<?xml version="1.0" encoding="UTF-8"?>
<!DOCTYPE html PUBLIC "-//W3C//DTD XHTML 1.0 Transitional//EN"
    "http://www.w3.org/TR/xhtml1/DTD/xhtml1-transitional.dtd">
<html xmlns="http://www.w3.org/1999/xhtml" xml:lang="en" lang="en">
 <head>
  <title>
</title>
<meta http-equiv="Content-Type" content="text/html;charset=utf-8" />
  <meta name='ocr-system' content='tesseract 3.04.00' />
  <meta name='ocr-capabilities' content='ocr_page ocr_carea ocr_par ocr_line ocrx_word'/>
</head>
<body>
  <div class='ocr_page' id='page_1' title='image "./operaeusebius04euseuoft_0215.png"; bbox 0 0 1986 3152; ppageno 0'>
   <div class='ocr_carea' id='block_1_1' title="bbox 551 85 1674 138">
    <p class='ocr_par' dir='ltr' id='par_1_1' title="bbox 551 85 1674 138">
     <span class='ocr_line' id='line_1_1' title="bbox 551 85 1674 138; baseline 0.011 -12"><span class='ocrx_word' id='word_1_1' title='bbox 551 86 705 129; x_wconf 83' lang='lat' dir='ltr'>HIST.</span> <span class='ocrx_word' id='word_1_2' title='bbox 727 85 975 128; x_wconf 79' lang='lat' dir='ltr'>ECCLES.</span> <span class='ocrx_word' id='word_1_3' title='bbox 999 88 1077 128; x_wconf 80' lang='lat' dir='ltr'><em>1v.</em></span> <span class='ocrx_word' id='word_1_4' title='bbox 1110 90 1177 131; x_wconf 84' lang='lat'><em>15.</em></span> <span class='ocrx_word' id='word_1_5' title='bbox 1575 86 1674 138; x_wconf 82' lang='lat'><em>155</em></span> 
     </span>
    </p>
   </div>
   <div class='ocr_carea' id='block_1_2' title="bbox 0 200 1674 2888">
    <p class='ocr_par' dir='ltr' id='par_1_2' title="bbox 0 200 1674 2888">
     <span class='ocr_line' id='line_1_2' title="bbox 61 200 1673 277; baseline 0 -17"><span class='ocrx_word' id='word_1_6' title='bbox 61 203 550 277; x_wconf 83' lang='grc' dir='ltr'><em>βοαῖςγενομένης</em></span> <span class='ocrx_word' id='word_1_7' title='bbox 580 204 818 275; x_wconf 79' lang='grc' dir='ltr'><strong><em>ταραχῆς</em></strong></span> <span class='ocrx_word' id='word_1_8' title='bbox 845 200 1043 275; x_wconf 90' lang='grc' dir='ltr'><em>Φρύγα</em></span> <span class='ocrx_word' id='word_1_9' title='bbox 1072 200 1198 259; x_wconf 79' lang='grc' dir='ltr'><em>τινα</em></span> <span class='ocrx_word' id='word_1_10' title='bbox 1220 200 1278 259; x_wconf 79' lang='grc' dir='ltr'><em>τὸ</em></span> <span class='ocrx_word' id='word_1_11' title='bbox 1303 204 1479 275; x_wconf 90' lang='grc' dir='ltr'><em>γένος,</em></span> <span class='ocrx_word' id='word_1_12' title='bbox 1508 201 1673 260; x_wconf 82' lang='grc' dir='ltr'><em>Κόϊν-</em></span> 
     </span>
     <span class='ocr_line' id='line_1_3' title="bbox 60 284 1674 359; baseline 0 -15"><span class='ocrx_word' id='word_1_13' title='bbox 60 311 158 344; x_wconf 90' lang='grc' dir='ltr'><em>τον</em></span> <span class='ocrx_word' id='word_1_14' title='bbox 173 284 434 358; x_wconf 77' lang='grc' dir='ltr'><em>τοῦνομα,</em></span> <span class='ocrx_word' id='word_1_15' title='bbox 453 288 651 343; x_wconf 87' lang='grc' dir='ltr'><em>νεωστὶ</em></span> <span class='ocrx_word' id='word_1_16' title='bbox 672 289 731 343; x_wconf 88' lang='grc' dir='ltr'><em>ἐκ</em></span> <span class='ocrx_word' id='word_1_17' title='bbox 754 290 849 359; x_wconf 86' lang='grc' dir='ltr'><em>τῆς</em></span> <span class='ocrx_word' id='word_1_18' title='bbox 870 292 1119 359; x_wconf 76' lang='grc' dir='ltr'><em>Φρυγίας</em></span> <span class='ocrx_word' id='word_1_19' title='bbox 1145 286 1460 358; x_wconf 80' lang='grc' dir='ltr'><em>ἐπιστάντα,</em></span> <span class='ocrx_word' id='word_1_20' title='bbox 1481 286 1674 345; x_wconf 83' lang='grc' dir='ltr'><em>ἰδόντα</em></span> 
     </span>
     <span class='ocr_line' id='line_1_4' title="bbox 59 370 1672 445; baseline 0 -17"><span class='ocrx_word' id='word_1_21' title='bbox 59 370 189 437; x_wconf 79' lang='grc' dir='ltr'><em>τοὺς</em></span> <span class='ocrx_word' id='word_1_22' title='bbox 219 374 399 445; x_wconf 86' lang='grc' dir='ltr'><em>θῆρας</em></span> <span class='ocrx_word' id='word_1_23' title='bbox 430 372 521 426; x_wconf 83' lang='grc' dir='ltr'><em>καὶ</em></span> <span class='ocrx_word' id='word_1_24' title='bbox 552 370 647 437; x_wconf 76' lang='grc' dir='ltr'><em>τὰς</em></span> <span class='ocrx_word' id='word_1_25' title='bbox 681 373 768 428; x_wconf 86' lang='grc' dir='ltr'><em>ἐπὶ</em></span> <span class='ocrx_word' id='word_1_26' title='bbox 807 371 1020 437; x_wconf 83' lang='grc' dir='ltr'><em>τούτοις</em></span> <span class='ocrx_word' id='word_1_27' title='bbox 1065 370 1292 437; x_wconf 79' lang='grc' dir='ltr'><em>ἀπειλὰς</em></span> <span class='ocrx_word' id='word_1_28' title='bbox 1335 375 1672 443; x_wconf 81' lang='grc' dir='ltr'><em>καταπτῆξαι</em></span> 
     </span>
     <span class='ocr_line' id='line_1_5' title="bbox 59 453 1673 529; baseline 0 -17"><span class='ocrx_word' id='word_1_29' title='bbox 59 453 166 527; x_wconf 85' lang='grc' dir='ltr'><em>τὴν</em></span> <span class='ocrx_word' id='word_1_30' title='bbox 194 453 381 528; x_wconf 75' lang='grc' dir='ltr'><em>ψυχὴν</em></span> <span class='ocrx_word' id='word_1_31' title='bbox 409 457 842 528; x_wconf 90' lang='grc' dir='ltr'><em>μαλακισθέντα,</em></span> <span class='ocrx_word' id='word_1_32' title='bbox 874 458 963 511; x_wconf 86' lang='grc' dir='ltr'><em>καὶ</em></span> <span class='ocrx_word' id='word_1_33' title='bbox 995 458 1147 521; x_wconf 85' lang='grc' dir='ltr'><em>τέλος</em></span> <span class='ocrx_word' id='word_1_34' title='bbox 1172 462 1265 529; x_wconf 84' lang='grc' dir='ltr'><em>τῆς</em></span> <span class='ocrx_word' id='word_1_35' title='bbox 1290 462 1563 528; x_wconf 78' lang='grc' dir='ltr'><em>σωτηρίας</em></span> <span class='ocrx_word' id='word_1_36' title='bbox 1589 460 1673 512; x_wconf 85' lang='grc' dir='ltr'><em>ἐν·</em></span> 
     </span>
     <span class='ocr_line' id='line_1_6' title="bbox 66 535 1673 613; baseline 0.001 -17"><span class='ocrx_word' id='word_1_37' title='bbox 66 542 277 597; x_wconf 82' lang='grc' dir='ltr'><em>δοῦναι.</em></span> <span class='ocrx_word' id='word_1_38' title='bbox 370 545 416 596; x_wconf 84' lang='grc'><em>8.</em></span> <span class='ocrx_word' id='word_1_39' title='bbox 463 537 664 611; x_wconf 83' lang='grc' dir='ltr'><em>ἐδήλου</em></span> <span class='ocrx_word' id='word_1_40' title='bbox 707 540 769 596; x_wconf 75' lang='grc' dir='ltr'><em>δὲ</em></span> <span class='ocrx_word' id='word_1_41' title='bbox 808 543 1006 596; x_wconf 86' lang='grc' dir='ltr'><em>τοῦτον</em></span> <span class='ocrx_word' id='word_1_42' title='bbox 1044 535 1072 596; x_wconf 89' lang='grc' dir='ltr'>ὁ</span> <span class='ocrx_word' id='word_1_43' title='bbox 1124 545 1222 610; x_wconf 87' lang='grc' dir='ltr'><em>τῆς</em></span> <span class='ocrx_word' id='word_1_44' title='bbox 1274 543 1673 613; x_wconf 77' lang='grc' dir='ltr'><em>προειρημένης</em></span> 
     </span>
     <span class='ocr_line' id='line_1_7' title="bbox 61 619 1673 697; baseline 0.001 -17"><span class='ocrx_word' id='word_1_45' title='bbox 61 626 280 697; x_wconf 83' lang='grc' dir='ltr'><em>γραφῆς</em></span> <span class='ocrx_word' id='word_1_46' title='bbox 305 622 462 696; x_wconf 91' lang='grc' dir='ltr'><em>λόγος</em></span> <span class='ocrx_word' id='word_1_47' title='bbox 493 625 948 697; x_wconf 82' lang='grc' dir='ltr'><em>προπετέστερον,</em></span> <span class='ocrx_word' id='word_1_48' title='bbox 981 619 1102 679; x_wconf 89' lang='grc' dir='ltr'><em>αλλ’</em></span> <span class='ocrx_word' id='word_1_49' title='bbox 1138 623 1203 680; x_wconf 83' lang='grc' dir='ltr'><em>οὐ</em></span> <span class='ocrx_word' id='word_1_50' title='bbox 1227 621 1349 680; x_wconf 87' lang='grc' dir='ltr'><em>κατ’</em></span> <span class='ocrx_word' id='word_1_51' title='bbox 1378 621 1673 696; x_wconf 81' lang='grc' dir='ltr'><em>εὐλάβειαν</em></span> 
     </span>
     <span class='ocr_line' id='line_1_8' title="bbox 63 706 1666 808; baseline -0.001 -43"><span class='ocrx_word' id='word_1_52' title='bbox 63 710 400 808; x_wconf 84' lang='grc' dir='ltr'><em>έπιπηδῆσαι</em></span> <span class='ocrx_word' id='word_1_53' title='bbox 439 711 514 782; x_wconf 80' lang='grc' dir='ltr'><em>τῷ</em></span> <span class='ocrx_word' id='word_1_54' title='bbox 558 711 891 782; x_wconf 79' lang='grc' dir='ltr'><em>δικαστηρίῳ</em></span> <span class='ocrx_word' id='word_1_55' title='bbox 933 707 1039 763; x_wconf 78' lang='grc' dir='ltr'><em>σὺν</em></span> <span class='ocrx_word' id='word_1_56' title='bbox 1079 710 1311 779; x_wconf 83' lang='grc' dir='ltr'><em>ἑτέροις,</em></span> <span class='ocrx_word' id='word_1_57' title='bbox 1363 707 1569 765; x_wconf 83' lang='grc' dir='ltr'><em>ἁλόντα</em></span> <span class='ocrx_word' id='word_1_58' title='bbox 1614 706 1666 764; x_wconf 89' lang='grc' dir='ltr'><em>δ’</em></span> 
     </span>
     <span class='ocr_line' id='line_1_9' title="bbox 57 786 1671 864; baseline -0.001 -14"><span class='ocrx_word' id='word_1_59' title='bbox 57 793 163 851; x_wconf 88' lang='grc' dir='ltr'><em>οὐν</em></span> <span class='ocrx_word' id='word_1_60' title='bbox 191 789 337 863; x_wconf 79' lang='grc' dir='ltr'><em>ὅιιως</em></span> <span class='ocrx_word' id='word_1_61' title='bbox 368 814 680 862; x_wconf 83' lang='grc' dir='ltr'><em>καταφανες</em></span> <span class='ocrx_word' id='word_1_62' title='bbox 710 786 1019 863; x_wconf 82' lang='grc' dir='ltr'><em>ὑπόδειγμα</em></span> <span class='ocrx_word' id='word_1_63' title='bbox 1049 806 1161 857; x_wconf 89' lang='grc' dir='ltr'><em>τοῖς</em></span> <span class='ocrx_word' id='word_1_64' title='bbox 1185 810 1319 847; x_wconf 89' lang='grc' dir='ltr'><em>πασι</em></span> <span class='ocrx_word' id='word_1_65' title='bbox 1344 805 1671 864; x_wconf 85' lang='grc' dir='ltr'><em>παρασχεῖν,</em></span> 
     </span>
     <span class='ocr_line' id='line_1_10' title="bbox 57 872 1670 949; baseline -0.001 -16"><span class='ocrx_word' id='word_1_66' title='bbox 57 873 143 934; x_wconf 80' lang='grc' dir='ltr'><em>ὅτι</em></span> <span class='ocrx_word' id='word_1_67' title='bbox 171 875 245 948; x_wconf 89' lang='grc' dir='ltr'><em>μὴ</em></span> <span class='ocrx_word' id='word_1_68' title='bbox 280 876 393 932; x_wconf 88' lang='grc' dir='ltr'><em>δέοι</em></span> <span class='ocrx_word' id='word_1_69' title='bbox 423 888 537 941; x_wconf 89' lang='grc' dir='ltr'><em>τοῖς</em></span> <span class='ocrx_word' id='word_1_70' title='bbox 567 873 837 941; x_wconf 82' lang='grc' dir='ltr'><em>τοιούτοις</em></span> <span class='ocrx_word' id='word_1_71' title='bbox 869 874 1282 949; x_wconf 84' lang='grc' dir='ltr'><em>ριψοκινδύνως</em></span> <span class='ocrx_word' id='word_1_72' title='bbox 1314 877 1406 932; x_wconf 87' lang='grc' dir='ltr'><em>καὶ</em></span> <span class='ocrx_word' id='word_1_73' title='bbox 1437 872 1670 932; x_wconf 87' lang='grc' dir='ltr'><em>ανευλα-</em></span> 
     </span>
     <span class='ocr_line' id='line_1_11' title="bbox 56 957 1671 1033; baseline -0.001 -16"><span class='ocrx_word' id='word_1_74' title='bbox 56 965 174 1033; x_wconf 58' lang='grc' dir='ltr'><em>Ὶβῶς</em></span> <span class='ocrx_word' id='word_1_75' title='bbox 207 962 516 1033; x_wconf 74' lang='grc' dir='ltr'><em>ἐπιτολμᾶν.</em></span> <span class='ocrx_word' id='word_1_76' title='bbox 581 957 720 1016; x_wconf 77' lang='grc' dir='ltr'><em>ἀλλὰ</em></span> <span class='ocrx_word' id='word_1_77' title='bbox 751 958 924 1033; x_wconf 80' lang='grc' dir='ltr'><em>ταύτῃ</em></span> <span class='ocrx_word' id='word_1_78' title='bbox 955 959 1060 1032; x_wconf 76' lang='grc' dir='ltr'><em>μὲν</em></span> <span class='ocrx_word' id='word_1_79' title='bbox 1092 960 1202 1032; x_wconf 79' lang='grc' dir='ltr'><em>εἶχε</em></span> <span class='ocrx_word' id='word_1_80' title='bbox 1234 962 1403 1032; x_wconf 82' lang='grc' dir='ltr'><em>πέρας</em></span> <span class='ocrx_word' id='word_1_81' title='bbox 1434 959 1501 1015; x_wconf 77' lang='grc' dir='ltr'><em>τὰ</em></span> <span class='ocrx_word' id='word_1_82' title='bbox 1535 963 1671 1016; x_wconf 82' lang='grc' dir='ltr'><em>κατὰ</em></span> 
     </span>
     <span class='ocr_line' id='line_1_12' title="bbox 55 1042 1674 1117; baseline 0.001 -16"><span class='ocrx_word' id='word_1_83' title='bbox 55 1043 301 1109; x_wconf 86' lang='grc' dir='ltr'><em>τούτους.</em></span> <span class='ocrx_word' id='word_1_84' title='bbox 357 1048 404 1100; x_wconf 87' lang='lat'><em>9.</em></span> <span class='ocrx_word' id='word_1_85' title='bbox 441 1042 537 1101; x_wconf 89' lang='grc' dir='ltr'><em>τόν</em></span> <span class='ocrx_word' id='word_1_86' title='bbox 566 1067 630 1115; x_wconf 89' lang='grc' dir='ltr'><em>γε</em></span> <span class='ocrx_word' id='word_1_87' title='bbox 658 1043 769 1117; x_wconf 86' lang='grc' dir='ltr'><em>μὴν</em></span> <span class='ocrx_word' id='word_1_88' title='bbox 799 1043 1267 1116; x_wconf 78' lang='grc' dir='ltr'><em>θαυμασιώτατον</em></span> <span class='ocrx_word' id='word_1_89' title='bbox 1297 1042 1674 1116; x_wconf 90' lang='grc' dir='ltr'><em>Πολύκαρπον</em></span> 
     </span>
     <span class='ocr_line' id='line_1_13' title="bbox 52 1125 1672 1201; baseline -0.003 -12"><span class='ocrx_word' id='word_1_90' title='bbox 52 1127 125 1189; x_wconf 73' lang='grc' dir='ltr'><em>τὰ</em></span> <span class='ocrx_word' id='word_1_91' title='bbox 164 1128 266 1201; x_wconf 74' lang='grc' dir='ltr'><em>μὲν</em></span> <span class='ocrx_word' id='word_1_92' title='bbox 305 1131 496 1200; x_wconf 69' lang='grc' dir='ltr'><em>πρῶτα</em></span> <span class='ocrx_word' id='word_1_93' title='bbox 534 1127 747 1186; x_wconf 90' lang='grc' dir='ltr'><em>τούτων</em></span> <span class='ocrx_word' id='word_1_94' title='bbox 787 1126 1101 1186; x_wconf 78' lang='grc' dir='ltr'><em>ἀκούσαντα</em></span> <span class='ocrx_word' id='word_1_95' title='bbox 1141 1125 1418 1201; x_wconf 75' lang='grc' dir='ltr'><em>ἀτάραχον</em></span> <span class='ocrx_word' id='word_1_96' title='bbox 1463 1133 1672 1201; x_wconf 86' lang='grc' dir='ltr'><em>διαμεῖ·</em></span> 
     </span>
     <span class='ocr_line' id='line_1_14' title="bbox 56 1204 1672 1286; baseline -0.001 -16"><span class='ocrx_word' id='word_1_97' title='bbox 56 1236 172 1286; x_wconf 84' lang='grc' dir='ltr'><em>ναι,</em></span> <span class='ocrx_word' id='word_1_98' title='bbox 205 1210 475 1278; x_wconf 74' lang='grc' dir='ltr'><em>εὐσταθὲς</em></span> <span class='ocrx_word' id='word_1_99' title='bbox 505 1211 566 1269; x_wconf 87' lang='grc' dir='ltr'><em>τὸ</em></span> <span class='ocrx_word' id='word_1_100' title='bbox 598 1204 737 1284; x_wconf 78' lang='grc' dir='ltr'><em>ἦθος</em></span> <span class='ocrx_word' id='word_1_101' title='bbox 769 1215 861 1270; x_wconf 85' lang='grc' dir='ltr'><em>καὶ</em></span> <span class='ocrx_word' id='word_1_102' title='bbox 884 1211 1146 1285; x_wconf 76' lang='grc' dir='ltr'><em>ἀκίνητον</em></span> <span class='ocrx_word' id='word_1_103' title='bbox 1171 1213 1510 1284; x_wconf 78' lang='grc' dir='ltr'><em>φυλάξαντα,</em></span> <span class='ocrx_word' id='word_1_104' title='bbox 1544 1212 1672 1284; x_wconf 92' lang='grc' dir='ltr'><em>βού-</em></span> 
     </span>
     <span class='ocr_line' id='line_1_15' title="bbox 59 1293 1671 1371; baseline -0.001 -16"><span class='ocrx_word' id='word_1_105' title='bbox 59 1303 268 1355; x_wconf 85' lang='grc' dir='ltr'><em>λεσθαί</em></span> <span class='ocrx_word' id='word_1_106' title='bbox 302 1320 361 1353; x_wconf 88' lang='grc' dir='ltr'><em>τε</em></span> <span class='ocrx_word' id='word_1_107' title='bbox 402 1293 572 1354; x_wconf 80' lang='grc' dir='ltr'><em>αὐτοῦ</em></span> <span class='ocrx_word' id='word_1_108' title='bbox 612 1296 748 1353; x_wconf 81' lang='grc' dir='ltr'><em>κατὰ</em></span> <span class='ocrx_word' id='word_1_109' title='bbox 787 1295 890 1369; x_wconf 79' lang='grc' dir='ltr'><em>τὴν</em></span> <span class='ocrx_word' id='word_1_110' title='bbox 941 1296 1105 1354; x_wconf 88' lang='grc' dir='ltr'><em>πόλιν</em></span> <span class='ocrx_word' id='word_1_111' title='bbox 1155 1299 1496 1371; x_wconf 86' lang='grc' dir='ltr'><em>περιμένειν·</em></span> <span class='ocrx_word' id='word_1_112' title='bbox 1551 1319 1671 1353; x_wconf 92' lang='grc' dir='ltr'><em>πει-</em></span> 
     </span>
     <span class='ocr_line' id='line_1_16' title="bbox 58 1377 1671 1454; baseline 0 -16"><span class='ocrx_word' id='word_1_113' title='bbox 58 1383 271 1439; x_wconf 81' lang='grc' dir='ltr'><em>σθέντα</em></span> <span class='ocrx_word' id='word_1_114' title='bbox 301 1405 364 1452; x_wconf 86' lang='grc' dir='ltr'><em>γε</em></span> <span class='ocrx_word' id='word_1_115' title='bbox 394 1383 505 1454; x_wconf 89' lang='grc' dir='ltr'><em>μὴν</em></span> <span class='ocrx_word' id='word_1_116' title='bbox 534 1377 891 1452; x_wconf 79' lang='grc' dir='ltr'><em>ἄντιβολοῦσι</em></span> <span class='ocrx_word' id='word_1_117' title='bbox 922 1395 1035 1447; x_wconf 84' lang='grc' dir='ltr'><em>τοῖς</em></span> <span class='ocrx_word' id='word_1_118' title='bbox 1066 1378 1210 1454; x_wconf 78' lang='grc' dir='ltr'><em>ἄμφ’</em></span> <span class='ocrx_word' id='word_1_119' title='bbox 1245 1380 1439 1452; x_wconf 82' lang='grc' dir='ltr'><em>αὐτὸν,</em></span> <span class='ocrx_word' id='word_1_120' title='bbox 1472 1383 1563 1437; x_wconf 85' lang='grc' dir='ltr'><em>καὶ</em></span> <span class='ocrx_word' id='word_1_121' title='bbox 1599 1380 1671 1447; x_wconf 80' lang='grc' dir='ltr'><em>ὡς</em></span> 
     </span>
     <span class='ocr_line' id='line_1_17' title="bbox 57 1461 1672 1540; baseline 0 -18"><span class='ocrx_word' id='word_1_122' title='bbox 57 1461 134 1522; x_wconf 74' lang='grc' dir='ltr'><em>ἂν</em></span> <span class='ocrx_word' id='word_1_123' title='bbox 161 1461 455 1532; x_wconf 77' lang='grc' dir='ltr'><em>ὑπεξέλθοι</em></span> <span class='ocrx_word' id='word_1_124' title='bbox 488 1468 899 1538; x_wconf 80' lang='grc' dir='ltr'><em>παρακαλοῦσι,</em></span> <span class='ocrx_word' id='word_1_125' title='bbox 941 1473 1243 1539; x_wconf 79' lang='grc' dir='ltr'><em>προελθεῖν</em></span> <span class='ocrx_word' id='word_1_126' title='bbox 1276 1472 1352 1531; x_wconf 84' lang='grc' dir='ltr'><em>εἰς</em></span> <span class='ocrx_word' id='word_1_127' title='bbox 1383 1464 1449 1523; x_wconf 83' lang='grc' dir='ltr'><em>οὐ</em></span> <span class='ocrx_word' id='word_1_128' title='bbox 1481 1464 1672 1540; x_wconf 89' lang='grc' dir='ltr'><em>πόρρω</em></span> 
     </span>
     <span class='ocr_line' id='line_1_18' title="bbox 59 1547 1674 1624; baseline 0.001 -19"><span class='ocrx_word' id='word_1_129' title='bbox 59 1552 329 1606; x_wconf 85' lang='grc' dir='ltr'><em>διεστωτα</em></span> <span class='ocrx_word' id='word_1_130' title='bbox 359 1555 455 1622; x_wconf 77' lang='grc' dir='ltr'><em>τῆς</em></span> <span class='ocrx_word' id='word_1_131' title='bbox 487 1550 698 1615; x_wconf 87' lang='grc' dir='ltr'><em>πόλεως</em></span> <span class='ocrx_word' id='word_1_132' title='bbox 729 1547 936 1624; x_wconf 84' lang='grc' dir='ltr'><em>αγρὸν,</em></span> <span class='ocrx_word' id='word_1_133' title='bbox 982 1556 1291 1623; x_wconf 88' lang='grc' dir='ltr'><em>διατρίβειν</em></span> <span class='ocrx_word' id='word_1_134' title='bbox 1329 1574 1387 1606; x_wconf 89' lang='grc' dir='ltr'><em>τε</em></span> <span class='ocrx_word' id='word_1_135' title='bbox 1419 1568 1524 1606; x_wconf 94' lang='grc' dir='ltr'><em>συν</em></span> <span class='ocrx_word' id='word_1_136' title='bbox 1555 1549 1674 1606; x_wconf 87' lang='grc' dir='ltr'><em>ὀλι-</em></span> 
     </span>
     <span class='ocr_line' id='line_1_19' title="bbox 58 1631 1674 1708; baseline 0.001 -18"><span class='ocrx_word' id='word_1_137' title='bbox 58 1657 177 1705; x_wconf 82' lang='grc' dir='ltr'><em>γοις</em></span> <span class='ocrx_word' id='word_1_138' title='bbox 210 1636 484 1705; x_wconf 83' lang='grc' dir='ltr'><em>ἐνταῦθα,</em></span> <span class='ocrx_word' id='word_1_139' title='bbox 529 1632 749 1707; x_wconf 85' lang='grc' dir='ltr'><em>νύκτωρ</em></span> <span class='ocrx_word' id='word_1_140' title='bbox 792 1636 884 1691; x_wconf 86' lang='grc' dir='ltr'><em>καὶ</em></span> <span class='ocrx_word' id='word_1_141' title='bbox 915 1631 1048 1707; x_wconf 83' lang='grc' dir='ltr'><em>μεθ’</em></span> <span class='ocrx_word' id='word_1_142' title='bbox 1082 1634 1293 1708; x_wconf 83' lang='grc' dir='ltr'><em>ἡμέραν</em></span> <span class='ocrx_word' id='word_1_143' title='bbox 1323 1631 1454 1690; x_wconf 73' lang='grc' dir='ltr'><em>οὔτε</em></span> <span class='ocrx_word' id='word_1_144' title='bbox 1484 1637 1674 1707; x_wconf 87' lang='grc' dir='ltr'><em>ε’τερον</em></span> 
     </span>
     <span class='ocr_line' id='line_1_20' title="bbox 53 1716 1672 1820; baseline 0.001 -46"><span class='ocrx_word' id='word_1_145' title='bbox 53 1740 372 1818; x_wconf 81' lang='grc' dir='ltr'><em>-πραττοντα</em></span> <span class='ocrx_word' id='word_1_146' title='bbox 412 1743 445 1790; x_wconf 88' lang='grc' dir='ltr'><em>η</em></span> <span class='ocrx_word' id='word_1_147' title='bbox 484 1733 603 1785; x_wconf 89' lang='grc' dir='ltr'><em>ταῖς</em></span> <span class='ocrx_word' id='word_1_148' title='bbox 643 1716 781 1792; x_wconf 81' lang='grc' dir='ltr'><em>πρὸς</em></span> <span class='ocrx_word' id='word_1_149' title='bbox 822 1716 920 1775; x_wconf 87' lang='grc' dir='ltr'><em>τὸν</em></span> <span class='ocrx_word' id='word_1_150' title='bbox 961 1718 1156 1791; x_wconf 88' lang='grc' dir='ltr'><em>κύριον</em></span> <span class='ocrx_word' id='word_1_151' title='bbox 1203 1721 1672 1820; x_wconf 84' lang='grc' dir='ltr'><em>διακαρτερουντα</em></span> 
     </span>
     <span class='ocr_line' id='line_1_21' title="bbox 56 1797 1674 1902; baseline -0.001 -41.993"><span class='ocrx_word' id='word_1_152' title='bbox 56 1797 280 1902; x_wconf 76' lang='grc' dir='ltr'><em>εὐχαῖς,</em></span> <span class='ocrx_word' id='word_1_153' title='bbox 325 1801 400 1859; x_wconf 84' lang='grc' dir='ltr'><em>δι’</em></span> <span class='ocrx_word' id='word_1_154' title='bbox 436 1827 515 1860; x_wconf 94' lang='grc' dir='ltr'><em>ων</em></span> <span class='ocrx_word' id='word_1_155' title='bbox 546 1808 771 1860; x_wconf 90' lang='grc' dir='ltr'><em>δεῖσθαι</em></span> <span class='ocrx_word' id='word_1_156' title='bbox 801 1805 894 1859; x_wconf 85' lang='grc' dir='ltr'><em>καὶ</em></span> <span class='ocrx_word' id='word_1_157' title='bbox 928 1802 1225 1875; x_wconf 87' lang='grc' dir='ltr'><em>ικετεύειν,</em></span> <span class='ocrx_word' id='word_1_158' title='bbox 1268 1801 1496 1876; x_wconf 88' lang='grc' dir='ltr'><em>ειρήνην</em></span> <span class='ocrx_word' id='word_1_159' title='bbox 1529 1805 1674 1870; x_wconf 80' lang='grc' dir='ltr'><em>ἐξαι-</em></span> 
     </span>
     <span class='ocr_line' id='line_1_22' title="bbox 60 1885 1669 1987; baseline -0.001 -44"><span class='ocrx_word' id='word_1_160' title='bbox 60 1885 333 1987; x_wconf 86' lang='grc' dir='ltr'><em>τούμενον</em></span> <span class='ocrx_word' id='word_1_161' title='bbox 360 1901 481 1952; x_wconf 87' lang='grc' dir='ltr'><em>ταῖς</em></span> <span class='ocrx_word' id='word_1_162' title='bbox 511 1885 619 1944; x_wconf 80' lang='grc' dir='ltr'><em>ἀνα</em></span> <span class='ocrx_word' id='word_1_163' title='bbox 642 1890 826 1944; x_wconf 80' lang='grc' dir='ltr'><em>πᾶσαν</em></span> <span class='ocrx_word' id='word_1_164' title='bbox 850 1887 951 1961; x_wconf 80' lang='grc' dir='ltr'><em>τὴν</em></span> <span class='ocrx_word' id='word_1_165' title='bbox 973 1891 1308 1960; x_wconf 81' lang='grc' dir='ltr'><em>οἰκουμένην</em></span> <span class='ocrx_word' id='word_1_166' title='bbox 1334 1891 1669 1958; x_wconf 86' lang='grc' dir='ltr'><em>ἐκκλησίαις·</em></span> 
     </span>
     <span class='ocr_line' id='line_1_23' title="bbox 51 1970 1670 2047; baseline 0.001 -20"><span class='ocrx_word' id='word_1_167' title='bbox 51 1976 222 2028; x_wconf 81' lang='grc' dir='ltr'><em>τοῦτο</em></span> <span class='ocrx_word' id='word_1_168' title='bbox 263 1995 367 2044; x_wconf 92' lang='grc' dir='ltr'><em>γαρ</em></span> <span class='ocrx_word' id='word_1_169' title='bbox 408 1973 500 2028; x_wconf 88' lang='grc' dir='ltr'><em>καὶ</em></span> <span class='ocrx_word' id='word_1_170' title='bbox 542 1972 686 2029; x_wconf 81' lang='grc' dir='ltr'><em>εἶναι</em></span> <span class='ocrx_word' id='word_1_171' title='bbox 727 1975 786 2029; x_wconf 85' lang='grc' dir='ltr'><em>ἐκ</em></span> <span class='ocrx_word' id='word_1_172' title='bbox 824 1975 924 2028; x_wconf 86' lang='grc' dir='ltr'><em>τοῦ</em></span> <span class='ocrx_word' id='word_1_173' title='bbox 962 1972 1164 2039; x_wconf 87' lang='grc' dir='ltr'><em>παντὸς</em></span> <span class='ocrx_word' id='word_1_174' title='bbox 1208 1970 1356 2047; x_wconf 80' lang='grc' dir='ltr'><em>αὐτῷ</em></span> <span class='ocrx_word' id='word_1_175' title='bbox 1410 1970 1670 2043; x_wconf 88' lang='grc' dir='ltr'><em>σύνηθες.</em></span> 
     </span>
     <span class='ocr_line' id='line_1_24' title="bbox 65 2051 1671 2131; baseline -0.001 -21"><span class='ocrx_word' id='word_1_176' title='bbox 65 2058 144 2113; x_wconf 90' lang='grc'><em>10.</em></span> <span class='ocrx_word' id='word_1_177' title='bbox 169 2057 262 2112; x_wconf 84' lang='grc' dir='ltr'><em>καὶ</em></span> <span class='ocrx_word' id='word_1_178' title='bbox 295 2055 363 2129; x_wconf 86' lang='grc' dir='ltr'><em>δὴ</em></span> <span class='ocrx_word' id='word_1_179' title='bbox 389 2052 688 2129; x_wconf 77' lang='grc' dir='ltr'><em>εὐχόμενον</em></span> <span class='ocrx_word' id='word_1_180' title='bbox 713 2059 773 2113; x_wconf 88' lang='grc' dir='ltr'><em>ἐν</em></span> <span class='ocrx_word' id='word_1_181' title='bbox 795 2053 1033 2114; x_wconf 84' lang='grc' dir='ltr'><em>ὀπτασία</em></span> <span class='ocrx_word' id='word_1_182' title='bbox 1055 2080 1227 2131; x_wconf 91' lang='grc' dir='ltr'><em>τριων</em></span> <span class='ocrx_word' id='word_1_183' title='bbox 1249 2054 1519 2129; x_wconf 90' lang='grc' dir='ltr'><em>πρότερον</em></span> <span class='ocrx_word' id='word_1_184' title='bbox 1544 2051 1671 2127; x_wconf 85' lang='grc' dir='ltr'><em>ἡμε-</em></span> 
     </span>
     <span class='ocr_line' id='line_1_25' title="bbox 59 2116 1672 2215; baseline 0 -20"><span class='ocrx_word' id='word_1_185' title='bbox 59 2143 180 2211; x_wconf 76' lang='grc' dir='ltr'><em>ρῶν</em></span> <span class='ocrx_word' id='word_1_186' title='bbox 215 2143 311 2213; x_wconf 86' lang='grc' dir='ltr'><em>τῆς</em></span> <span class='ocrx_word' id='word_1_187' title='bbox 354 2138 679 2212; x_wconf 82' lang='grc' dir='ltr'><em>συλλήψεως</em></span> <span class='ocrx_word' id='word_1_188' title='bbox 719 2139 938 2215; x_wconf 90' lang='grc' dir='ltr'><em>νύκτωρ</em></span> <span class='ocrx_word' id='word_1_189' title='bbox 980 2116 1126 2199; x_wconf 78' lang='grc' dir='ltr'><em>ἰδεῖν</em></span> <span class='ocrx_word' id='word_1_190' title='bbox 1165 2141 1225 2198; x_wconf 84' lang='grc' dir='ltr'><em>τὸ</em></span> <span class='ocrx_word' id='word_1_191' title='bbox 1266 2136 1375 2197; x_wconf 77' lang='grc' dir='ltr'><em>ὑπὸ</em></span> <span class='ocrx_word' id='word_1_192' title='bbox 1428 2143 1672 2213; x_wconf 82' lang='grc' dir='ltr'><em>κεφαλῆς</em></span> 
     </span>
     <span class='ocr_line' id='line_1_26' title="bbox 61 2221 1663 2301; baseline 0 -21"><span class='ocrx_word' id='word_1_193' title='bbox 61 2221 212 2301; x_wconf 75' lang='grc' dir='ltr'><em>αὐτῷ</em></span> <span class='ocrx_word' id='word_1_194' title='bbox 243 2227 466 2298; x_wconf 78' lang='grc' dir='ltr'><em>στρῶμα</em></span> <span class='ocrx_word' id='word_1_195' title='bbox 495 2221 718 2297; x_wconf 74' lang='grc' dir='ltr'><em>ἀθρόως</em></span> <span class='ocrx_word' id='word_1_196' title='bbox 748 2222 923 2292; x_wconf 81' lang='grc' dir='ltr'><em>οὕτως</em></span> <span class='ocrx_word' id='word_1_197' title='bbox 952 2224 1061 2283; x_wconf 83' lang='grc' dir='ltr'><em>ὑπὸ</em></span> <span class='ocrx_word' id='word_1_198' title='bbox 1093 2224 1266 2299; x_wconf 88' lang='grc' dir='ltr'><em>πυρὸς</em></span> <span class='ocrx_word' id='word_1_199' title='bbox 1297 2225 1544 2298; x_wconf 75' lang='grc' dir='ltr'><em>φλεχθὲν</em></span> <span class='ocrx_word' id='word_1_200' title='bbox 1579 2229 1663 2280; x_wconf 77' lang='grc' dir='ltr'><em>δε-</em></span> 
     </span>
     <span class='ocr_line' id='line_1_27' title="bbox 66 2306 1672 2385; baseline 0.001 -21"><span class='ocrx_word' id='word_1_201' title='bbox 66 2310 444 2381; x_wconf 81' lang='grc' dir='ltr'><em>ὃαπανῆσθαι,</em></span> <span class='ocrx_word' id='word_1_202' title='bbox 476 2314 716 2382; x_wconf 74' lang='grc' dir='ltr'><em>ἔξυπνον</em></span> <span class='ocrx_word' id='word_1_203' title='bbox 749 2310 811 2366; x_wconf 76' lang='grc' dir='ltr'><em>δὲ</em></span> <span class='ocrx_word' id='word_1_204' title='bbox 844 2312 932 2367; x_wconf 88' lang='grc' dir='ltr'><em>ἐπὶ</em></span> <span class='ocrx_word' id='word_1_205' title='bbox 961 2310 1138 2385; x_wconf 78' lang='grc' dir='ltr'><em>τούτῳ</em></span> <span class='ocrx_word' id='word_1_206' title='bbox 1170 2307 1473 2383; x_wconf 90' lang='grc' dir='ltr'><em>γενόμενον</em></span> <span class='ocrx_word' id='word_1_207' title='bbox 1497 2306 1672 2374; x_wconf 75' lang='grc' dir='ltr'><em>εὐθὺς</em></span> 
     </span>
     <span class='ocr_line' id='line_1_28' title="bbox 61 2386 1672 2467; baseline -0.001 -17"><span class='ocrx_word' id='word_1_208' title='bbox 61 2386 479 2466; x_wconf 71' lang='grc' dir='ltr'><em>ὑφερμηνεῦσαι</em></span> <span class='ocrx_word' id='word_1_209' title='bbox 508 2407 623 2461; x_wconf 88' lang='grc' dir='ltr'><em>τοῖς</em></span> <span class='ocrx_word' id='word_1_210' title='bbox 653 2400 892 2466; x_wconf 82' lang='grc' dir='ltr'><em>παροῦσι</em></span> <span class='ocrx_word' id='word_1_211' title='bbox 933 2394 994 2452; x_wconf 89' lang='grc' dir='ltr'><em>τὸ</em></span> <span class='ocrx_word' id='word_1_212' title='bbox 1034 2395 1242 2467; x_wconf 76' lang='grc' dir='ltr'><em>φανὲν,</em></span> <span class='ocrx_word' id='word_1_213' title='bbox 1284 2395 1581 2467; x_wconf 88' lang='grc' dir='ltr'><em>μονονουχὶ</em></span> <span class='ocrx_word' id='word_1_214' title='bbox 1612 2390 1672 2449; x_wconf 85' lang='grc' dir='ltr'><em>τὸ</em></span> 
     </span>
     <span class='ocr_line' id='line_1_29' title="bbox 60 2475 1668 2551; baseline 0 -18"><span class='ocrx_word' id='word_1_215' title='bbox 60 2479 264 2550; x_wconf 76' lang='grc' dir='ltr'><em>μέλλον</em></span> <span class='ocrx_word' id='word_1_216' title='bbox 286 2484 761 2550; x_wconf 87' lang='grc' dir='ltr'><em>προθεσπίσαντα,</em></span> <span class='ocrx_word' id='word_1_217' title='bbox 787 2482 976 2551; x_wconf 73' lang='grc' dir='ltr'><em>σαφῶς</em></span> <span class='ocrx_word' id='word_1_218' title='bbox 992 2502 1055 2540; x_wconf 76' lang='grc' dir='ltr'><em>τε</em></span> <span class='ocrx_word' id='word_1_219' title='bbox 1072 2477 1371 2535; x_wconf 76' lang='grc' dir='ltr'><em>ἀνειπόντα</em></span> <span class='ocrx_word' id='word_1_220' title='bbox 1391 2490 1506 2543; x_wconf 86' lang='grc' dir='ltr'><em>τοῖς</em></span> <span class='ocrx_word' id='word_1_221' title='bbox 1529 2475 1668 2550; x_wconf 78' lang='grc' dir='ltr'><em>ἀμφ’</em></span> 
     </span>
     <span class='ocr_line' id='line_1_30' title="bbox 63 2555 1673 2637; baseline 0.001 -22"><span class='ocrx_word' id='word_1_222' title='bbox 63 2555 237 2617; x_wconf 74' lang='grc' dir='ltr'><em>αὐτὸν</em></span> <span class='ocrx_word' id='word_1_223' title='bbox 265 2559 350 2618; x_wconf 77' lang='grc' dir='ltr'><em>ὅτι</em></span> <span class='ocrx_word' id='word_1_224' title='bbox 381 2563 496 2619; x_wconf 88' lang='grc' dir='ltr'><em>δέοι</em></span> <span class='ocrx_word' id='word_1_225' title='bbox 525 2558 697 2619; x_wconf 79' lang='grc' dir='ltr'><em>αὐτὸν</em></span> <span class='ocrx_word' id='word_1_226' title='bbox 730 2562 820 2619; x_wconf 75' lang='grc' dir='ltr'><em>διὰ</em></span> <span class='ocrx_word' id='word_1_227' title='bbox 843 2561 1086 2637; x_wconf 82' lang='grc' dir='ltr'><em>Χριστὸν</em></span> <span class='ocrx_word' id='word_1_228' title='bbox 1117 2565 1254 2636; x_wconf 85' lang='grc' dir='ltr'><em>πυρὶ</em></span> <span class='ocrx_word' id='word_1_229' title='bbox 1287 2562 1389 2636; x_wconf 85' lang='grc' dir='ltr'><em>τὴν</em></span> <span class='ocrx_word' id='word_1_230' title='bbox 1419 2561 1559 2634; x_wconf 85' lang='grc' dir='ltr'><em>ζωὴν</em></span> <span class='ocrx_word' id='word_1_231' title='bbox 1581 2583 1673 2634; x_wconf 87' lang='grc' dir='ltr'><em>με·</em></span> 
     </span>
     <span class='ocr_line' id='line_1_31' title="bbox 64 2638 1674 2719; baseline 0.001 -21"><span class='ocrx_word' id='word_1_232' title='bbox 64 2643 334 2712; x_wconf 78' lang='grc' dir='ltr'><em>ταλλάξαι.</em></span> <span class='ocrx_word' id='word_1_233' title='bbox 395 2650 472 2702; x_wconf 83' lang='lat' dir='ltr'><em>ll.</em></span> <span class='ocrx_word' id='word_1_234' title='bbox 509 2648 870 2719; x_wconf 86' lang='grc' dir='ltr'><em>ἐπικειμένων</em></span> <span class='ocrx_word' id='word_1_235' title='bbox 903 2645 971 2719; x_wconf 84' lang='grc' dir='ltr'><em>δὴ</em></span> <span class='ocrx_word' id='word_1_236' title='bbox 1002 2638 1104 2704; x_wconf 79' lang='grc' dir='ltr'><em>οὖν</em></span> <span class='ocrx_word' id='word_1_237' title='bbox 1135 2645 1243 2704; x_wconf 74' lang='grc' dir='ltr'><em>σύν</em></span> <span class='ocrx_word' id='word_1_238' title='bbox 1272 2645 1422 2719; x_wconf 76' lang='grc' dir='ltr'><em>πάσῃ</em></span> <span class='ocrx_word' id='word_1_239' title='bbox 1454 2648 1674 2717; x_wconf 80' lang='grc' dir='ltr'><em>σπουδῇ</em></span> 
     </span>
     <span class='ocr_line' id='line_1_32' title="bbox 0 2724 1671 2806; baseline 0.001 -24"><span class='ocrx_word' id='word_1_240' title='bbox 0 2770 1 2783; x_wconf 34' lang='lat'>³</span> <span class='ocrx_word' id='word_1_241' title='bbox 64 2730 179 2784; x_wconf 76' lang='grc' dir='ltr'><em>τῶν</em></span> <span class='ocrx_word' id='word_1_242' title='bbox 216 2725 634 2802; x_wconf 76' lang='grc' dir='ltr'><em>ἀναζητούντων</em></span> <span class='ocrx_word' id='word_1_243' title='bbox 673 2726 844 2788; x_wconf 78' lang='grc' dir='ltr'><em>αὐτὸν</em></span> <span class='ocrx_word' id='word_1_244' title='bbox 874 2724 1040 2797; x_wconf 84' lang='grc' dir='ltr'><em>αὖθις</em></span> <span class='ocrx_word' id='word_1_245' title='bbox 1079 2729 1216 2806; x_wconf 82' lang='grc' dir='ltr'><em>πρὸς</em></span> <span class='ocrx_word' id='word_1_246' title='bbox 1245 2734 1341 2802; x_wconf 86' lang='grc' dir='ltr'><em>τῆς</em></span> <span class='ocrx_word' id='word_1_247' title='bbox 1370 2732 1482 2786; x_wconf 75' lang='grc' dir='ltr'><em>τῶν</em></span> <span class='ocrx_word' id='word_1_248' title='bbox 1511 2727 1671 2785; x_wconf 80' lang='grc' dir='ltr'><em>ἀδελ-</em></span> 
     </span>
     <span class='ocr_line' id='line_1_33' title="bbox 55 2813 1670 2888; baseline 0 -20"><span class='ocrx_word' id='word_1_249' title='bbox 55 2813 192 2882; x_wconf 76' lang='grc' dir='ltr'><em>·φῶν</em></span> <span class='ocrx_word' id='word_1_250' title='bbox 223 2815 527 2879; x_wconf 86' lang='grc' dir='ltr'><em>διαθέσεως</em></span> <span class='ocrx_word' id='word_1_251' title='bbox 559 2815 648 2870; x_wconf 86' lang='grc' dir='ltr'><em>καὶ</em></span> <span class='ocrx_word' id='word_1_252' title='bbox 691 2821 925 2888; x_wconf 87' lang='grc' dir='ltr'><em>στοργῆς</em></span> <span class='ocrx_word' id='word_1_253' title='bbox 968 2816 1398 2888; x_wconf 84' lang='grc' dir='ltr'><em>ἐκβεβιασμένον</em></span> <span class='ocrx_word' id='word_1_254' title='bbox 1436 2814 1670 2885; x_wconf 83' lang='grc' dir='ltr'><em>μεταβῆ-</em></span> 
     </span>
    </p>
   </div>
   <div class='ocr_carea' id='block_1_3' title="bbox 1696 556 1717 588">
    <p class='ocr_par' dir='ltr' id='par_1_3' title="bbox 1696 556 1717 588">
     <span class='ocr_line' id='line_1_34' title="bbox 1696 556 1717 588; baseline 0 0"><span class='ocrx_word' id='word_1_255' title='bbox 1696 556 1717 588; x_wconf 85' lang='grc'>5</span> 
     </span>
    </p>
   </div>
   <div class='ocr_carea' id='block_1_4' title="bbox 1697 977 1735 1007">
    <p class='ocr_par' dir='ltr' id='par_1_4' title="bbox 1697 977 1735 1007">
     <span class='ocr_line' id='line_1_35' title="bbox 1697 977 1735 1007; baseline 0.026 -1"><span class='ocrx_word' id='word_1_256' title='bbox 1697 977 1735 1007; x_wconf 84' lang='lat'><em>10</em></span> 
     </span>
    </p>
   </div>
   <div class='ocr_carea' id='block_1_5' title="bbox 1697 1396 1736 1429">
    <p class='ocr_par' dir='ltr' id='par_1_5' title="bbox 1697 1396 1736 1429">
     <span class='ocr_line' id='line_1_36' title="bbox 1697 1396 1736 1429; baseline 0.051 -2"><span class='ocrx_word' id='word_1_257' title='bbox 1697 1396 1736 1429; x_wconf 74' lang='lat'><em>15</em></span> 
     </span>
    </p>
   </div>
   <div class='ocr_carea' id='block_1_6' title="bbox 1695 1818 1737 1850">
    <p class='ocr_par' dir='ltr' id='par_1_6' title="bbox 1695 1818 1737 1850">
     <span class='ocr_line' id='line_1_37' title="bbox 1695 1818 1737 1850; baseline 0.024 -1"><span class='ocrx_word' id='word_1_258' title='bbox 1695 1818 1737 1850; x_wconf 79' lang='lat'><em>20</em></span> 
     </span>
    </p>
   </div>
   <div class='ocr_carea' id='block_1_7' title="bbox 1695 2238 1737 2269">
    <p class='ocr_par' dir='ltr' id='par_1_7' title="bbox 1695 2238 1737 2269">
     <span class='ocr_line' id='line_1_38' title="bbox 1695 2238 1737 2269; baseline 0 0"><span class='ocrx_word' id='word_1_259' title='bbox 1695 2238 1737 2269; x_wconf 83' lang='lat'><em>25</em></span> 
     </span>
    </p>
   </div>
   <div class='ocr_carea' id='block_1_8' title="bbox 1697 2658 1758 2696">
    <p class='ocr_par' dir='ltr' id='par_1_8' title="bbox 1697 2658 1758 2696">
     <span class='ocr_line' id='line_1_39' title="bbox 1697 2658 1758 2696; baseline 0 0"><span class='ocrx_word' id='word_1_260' title='bbox 1697 2658 1736 2689; x_wconf 86' lang='lat'><em>30</em></span> <span class='ocrx_word' id='word_1_261' title='bbox 1753 2692 1758 2696; x_wconf 94' lang='lat'><em>.</em></span> 
     </span>
    </p>
   </div>
  </div>
 </body>
</html>
