1986 3152
563 103 718 145 HIST.
740 102 988 144 ECCLES.
1011 104 1090 145 VI.
1119 105 1181 145 19.
1213 104 1280 142 ⁶20.
1623 101 1727 152 265

122 221 223 295 τὴν
250 218 529 292 Ἀραβίαν.
596 218 699 276 οὐκ
731 226 808 285 εἰς
839 219 1051 293 μακρὸν
1083 219 1144 275 δὲ
1168 217 1233 274 τὰ
1256 223 1351 291 τῆς
1381 217 1618 291 ἀφίξεως
1652 225 1728 285 εἰς

122 308 288 376 πέρας
333 300 562 376 ἀγαγών
593 297 759 369 αὖθις
792 306 879 360 ἐπὶ
909 304 1010 375 τὴν
1033 301 1452 374 Ἀλεξάνδρειαν
1484 301 1726 376 ἐπανῄει.

125 396 203 447 16.
238 387 441 462 χρόνου
474 388 535 445 δὲ
565 386 766 462 μεταξὺ
794 390 1208 460 διαγενομένου,
1241 384 1307 444 οὗ
1336 391 1571 460 σμικροῦ
1594 385 1728 443 κατὰ

120 473 220 547 τὴν
250 471 414 530 πόλιν
444 471 946 546 ἆναρριπισθέντος
979 475 1239 544 πολέμου,
1278 470 1605 539 ὑπεξελθών
1635 475 1730 543 τῆς

113 557 558 631 Ἀλεξανδρείας,
598 560 690 613 καὶ
731 557 871 629 μηδὲ
910 555 1005 622 τὰς
1037 554 1157 612 κατ’
1194 566 1483 628 Αἴγυπτον
1514 562 1729 627 διατρι-

122 642 220 714 βὰς
264 641 532 713 ἀσφαλεῖς
573 644 750 716 ἑαυτῷ
791 638 1127 714 ἡγούμενος,
1174 639 1358 697 ἐλθών
1398 643 1484 697 ἐπὶ
1518 648 1731 698 Παλαι-

121 733 338 797 στίνης,
383 727 441 782 ἐν
473 731 778 800 Καισαρείᾳ
819 725 915 789 τὰς
959 722 1243 795 διατριβὰς
1284 727 1545 796 ἐποιεῖτο,
1591 731 1730 781 ἔνθα

120 812 212 866 καὶ
247 811 607 880 διαλέγεσθαι
637 807 733 874 τα’ς
764 833 823 865 τε
852 813 1012 874 θείας
1045 807 1371 881 ἑρμηνεύειν
1402 809 1617 882 γραφὰς
1646 811 1728 865 ἐπὶ

119 900 216 951 τοῦ
259 898 449 950 κοινοῦ
489 897 582 966 τῆς
627 896 917 964 ἐκκλησίας
952 897 1009 949 οἱ
1034 895 1166 965 τῇδε
1199 894 1514 963 ἐπίσκοποι,
1558 898 1733 948 καίτοι

119 981 212 1048 τῆς
265 981 361 1034 τοῦ
413 982 817 1051 πρεσβυτερίου
867 983 1207 1051 χειροτονίας
1249 975 1468 1034 οὐδέπω
1510 999 1730 1049 τετυχη-

121 1061 254 1119 κότα
285 1060 458 1119 αὐτὸν
488 1059 696 1134 ἠξίουν.
774 1066 851 1117 17.
888 1057 918 1117 δ
947 1063 1039 1118 καὶ
1071 1059 1203 1118 αὐτὸ
1236 1058 1439 1133 γένοιτ’
1475 1058 1544 1116 ἂν
1576 1066 1732 1133 ἔκδη-

121 1155 218 1204 λον
259 1142 359 1218 ἀφ’
395 1138 472 1203 οἶν
513 1149 639 1220 περὶ
678 1145 877 1202 τούτου
909 1150 1210 1221 Δημητρίῳ
1252 1143 1557 1218 γράφοντες
1582 1144 1735 1202 Ἀλέ-

123 1235 355 1304 ξανδρος
395 1229 423 1287 ὁ
448 1226 845 1304 Ἱεροσολύμων
888 1233 1180 1297 ἐπίσκοπος
1222 1232 1313 1287 καὶ
1348 1228 1667 1295 Θεόκτιστος
1706 1228 1732 1286 ὁ

122 1322 460 1388 Καισαρείας
513 1307 624 1372 οἶδε’
672 1337 788 1381 πως
838 1312 1244 1386 ἀπολογοῦνται
1275 1310 1626 1387 τεπροσέθηκε
1674 1314 1734 1370 δὲ

113 1398 263 1466 “τοῐς
315 1398 632 1472 γράμμασιν
670 1396 753 1456 ὅτι
792 1405 954 1456 τοῦτο
994 1395 1260 1456 οὐδέποτε
1301 1395 1558 1471 ’ἠκούσθη
1599 1397 1734 1454 οὐδὲ

114 1483 262 1541 “mh
313 1485 630 1556 γεγένηται,
683 1482 745 1540 τὸ
799 1481 1091 1556 παρόντων
1146 1482 1460 1540 ἐπισκόπων
1506 1480 1734 1549 λαϊκούς

115 1564 384 1641 “ὃμιλεῖν,
417 1565 518 1626 οὐκ
548 1565 659 1625 οἷδ’
692 1565 839 1635 ὅπως
870 1571 1171 1641 προφανῶς
1203 1566 1308 1625 οὐκ
1332 1566 1515 1639 ἀληθῆ
1541 1569 1732 1639 λέγων.

117 1648 236 1709 “18.
283 1650 423 1709 ὅπου
462 1656 603 1723 γοῦν
646 1649 991 1724 εὑρίσκονται
1033 1656 1090 1708 oc
1140 1651 1437 1725 ἐπιτήδειοι
1488 1651 1625 1724 πρὸς
1676 1651 1735 1706 τὸ

119 1733 403 1809 “ὠφελεῖν
433 1736 559 1804 τούς
590 1734 886 1809 ἀδελφοὺς,
921 1738 1012 1792 καὶ
1044 1740 1492 1811 παρακαλοῦνται
1523 1740 1598 1812 τῷ
1624 1739 1740 1811 λαῷ

118 1817 516 1895 τ(προσομιλεῖν
554 1819 670 1878 ὑπὸ
705 1827 817 1878 τῶν
856 1817 1032 1892 ἁγίων
1075 1819 1416 1892 ἐπισκόπων,
1459 1819 1644 1892 ὥσπερ
1677 1823 1735 1876 ἐν

115 1901 472 1979 “Λαροὲνδοις
524 1899 767 1973 Εῧελπις
816 1904 922 1962 ὑπὸ
975 1907 1233 1978 Νέωνος,
1286 1907 1376 1962 καὶ
1431 1909 1491 1962 ἐν
1525 1903 1735 1980 Ἰκονίῳ

117 1986 444 2055 “Παυλΐνος
471 1988 581 2047 ὑπὸ
614 1993 852 2062 Κέλσου,
885 1991 975 2046 καὶ
1010 1994 1070 2047 ἐν
1098 1989 1416 2055 Συννάδοις
1449 1988 1736 2063 Θεόδωρος

119 2070 264 2132 ((ὖπὸ
293 2071 538 2132 Ἀττικοῦ
569 2081 680 2132 τῶν
715 2081 1002 2150 μακαρίων
1035 2073 1314 2148 ἀδελφῶν.
1379 2073 1522 2140 εἰκὸς
1555 2075 1614 2129 δὲ
1646 2075 1735 2128 καὶ

119 2157 148 2178 “
161 2163 221 2215 ἐν
261 2157 446 2224 ἄλλοις
477 2158 664 2226 τόποις
696 2163 855 2217 τοῦτο
887 2166 1176 2232 γίνεσθαι,
1220 2158 1361 2233 ἡμᾶς
1395 2159 1456 2215 δὲ
1486 2157 1559 2231 μὴ
1594 2160 1737 2214 εἰδέ-

119 2239 148 2261 (e
266 2241 297 2262 ’2

156 2267 263 2299 ναι.
358 2246 559 2300 τοῦτον
598 2247 691 2301 καὶ
733 2251 810 2302 ἔτι
853 2246 975 2310 νέος
1017 2239 1095 2300 ὦν
1139 2241 1167 2300 ὁ
1215 2242 1552 2317 δηλούμενος
1594 2240 1734 2314 ἀνὴρ
1761 2269 1777 2297 2

128 2327 193 2384 οὐ
245 2327 380 2401 πρὸς
431 2327 620 2400 μόνων
669 2334 781 2387 τῶν
833 2329 1130 2401 συνήθων,
1185 2327 1324 2386 ἀλλὰ
1363 2330 1455 2384 καὶ
1495 2330 1608 2383 τῶν
1649 2329 1737 2383 ἐπὶ

128 2413 285 2483 ξένης
328 2413 640 2470 ἐπισκόπων
681 2417 901 2486 ἐτιμᾶτο
937 2411 1035 2470 τὸν
1063 2413 1282 2485 τρόπον.
1350 2417 1429 2468 19.
1463 2409 1602 2468 ἀλλὰ
1633 2409 1737 2483 γὰρ

130 2487 300 2561 αὖθις
341 2499 441 2552 τοῦ
469 2503 795 2570 Δημητρίου
839 2497 930 2554 διὰ
959 2496 1296 2571 γραμμάτων
1328 2495 1498 2554 αὐτὸν
1528 2494 1738 2553 ἀνακα-

130 2583 420 2652 λέσαντος,
477 2579 551 2637 δι’
598 2581 824 2653 ἀνδρῶν
875 2606 933 2639 τε
987 2580 1264 2639 διακόνων
1308 2586 1402 2654 τῆς
1449 2585 1737 2652 ἐκκλησίας

132 2663 566 2732 ἐπισπεύσαντος
628 2669 961 2724 ἐπανελθεῖν
1022 2672 1099 2732 εἰς
1151 2664 1252 2738 τὴν
1297 2663 1735 2739 Ἀλεξάνδρειαν,

130 2744 465 2822 ἆφικιῗμενος
497 2748 590 2816 τὰς
623 2749 894 2823 συνήθεις
927 2749 1176 2808 ἀπετέλει
1207 2749 1468 2815 σπουδάς.

258 2843 362 2894 XX.
418 2844 545 2911 [Nic.
575 2846 631 2894 H.
662 2845 714 2894 Ε.
743 2847 795 2902 V,
829 2843 934 2911 15]
1003 2833 1280 2908 ’Ήκμαζον
1323 2835 1383 2890 δὲ
1413 2832 1549 2890 κατὰ
1579 2834 1736 2888 τοῦτο

1758 1004 1796 1035 10

1758 1427 1798 1458 15

1758 1849 1800 1880 20

1761 2686 1803 2717 30
