1986 3152
581 108 738 149 HIST.
769 107 1017 149 ECCLES.
1042 109 1092 148 v.
1118 110 1159 150 5.
1183 110 1223 148 6.
1606 107 1710 159 203

108 228 167 282 ἐν
207 221 294 291 αἷς
337 220 499 289 αὐτὸς
541 236 813 296 μαρτυρεῖ
850 227 910 280 ἐν
940 229 1224 298 Γερμανίᾳ
1263 220 1468 290 ὓδατος
1507 222 1712 300 ἀπορίᾳ

101 311 371 382 μέλλοντα
402 305 574 364 αὐτοῦ
603 305 700 363 τὸν
729 307 965 379 στρατὸν
997 313 1428 380 διαφθείρεσθαι
1458 322 1577 375 ταῖς
1601 313 1714 366 των

101 396 455 462 Χριστιανῶν
496 388 687 464 εύχαΐς
728 395 1025 449 σεσῶσθαι.
1101 396 1299 448 τοῦτον
1341 395 1408 449 δέ
1441 412 1579 465 φησι
1619 395 1711 449 καὶ

99 475 351 533 θάνατον
387 473 678 547 ἀπειλῆσαι
710 489 824 542 τοῖς
856 490 1182 549 κατηγορεῖν
1211 474 1368 549 ἡμῶν
1400 481 1712 549 ἐπιχειροῦ-

101 579 208 617 σιν.
260 565 304 617 7.
332 557 414 626 οἷς
444 559 473 616 ὁ
506 563 780 632 δηλωθεὶς
811 557 952 631 ἀνὴρ
984 562 1075 616 καὶ
1106 563 1276 617 ταῦτα
1300 565 1709 632 προσεπιλέγει·
1735 578 1755 610 5

92 640 364 701 “ποταποὶ
406 669 509 701 ουν
549 649 607 701 οὗ
642 643 801 715 νόμοι
838 636 1022 715 οὗτοι,
1064 640 1145 711 οἷς
1178 643 1307 700 καθ’
1344 641 1502 715 ἡμῶν
1540 645 1714 717 μόνον

91 727 353 784 “ἕπονται
392 726 642 799 ασεβεΐς,
684 726 896 798 ἄδικοι,
942 725 1104 799 ωμοί;
1145 725 1245 792 οὓς
1287 727 1416 785 οὔτε
1452 728 1713 786 Οὐεσπα-

90 809 320 877 “σιανός
363 811 629 884 ἐφύλαξε,
672 818 847 868 καίτοι
889 835 951 882 γε
978 809 1282 878 Ἰουδαίους
1313 811 1571 885 νικήσας,
1615 812 1713 880 οὓς

88 893 408 966 ’(Τραιανὸς
453 899 511 952 ἐκ
539 900 741 967 μέρους
774 899 1135 969 ἐξουθένησε,
1178 894 1413 952 κωλύων
1447 900 1714 967 ἐπιζητεῖ-

92 975 265 1037 “σθαι
306 979 704 1053 Χριστιανούς,
759 976 856 1046 οὓς
900 978 1027 1037 οὔτε
1060 978 1377 1052 Ἀδριανὸς,
1430 988 1607 1038 καίτοι
1649 1005 1712 1053 γε
1736 996 1776 1027 10

90 1059 308 1121 “ποὲντα
347 1065 411 1121 τὰ
454 1071 719 1138 περίεργα
755 1069 1268 1138 πολυπραγμονῶν,
1314 1062 1440 1121 οὔτε
1471 1064 1498 1121 ὁ
1531 1062 1714 1123 Εύσε-

90 1144 232 1220 “βὴς
276 1152 595 1222 ἐπικληθεὶς
635 1146 1035 1220 ἐπεκύρωσεν.”
1101 1145 1240 1204 ἄλλα
1270 1152 1442 1204 ταῦτα
1472 1150 1574 1221 μὲν
1604 1148 1711 1223 ὅπη

98 1257 178 1299 τις
221 1236 387 1308 ἐθέλῃ
429 1238 708 1305 τιθέσθω,
749 1239 1027 1306 μετίωμεν
1070 1234 1131 1288 δὲ
1161 1232 1316 1304 ἡμεῖς
1349 1235 1436 1289 ἐπὶ
1467 1233 1570 1306 τὴν
1599 1238 1711 1290 τῶν

99 1320 221 1389 ἑξῆς
253 1315 613 1375 ἀκολουθίαν.
674 1323 721 1374 8.
756 1323 1040 1375 Ποθεινοῦ
1066 1315 1136 1389 δὴ
1159 1316 1252 1388 ἐφ’
1277 1316 1423 1382 ὅλοις
1447 1322 1542 1389 τῆς
1574 1321 1711 1390 ζωῆς

100 1408 278 1458 ἔτεσιν
312 1403 641 1475 ἐνενήκοντα
673 1400 780 1459 σύν
809 1415 922 1468 τοῖς
952 1403 1039 1458 ἐπὶ
1063 1406 1304 1467 Γαλλίας
1327 1403 1709 1475 μαρτυρήσασι
1735 1416 1773 1450 15

97 1489 513 1558 τελειωθέντος,
558 1492 857 1559 Εἰρηναῖος
887 1489 984 1559 τῆς
1016 1485 1152 1541 κατὰ
1184 1485 1551 1557 Λούγδουνον
1586 1479 1648 1559 ἧς
1680 1486 1709 1543 ὃ

97 1571 376 1637 Ποθεινὸς
402 1570 583 1643 ἡγεῖτο
605 1578 895 1671 παροικίας
919 1570 1020 1642 τὴν
1046 1570 1354 1641 ἐπισκοπὴν
1380 1573 1708 1643 διαδέχεται.

97 1653 474 1727 Πολυκαρπου
518 1656 578 1712 δε
608 1679 808 1711 τουτον
838 1651 1116 1727 ακουστὴν
1146 1656 1409 1726 γενέσθαι
1441 1656 1578 1711 κατὰ
1608 1655 1711 1727 τὴν

95 1741 231 1796 νέαν
263 1739 651 1812 ε’μανθανομεν
683 1735 920 1811 ἡλικίαν.
983 1744 1029 1795 9.
1066 1739 1225 1804 οὗτος
1255 1763 1368 1795 των
1400 1741 1487 1795 ἐπὶ
1506 1738 1710 1839 Ῥώμης

95 1822 198 1895 τὴν
230 1822 497 1896 διαδοχὴν
529 1823 840 1880 ἐπισκόπων
873 1827 933 1880 ἐν
962 1829 1117 1897 τρίτῃ
1151 1825 1405 1890 συντάξει
1429 1847 1544 1879 των
1574 1823 1710 1895 πρὸς
1733 1839 1775 1871 5³0

98 1931 194 1974 τας
249 1913 487 1979 αιρέσεις
533 1911 949 1980 παραθέμενος,
1005 1913 1082 1973 εἰς
1120 1905 1479 1980 Ἐλεύθερον,
1533 1932 1600 1964 ου
1645 1933 1711 1963 τα

97 1989 234 2048 κατὰ
280 1992 406 2059 τούς
447 1991 680 2066 χρόνους
721 1989 858 2065 ἡμῖν
900 1991 1223 2064 ἐξεταζεται,
1281 1988 1432 2048 ωσὰν
1473 1991 1541 2064 δὴ
1583 1989 1707 2047 κατ’

98 2073 271 2132 αὐτὸν
312 2078 760 2150 σπουδαζομένης
799 2073 949 2153 αύτῳ
988 2083 1084 2148 τῆς
1126 2080 1372 2150 γραφῆς,
1416 2075 1512 2132 τὸν
1543 2100 1711 2132 κατα-

101 2168 267 2232 λογον
297 2165 509 2233 ἵστησι,
541 2185 776 2233 γραφων
808 2152 944 2218 ωδε·

226 2256 303 2305 Vl.
359 2254 486 2321 [Nic.
514 2257 571 2305 H.
604 2257 656 2306 E
684 2254 906 2322 1v‚15.]
961 2243 1449 2317 “Θεμελιω’σαντες
1480 2269 1587 2301 ουν
1617 2246 1707 2301 καὶ
1732 2258 1774 2291 25

90 2325 591 2401 (ὀίκοδομήσαντες
636 2334 693 2387 οἱ
731 2329 988 2402 μακάριοι
1034 2328 1332 2386 ἀπόστολοι
1372 2327 1473 2401 τὴν
1517 2333 1712 2401 ἐκκλη-

89 2409 257 2470 “σιάν
296 2420 450 2488 Λίνῳ
492 2413 596 2485 τὴν
636 2416 731 2485 τῆς
773 2417 1072 2486 ἐπισκοπῆς
1114 2419 1465 2485 λειτουργίαν
1507 2416 1712 2485 ἐνεχεί-

91 2491 306 2567 “ρισαν.
387 2496 587 2555 τούτου
638 2502 737 2554 τοῦ
789 2504 967 2555 Λίνου
1013 2501 1237 2562 Παῦλος
1292 2501 1353 2554 ἐν
1403 2512 1523 2563 ταῖς
1575 2495 1710 2566 πρὸς

90 2578 121 2601 “
139 2579 413 2653 Τιμόθεον
446 2585 754 2647 ἐπιστολαῖς
784 2583 1071 2654 μέμνηται,
1106 2584 1414 2653 διαδέχεται
1447 2582 1506 2637 δὲ
1539 2579 1711 2637 αὐτὸν

93 2659 502 2738 ’(’Λνέγκλητοᾳ
583 2670 631 2723 2.
686 2667 820 2739 μετὰ
861 2670 1063 2723 τοῦτον
1107 2667 1166 2722 δὲ
1207 2674 1372 2742 τρίτῳ
1413 2664 1562 2741 τόπῳ
1603 2662 1709 2720 ἀπὸ
1733 2680 1775 2710 30

215 2859 269 2898 25
300 2860 422 2900 Iren.
454 2858 541 2911 ΙΙΙ,
574 2861 615 2911 3,
647 2861 687 2900 3.
720 2873 764 2912 p.
798 2859 893 2903 176.
1010 2861 1064 2900 29
1094 2860 1141 2899 II
1172 2859 1286 2899 Tim.
1316 2859 1357 2909 4,
1390 2859 1456 2896 21.
