2032 3174
541 124 694 164 ffls'r.
728 123 974 167 ECCLES.
1012 124 1071 164 11.
1106 126 1172 165 -21,
1208 126 1275 164 22.
1654 122 1719 174 75

107 237 414 311 ἀπολογίαν
446 241 536 296 καὶ
567 239 670 311 τὴν
699 239 846 313 παρὰ
878 237 1050 306 πόδας
1091 245 1391 296 τελείωσιν.
1466 243 1513 296 3.
1553 243 1717 312 δέχου

109 321 179 395 δὴ
211 325 302 379 καὶ
332 321 543 380 τούτων
573 322 666 389 τὰς
708 320 879 381 αὐτοῦ
917 329 1248 397 μαρτυρίας·
1286 322 1389 380 “ἐν
1429 327 1496 397 τῇ
1529 322 1717 398 πρώτῃ

109 431 245 480 μου,
298 409 499 480 φησὶν,
553 404 822 482 ἀπολογίᾳ
874 404 1058 474 οὐδείς
1109 431 1200 480 μοι
1253 410 1716 482 συμπαρεγένετο,

109 489 250 548 ἀλλὰ
280 490 480 558 πάντες
510 516 576 565 με
610 494 992 564 ἐγκατέλιπον,
1031 490 1128 564 (μὴ
1161 489 1348 558 αὐτοῖς
1380 492 1715 565 λογισθείη),

105 571 138 631 ὁ
173 576 232 631 δὲ
263 574 450 650 κύριός
480 600 571 648 μοι
589 577 831 648 παρέστη
855 577 946 631 καὶ
972 574 1367 648 ἐνεδυνάμωσέ
1381 599 1476 649 με,
1511 579 1604 633 ἵνα
1637 574 1708 632 δι’
1739 600 1758 631 5

112 663 244 732 ἐμοῦ
274 659 333 716 τὸ
365 658 619 732 κήρυγμα
662 661 1069 732 πληροφορηθῇ
1099 661 1190 714 καὶ
1232 656 1508 717 ἀκούσωσι
1541 657 1720 716 πάντα

108 767 175 799 τα
207 751 374 815 ἔθνη,
408 745 498 799 καὶ
532 741 816 815 ἐρρύσθην
848 746 908 799 ἐκ
938 741 1201 815 στόματος
1232 742 1501 809 λέοντος.”
1551 748 1598 800 4.
1626 763 1718 800 σα-

106 832 230 898 φῶς
276 826 343 898 δὴ
384 833 682 900 παρίστησι
725 825 816 883 δια
852 825 1064 884 τούτων
1115 823 1197 883 ὅτι
1240 826 1309 898 δὴ
1341 825 1398 883 τὸ
1430 826 1719 901 πρότερον,

102 933 254 978 οπως
286 907 356 967 ἂν
385 908 444 967 τὸ
476 909 730 984 κήρυγμα
761 910 820 968 τὸ
869 909 939 967 δι’
978 907 1149 968 αὐτοῦ
1179 917 1522 1012 πληρωθείη,
1557 909 1720 985 ἐρρύ-

104 1005 221 1067 σθη
264 997 322 1051 ἐκ
364 993 626 1068 στόματος
668 998 914 1068 λέοντος,
957 993 1078 1069 (τὸν
1109 997 1349 1069 Νέρωνα
1394 994 1596 1069 ταύτη,
1646 1019 1717 1061 ως
1743 1022 1782 1053 10

107 1086 281 1151 ἐ’,οικε
316 1079 408 1136 διὰ
439 1078 498 1136 τὸ
539 1077 843 1153 ωμόθυμον
884 1078 1242 1154 προσειπών)
1316 1077 1418 1136 οὐκ
1461 1103 1564 1136 ουν
1597 1081 1720 1152 ἑξῆς

106 1166 466 1235 προστέθεικε
498 1163 886 1238 παραπλήσιόν
915 1187 967 1220 τι
997 1167 1072 1241 τῷ
1109 1159 1380 1238 “ρύσεταί
1406 1187 1473 1236 με
1505 1167 1564 1220 ἐκ
1594 1162 1720 1220 στό-

105 1271 274 1320 ματος
305 1245 571 1314 λέοντος.”
615 1247 760 1323 ἑώρα
779 1246 883 1322 γὰρ
896 1251 973 1325 τῷ
995 1245 1267 1322 πνεύματι
1289 1247 1390 1320 τὴν
1411 1246 1544 1304 ὅσον
1566 1244 1720 1305 οὔπω

106 1334 420 1404 μέλλουσαν
444 1331 619 1388 αὐτοῦ
641 1331 917 1404 τελευτήν.
952 1336 999 1388 5.
1031 1332 1117 1388 διό
1140 1351 1314 1405 φησιν
1346 1333 1614 1404 ἐπιλέγων
1644 1334 1722 1408 τῷ

96 1411 230 1472 “noel
265 1414 548 1519 ἐρρύσθην
580 1420 640 1473 ἐκ
670 1415 933 1490 στόματος
964 1414 1220 1482 λέοντος”
1264 1416 1323 1474 τὸ
1347 1414 1617 1489 “ρύσεταί
1652 1439 1719 1489 με
1743 1441 1782 1473 15

108 1497 136 1557 ὁ
171 1498 358 1571 κύριος
397 1498 504 1557 απὸ
546 1499 748 1566 παντὸς
783 1508 948 1606 ἔργου
989 1507 1288 1603 πονηροῦ,
1311 1501 1402 1557 καὶ
1442 1499 1609 1556 σώσει
1641 1506 1718 1566 εἰς

105 1582 209 1654 τὴν
239 1590 533 1655 βασιλείαν
564 1584 736 1642 αὐτοῦ
775 1610 877 1684 την
918 1581 1307 1657 ἐπουρανιον,”
1342 1590 1641 1690 σημαίνων
1658 1583 1718 1640 τὸ

106 1674 419 1741 παραυτίκα
447 1667 779 1742 μαρτύριον,
822 1665 852 1725 ὃ
881 1671 974 1724 καὶ
1005 1670 1347 1741 σαφέστερον
1379 1671 1439 1725 ἐν
1478 1673 1543 1741 τῇ
1576 1666 1717 1742 αὐτῇ

31 1754 34 1757 ’
106 1755 363 1824 προλέγει
406 1758 595 1826 γραφῇ
638 1751 871 1860 φάσκων
904 1750 1052 1824 “ἐγω
1091 1750 1196 1825 γὰρ
1236 1750 1344 1824 ἤδη
1393 1753 1718 1824 σπένδομαι,

107 1837 199 1892 καὶ
229 1835 258 1892 ὁ
289 1835 476 1909 καιρὸς
506 1843 601 1908 τῆς
633 1840 762 1910 ἐμῆς
794 1835 1114 1903 ἀναλύσεως
1140 1839 1456 1909 ἐφέστηκεν.
1485 1834 1580 1892 ’.6
1609 1839 1717 1892 νῦν
1739 1860 1779 1892 20

106 1944 209 1992 μεν
239 1913 342 1977 οὖν
374 1923 462 1978 ἐπὶ
491 1924 586 1993 τῆς
618 1922 880 1994 δευτέρας
914 1923 1200 1993 ἐπιστολῆς
1231 1945 1343 1977 των
1385 1919 1519 1993 πρὸς
1559 1918 1717 1992 Τιμό-

106 2014 248 2061 θεον
277 2004 372 2062 τὸν
407 2009 632 2062 Λουκᾶν
661 2003 836 2078 μόνον
867 2003 1136 2079 γράφοντι
1162 2001 1311 2082 αὐτῷ
1337 2017 1590 2062 συνεῖναι
1625 2008 1716 2075 δη·

108 2095 222 2161 λοῖ,
268 2088 404 2146 κατὰ
445 2090 506 2146 δὲ
547 2088 648 2163 τὴν
678 2092 952 2164 προτέραν
982 2087 1288 2163 ἀπολογίαν
1334 2087 1465 2146 οὐδὲ
1505 2092 1715 2145 τοῦτον.

105 2170 245 2230 ὅθεν
277 2172 498 2240 εἰκότως
527 2172 623 2240 τας
652 2180 765 2231 τῶν
795 2171 1117 2232 ἀποστόλων
1142 2171 1362 2248 πράξεις
1388 2170 1472 2230 ἐπ’
1505 2175 1719 2251 ἐκεῖνον

105 2251 138 2311 ὁ
170 2262 386 2324 Λουκᾶς
417 2260 752 2332 περιέγραψε
781 2258 880 2317 τὸν
909 2257 1138 2333 χρόνον,
1180 2258 1281 2330 τὴν
1311 2258 1496 2331 μέχρις
1525 2255 1614 2314 ὅτε
1643 2258 1719 2331 τῷ
1742 2279 1782 2310 25

111 2339 319 2417 Παύλῳ
360 2345 540 2414 συνῆν
581 2348 830 2417 ἱστορίαν
858 2339 1300 2416 ὑφηγησάμενος.
1375 2347 1419 2398 Τ.
1452 2345 1624 2398 ταῦτα
1659 2340 1719 2396 δὲ

107 2419 242 2496 ἡμῖν
283 2433 493 2498 εἴρηται
532 2427 956 2500 παρισταμένοις
995 2425 1076 2484 ὅτι
1117 2425 1192 2500 μὴ
1234 2423 1367 2483 καθ’
1402 2421 1471 2497 ἣν
1512 2423 1540 2481 ὁ
1571 2433 1721 2481 Λου-

110 2511 208 2574 κᾶς
240 2504 553 2581 ἀνέγραψεν
579 2513 667 2567 ἐπὶ
689 2515 784 2583 τῆς
807 2510 1012 2584 Ῥώμης
1038 2514 1338 2584 ἐπιδημίαν
1360 2513 1459 2567 τοῦ
1486 2506 1718 2567 Παύλου

108 2589 169 2649 τὸ
208 2591 514 2665 μαρτύριον
558 2592 707 2670 αὐτῷ
762 2594 1171 2670 συνεπεροὲνθη.
1256 2600 1303 2652 8.
1351 2592 1494 2659 εἰκός
1537 2593 1603 2664 γέ
1638 2615 1719 2647 τοι

110 2675 246 2732 κατα
275 2678 377 2750 μὲν
407 2674 574 2751 ἀρχὰς
605 2675 915 2754 ἠπιώτερον
945 2683 1046 2737 τοῦ
1069 2681 1334 2752 Νέρωνος
1368 2677 1718 2749 διακειμένου
1741 2696 1781 2727 30

227 2871 251 2908 2
283 2871 321 2909 2.
346 2871 460 2913 Tim.
483 2872 522 2922 4,
549 2872 614 2915 16.
794 2874 844 2912 19
875 2874 914 2914 2.
937 2874 1053 2912 Tim.
1075 2873 1115 2922 4,
1138 2873 1178 2911 ss.
