2032 3174
352 136 449 187 102
1029 136 1275 178 EUSEBII

339 249 509 308 “ωται
526 264 639 316 τοῖς
656 249 760 322 πρὸ
779 249 983 321 αὐτῶν,
1001 248 1092 306 διὰ
1108 249 1168 307 τὸ
1185 248 1259 323 μῆ
1277 255 1540 323 γενέσθαι
1564 252 1665 325 τὴν
1687 257 1799 310 τῶν
1822 276 1954 325 προ·-

337 334 569 407 Μ’φητοὸν
591 333 792 407 ἀκριβῆ
820 333 1101 407 διαδοχήν.
1136 339 1183 392 5.
1214 339 1384 407 δῆλον
1411 332 1463 392 δ’
1492 339 1642 394 ἐστὶν
1666 343 1809 414 ἔργῳ
1834 341 1950 405 πῶς

336 418 365 437 “
380 416 530 491 ἡμεῖς
546 418 813 492 πρόσιμεν
830 433 941 487 τοῖς
961 424 1124 486 ίδίοις
1143 418 1436 493 γράμμασι.
1469 419 1734 478 τοσούτου
1751 422 1855 494 γὰρ
1873 428 1954 478 αἰ-

338 502 518 570 “ὦνος
542 501 648 575 ἤδη
670 503 1055 580 παρῳχηκότος
1078 500 1205 561 οὔτε
1223 511 1562 574 προσθεῖναί
1572 528 1652 571 τις
1668 503 1793 563 οὔτε
1815 503 1956 579 ἀφε-

302 587 498 645 5“λεῐν
520 585 614 643 ἀπ’
644 586 829 645 αὐτῶν
852 586 981 645 οὔτε
1010 598 1336 660 μεταθεῖναι
1367 589 1693 661 τετόλμηκε,
1726 595 1860 647 πᾶσι
1893 591 1953 647 δὲ
1995 619 1998 622 ·

332 668 665 745 σεσύμφυτόν
690 675 837 729 ἐστιν
860 671 1034 738 εὐθὺς
1059 676 1118 729 ἐκ
1135 670 1353 747 πρώτης
1377 675 1647 744 γενέσεως
1665 671 1953 741 Ἰουδαίοις

337 753 431 813 “td
449 763 694 829 νομίζειν
711 755 846 815 αὐτοὶ
867 759 1008 814 θεοῦ
1031 755 1293 829 δόγματα,
1313 759 1403 813 καὶ
1422 756 1633 823 τούτοις
1659 760 1952 830 ἐπιμένειν,

337 837 465 897 “καὶ
505 837 646 914 ὑπὲρ
687 839 903 914 αὐτοῖν,
947 847 1000 897 εἰ
1030 843 1160 912 δέοι,
1185 840 1457 913 θνήσκειν
1486 838 1715 915 ῆδέως.”
1779 847 1826 898 6.
1860 844 1950 898 καὶ

343 929 516 982 ταῦτα
548 926 608 981 δὲ
639 929 737 981 τοῦ
771 929 1136 998 συγγραφέως
1167 932 1446 999 χρησίμως
1479 919 1589 983 οἶδε
1623 933 1951 996 παρατεθεί-

281 1034 322 1066 10
347 1019 483 1066 σθω.
541 1007 842 1082 πεπόνηται
868 1012 928 1066 δὲ
952 1014 1042 1066 καὶ
1066 1009 1200 1066 ἄλλο
1224 1009 1330 1066 οὐκ
1360 1011 1588 1081 ἀγεννὲς
1621 1009 1952 1084 σπούδασμα

346 1096 420 1169 τῷ
446 1090 606 1167 ἅνδρὶ
636 1097 762 1165 περὶ
779 1091 1180 1167 αὐτοκράτορος
1205 1098 1487 1167 λογισμοῦ,
1507 1093 1540 1150 ὅ
1555 1118 1701 1160 τινες
1718 1103 1952 1151 Μακκα-

341 1176 539 1248 βαϊκὸν
572 1180 909 1250 ἐπέγραψαν,
941 1181 1019 1255 τῷ
1046 1175 1172 1244 τούς
1196 1177 1414 1250 ἀγῶνας
1445 1182 1555 1235 τῶν
1581 1182 1642 1235 ἐν
1663 1192 1776 1244 τοῖς
1806 1177 1951 1235 οὕτω

341 1264 702 1334 καλουμένοις
720 1269 1146 1334 Μακκαβαϊκοῖς
1163 1261 1586 1335 συγγράμμασιν
1601 1259 1741 1335 ὑπὲρ
1759 1266 1854 1335 τῆς
1874 1269 1952 1329 εἰς

339 1344 399 1402 τὸ
422 1356 584 1403 θεῖον
607 1342 893 1418 εὐσεβείας
925 1344 1349 1419 ἅνδρισαμένων
1368 1343 1638 1418 Ἐβραίων
1660 1351 1952 1420 περιέχειν.

277 1453 317 1485 15
343 1435 388 1485 7.
416 1432 506 1486 καὶ
531 1429 666 1503 πρὸς
691 1433 769 1507 τῷ
790 1433 932 1488 τέλει
959 1432 1018 1487 δὲ
1042 1435 1137 1502 τῆς
1162 1434 1411 1502 εἰκοστῆς
1435 1429 1816 1503 ἀρχαιολογίας
1844 1435 1952 1488 ε’πι·

339 1521 662 1587 σημαίνεται
694 1513 722 1572 ὁ
755 1514 947 1586 αὐτὸς,
985 1511 1138 1572 οὖσαν
1177 1517 1560 1589 προῃρημένος
1604 1518 1664 1572 έν
1703 1518 1951 1589 τέτταρσι

338 1598 655 1672 συγγράψαι
679 1606 916 1671 βιβλίοις
941 1598 1076 1656 κατὰ
1099 1598 1192 1663 τὰς
1216 1605 1482 1672 πατρίους
1509 1599 1668 1666 δόξας
1690 1604 1803 1655 τῶν
1821 1598 1950 1656 Ἰου-
2020 1637 2023 1640 <

341 1688 515 1739 δαίων
539 1686 666 1755 περὶ
688 1690 829 1741 θεοῦ
861 1686 952 1740 καὶ
976 1690 1071 1755 τῆς
1103 1683 1292 1750 οὐσίας
1323 1683 1524 1754 αὐτοῦ,
1558 1685 1649 1739 καὶ
1680 1685 1806 1752 περὶ
1837 1687 1949 1740 τῶν

337 1768 544 1840 νόμων,
581 1767 674 1824 δια
704 1774 762 1824 τί
787 1766 899 1825 κατ’
927 1765 1128 1833 αὐτούς
1152 1765 1219 1824 τοὶ
1247 1769 1350 1839 μὲν
1375 1771 1546 1834 ἔξεστι
1572 1766 1851 1839 πράττειν,
1884 1766 1950 1823 τὰ

274 1874 316 1906 20
343 1852 404 1907 δὲ
430 1851 751 1909 κεκώλυται.
785 1854 876 1909 καὶ
902 1850 1042 1908 ἄλλα
1074 1853 1134 1908 δὲ
1166 1849 1317 1927 αὐτῷ
1340 1856 1769 1923 σπουδασθῆναι
1794 1847 1822 1908 ὁ
1849 1849 1948 1908 αύ-

338 1935 428 2001 τός
473 1940 534 1993 ἐν
563 1951 676 2002 τοῖς
709 1943 870 2004 ἰδίοις
902 1934 1072 1994 αὐτοῦ
1103 1934 1438 2008 μνημονεύει
1471 1934 1667 2007 λόγοις.
1731 1941 1777 1992 8.
1811 1934 1947 2011 πρὸς

337 2019 549 2086 τούτοις
576 2019 809 2092 εὔλογον
828 2023 1115 2087 καταλέξαι
1134 2021 1225 2076 καὶ
1241 2016 1304 2086 ἂς
1330 2018 1414 2076 ἐπ’
1446 2016 1623 2077 αὐτοῦ
1644 2022 1740 2091 τῆς
1762 2017 1948 2093 ἀρχαι-

338 2111 558 2175 ολογίας
578 2107 679 2161 τοῦ
701 2107 891 2171 τέλους
915 2102 1104 2176 φωνὰς
1131 2106 1543 2176 παρατέθειται,
1579 2110 1655 2171 εἰς
1676 2110 1948 2161 πίστωσιν

337 2193 434 2259 τῆς
471 2191 583 2244 τῶν
624 2191 674 2255 ἐξ
719 2187 891 2245 αὐτοῦ
935 2191 1421 2260 παραληφθέντων
1460 2184 1595 2260 ἡμῖν
1625 2195 1943 2261 μαρτυρίας.

274 2294 314 2325 25
340 2271 656 2343 διαβάλλων
690 2277 826 2344 δῆτα
852 2270 1090 2330 Ἰοῦστον
1130 2275 1410 2343 Τιβεριέα,
1451 2269 1651 2344 ὁμοίως
1693 2270 1842 2347 αὐτῷ
1883 2272 1949 2328 τὰ

339 2355 475 2412 κατὰ
499 2354 626 2423 τούς
650 2354 851 2422 αὐτοὺς
875 2360 1157 2428 ἱστορῆσαι
1181 2355 1410 2430 χρόνους
1435 2359 1857 2429 πεπειραμένον,
1877 2353 1948 2422 ὥς

283 2439 288 2444 ’
355 2439 428 2511 μὴ
458 2437 674 2512 τάληθῆ
707 2441 1133 2513 συγγεγραφότα
1164 2439 1367 2506 πολλάς
1410 2463 1469 2496 τε
1501 2438 1669 2507 ἄλλας
1701 2437 1947 2506 εὐθύνας

340 2524 635 2596 ἐπαγαγών
665 2529 739 2600 τῷ
771 2523 965 2597 ἀνδρὶ,
1000 2527 1090 2581 καὶ
1122 2529 1293 2581 ταῦτα
1336 2521 1523 2590 αὐτοῖς
1555 2524 1794 2597 ῥήμασιν
1831 2527 1946 2581 ε’πι·

340 2611 485 2680 λέγει
517 2610 563 2665 9.
593 2605 695 2665 “013
730 2607 840 2681 μὴν
873 2608 978 2681 ἐγώ
1009 2628 1093 2666 σοι
1126 2609 1221 2666 τὸν
1260 2606 1434 2665 αὐτὸν
1463 2610 1667 2680 τρόπον
1697 2611 1824 2679 περὶ
1854 2612 1948 2680 τῆς

275 2689 611 2765 εο“έμαυτοῦ
650 2698 867 2766 γραφῆς
899 2699 1117 2766 ἔδεισα,
1159 2691 1282 2749 ἀλλ’
1318 2692 1504 2760 αὐτοῖς
1548 2694 1794 2749 ἐπέδωκα
1835 2705 1989 2758 τοῖςχ

456 2888 507 2926 15
530 2887 708 2939 Ioseph.
734 2887 782 2927 A.
806 2888 843 2927 Ι.
868 2888 969 2937 XX,
996 2889 1062 2936 11,
1085 2889 1124 2927 2.
1241 2886 1293 2927 29
1316 2886 1495 2938 Ioseph.
1520 2885 1573 2926 de
1597 2886 1694 2926 vita
1719 2898 1801 2926 sua
1819 2898 1856 2925 e.
1877 2885 1944 2925 65.
1999 2942 2001 2945 Ι
