1986 3152
656 116 813 158 msT.
846 115 1095 157 EchEs.
1126 117 1182 158 x.
1213 118 1254 158 4.
1653 113 1758 167 453

151 231 405 304 ἐμνήσθη
449 226 610 305 ἡμῶν
652 227 680 288 ὁ
725 231 945 304 κύριος,
986 232 1080 287 καὶ
1122 231 1472 305 ἐλυτρώσατο
1513 226 1657 304 ἡμᾶς
1699 233 1757 287 ἐκ

145 320 260 371 τῶν
292 318 513 387 ἐχθρῶν
542 310 719 388 ἡμῶν.
795 320 874 372 10.
918 317 1012 372 καὶ
1052 315 1151 373 τὸν
1179 315 1283 389 μὲν
1323 320 1438 372 τῶν
1467 315 1616 372 ὅλων
1646 336 1756 372 πα-

145 400 278 472 τέρα
318 399 536 465 τούτοις
577 396 1029 473 ἀνευφημοῦντες
1077 400 1154 473 μή
1195 421 1326 457 ποτε
1377 404 1754 473 διαλίποιμεν·

145 483 246 540 τὸν
276 483 338 539 δὲ
369 488 484 540 τῶν
513 481 753 556 ἀγαθῶν
793 483 931 558 ἡμῖν
970 484 1236 558 δεύτερον
1281 493 1477 556 αἴτιον,
1517 483 1620 541 τὸν
1660 489 1757 557 τῆς

150 573 500 638 θεογνωσίας
533 567 849 641 εἰσηγητὴν,
890 567 991 625 τὸν
1021 574 1118 641 τῆς
1150 566 1402 641 ἀληθοῦς
1432 574 1756 641 θεοσεβείας
1779 585 1800 617 5

151 651 510 724 διδάσκαλον,
541 652 644 709 τὸν
673 658 789 709 τῶν
819 650 1041 724 ἀσεβῶν
1070 652 1324 727 ὀλετῆρα,
1356 653 1453 710 τὸν
1475 676 1756 726 τυραννο-

146 736 375 808 κτόνον,
418 736 519 793 τὸν
558 741 660 793 τοῦ
711 742 841 808 βίου
897 737 1243 810 διορθωτὴν,
1295 737 1392 793 τὸν
1432 735 1594 810 ἡμῶν
1643 739 1758 794 τῶν

145 819 597 893 ἀπεγνωσμένων
628 825 851 892 σωτῆρα
876 818 1097 891 Ἰησοῦν
1138 819 1246 876 ἀνά
1279 821 1453 893 στόμα
1492 823 1757 895 φέροντες

146 910 513 978 γεραίρωμεν,
549 907 629 960 11.
664 903 746 960 ὅτι
776 902 846 975 δὴ
876 903 1046 976 μόνος
1070 901 1161 961 οἶα
1184 902 1522 976 παναγάθου
1549 905 1758 979 πατρὸς

144 1010 460 1060 μονωτατος
507 983 782 1060 ὑπάρχων
822 988 1151 1059 πανάγαθος
1200 1001 1362 1060 παῖς,
1415 1012 1612 1063 γνωμῃ
1658 992 1754 1061 τῆς
1781 1008 1821 1041 10

146 1075 411 1144 πατρικῆς
455 1078 886 1175 φιλανθρωπίας
926 1077 1042 1128 τῶν
1091 1075 1151 1129 ἐν
1204 1078 1398 1148 φθορᾷ
1447 1073 1596 1130 κάτω
1648 1094 1757 1130 που

147 1157 417 1229 κειμένων
445 1151 609 1229 ἡμων
639 1160 702 1213 εὐ
734 1157 886 1229 μάλα
915 1157 1224 1230 προθύμως
1253 1153 1476 1223 ῦποδῦς
1506 1157 1612 1229 τὴν
1641 1157 1757 1263 φύ-

148 1257 255 1312 σιν,
290 1236 380 1296 οἷά
409 1263 491 1306 τις
526 1243 734 1312 ἰατρων
759 1259 978 1312 αριστος
1007 1246 1105 1313 τῆς
1134 1246 1249 1298 τῶν
1272 1241 1602 1314 καμνόντων
1634 1244 1758 1299 ε’νε-

147 1347 245 1381 κεν
288 1331 560 1398 σωτηρίας
603 1323 710 1399 ὁρῇ
751 1325 855 1398 μὲν
895 1324 1081 1397 δεινὰ,
1123 1325 1383 1397 θιγγάνει
1422 1323 1477 1381 δ’
1518 1323 1758 1398 ἀηδέων,

150 1405 237 1466 ἐπ’
273 1408 604 1483 ἀλλοτρίῃσί
639 1432 698 1466 τε
728 1412 1083 1484 ξυμφορῇσιν
1118 1414 1262 1476 ἰδίας
1302 1414 1610 1484 καρποῦται
1651 1410 1756 1466 λύ-
1782 1427 1822 1459 15

146 1514 282 1565 πας,
315 1491 382 1550 οὐ
416 1497 726 1559 νοσοῦντας
758 1492 894 1550 αὐτὸ
928 1493 1135 1567 μόνον,
1178 1490 1305 1550 οὐδ’
1341 1496 1523 1552 ἕλκεσι
1555 1499 1760 1559 δεινοῖς

147 1579 239 1634 καὶ
273 1578 576 1650 σεσηπόσιν
606 1577 714 1650 ἤδη
745 1578 1023 1652 τραύμασι
1064 1579 1441 1651 πιεζομένους,
1484 1575 1625 1635 ἀλλά
1666 1579 1759 1634 καὶ

150 1665 211 1719 ἐν
242 1674 465 1737 νεκροῖς
495 1663 787 1735 κειμένους
816 1658 961 1736 ἡμᾶς
994 1665 1048 1730 ἐξ
1073 1661 1262 1719 αὐτῶν
1286 1668 1400 1719 τῶν
1428 1667 1626 1736 μυχῶν
1654 1665 1757 1719 τοῦ

148 1746 405 1804 θανάτου
433 1744 605 1813 αύτός
646 1749 828 1823 ἑαυτῷ
861 1746 1193 1818 διεσώσατο,
1232 1744 1317 1804 ὅτι
1340 1747 1480 1820 μηδὲ
1503 1746 1655 1823 ἄλλῳ
1681 1769 1758 1822 τῳ

145 1835 260 1887 τῶν
286 1830 411 1887 κατ’
436 1829 686 1905 οὐρανὸν
715 1834 987 1888 τοσοῦτον
1007 1835 1193 1906 παρῆν
1220 1831 1427 1904 ἰσχύος,
1458 1827 1532 1897 ὥς
1552 1834 1620 1904 τῇ
1643 1832 1758 1887 τῶν
1780 1847 1821 1879 20

145 1914 435 1971 τοσούτων
465 1913 726 1988 ἀβλαβῶς
758 1915 1197 1988 διακονήσασθαι
1221 1921 1480 1990 σωτηρίᾳ.
1537 1918 1619 1971 12.
1650 1914 1756 1988 μό-

146 2022 242 2065 νος
273 1996 328 2055 δ’
366 1993 471 2056 οῦν
501 2001 595 2055 καὶ
624 2004 720 2072 τῆς
760 1996 921 2074 ἡμῶν
961 1998 1152 2056 αὐτῶν
1193 2004 1564 2073 βαρυπαθοῦς
1605 2007 1755 2071 φθο-

56 2142 68 2161 x
147 2089 248 2156 ρᾶς
307 2083 694 2157 ἐφαψάμενος,
747 2083 920 2158 μόνος
975 2083 1110 2150 τοῦς
1163 2080 1464 2158 ἡμετέρους
1515 2082 1759 2148 ἀνατλάς

146 2168 386 2241 πόνους,
417 2168 589 2241 μόνος
619 2169 687 2226 τοὶ
720 2169 994 2243 πρόστιμα
1022 2173 1137 2225 τῶν
1167 2168 1451 2243 ἡμετέρων
1474 2165 1754 2240 ἀσεβημά-

145 2275 258 2309 των
289 2253 685 2327 περιθέμενος,
717 2252 820 2327 οὐχ
848 2253 1189 2327 ἡμιθνῆτας,
1231 2252 1372 2310 ἀλλά
1404 2253 1498 2309 καὶ
1529 2251 1759 2325 πάμπαν
1781 2269 1823 2301 25

149 2338 209 2392 έν
238 2335 486 2410 μνήμασι
513 2339 605 2393 καὶ
646 2338 841 2410 τάφοις
870 2337 1162 2412 μὐσαροῦς
1200 2338 1311 2411 ἤδη
1340 2338 1434 2394 καὶ
1474 2333 1758 2402 ὄδωδότας

147 2418 468 2493 ἀναλαβών,
486 2421 658 2478 πάλαι
680 2445 738 2479 τε
760 2423 855 2478 καὶ
877 2425 990 2479 νῦν
1013 2427 1238 2497 σπουδῇ
1260 2425 1333 2496 τῇ
1353 2420 1757 2496 φιλανθρώπῳ,

147 2504 298 2578 παρὰ
326 2508 514 2562 πᾶσαν
542 2505 646 2578 τὴν
675 2503 1008 2563 οὑτινοσοῦν
1037 2501 1199 2579 ἡμῶν
1227 2530 1286 2563 τε
1317 2504 1508 2563 αὐτῶν
1539 2508 1757 2575 ἐλπίδα,

150 2590 305 2658 σώζει
333 2613 392 2647 τε
414 2590 508 2645 καὶ
530 2595 646 2646 τῶν
668 2593 769 2647 τοῦ
789 2589 997 2663 πατρὸς
1018 2586 1255 2661 ἀγαθῶν
1278 2589 1568 2664 ἀφθονίαν
1589 2611 1756 2663 μετα-

149 2678 412 2747 δίδωσιν,
458 2669 487 2730 ὁ
520 2674 809 2746 ζωοποιός,
850 2669 879 2731 ὁ
911 2674 1284 2748 φωταγωγὸς,
1327 2670 1355 2731 ὁ
1388 2677 1558 2747 μέγας
1598 2668 1756 2745 ἡμῶν
1778 2687 1822 2720 30

169 2875 174 2877 *
264 2870 316 2909 14
346 2869 653 2923 Hippocrates
685 2882 728 2921 p.
763 2869 816 2910 78
849 2867 917 2909 ed.
946 2868 1080 2911 Foes.
