2032 3174
717 164 1104 207 ΚΑΤΑΓΡΑΦΗ.
1585 162 1717 205 XVII

754 275 961 318 ΛΟΓΟΣ
994 275 1047 318 Θ.

78 364 169 424 α’.
210 363 336 430 Περὶ
359 371 445 428 τῆς
472 358 769 411 ἐπιπλάστου
794 357 1023 420 άνέσεως.

108 435 173 499 β.
215 433 343 500 Περὶ
366 441 452 498 τῆς
477 430 731 496 μετέπειτα
759 431 1077 496 διαστροφῆς.

108 501 166 570 γ’.
206 503 332 569 Περὶ
357 510 445 553 τοῦ
469 499 579 552 κατ’
606 499 919 566 Ἀντιόχειαν
945 507 1218 565 νεοπαγοῦς
1246 495 1440 561 ξοάνου

109 574 170 628 δ’.
211 573 338 640 Περὶ
363 581 463 623 τῶν
488 569 614 622 καθ’
641 569 787 636 ἡμῶν
810 569 1166 635 ψηφισμάτων.

109 644 162 693 ε’.
215 643 342 710 Περὶ
367 652 468 693 τῶν
493 642 812 693 ἐπιπλάστων
835 638 1223 706 ὑπομνημάτων.

142 713 339 779 ’.Περὶ
365 721 465 764 τῶν
490 712 545 763 ἐν
570 713 693 762 τῶδε
720 719 786 761 τῶ
810 711 978 800 χρόνῳ
994 705 1450 796 μεμαρτυρηκότων.

110 783 164 845 ζ’,
214 783 342 849 Περὶ
365 791 458 847 τῆς
483 764 615 832 καθ
637 779 781 847 ἡμῶν
807 782 862 832 ἐν
887 780 1086 846 στήλαις
1111 778 1442 845 ἀνατεθείσης
1468 800 1679 846 γραφῆς.

109 854 174 920 η’.
217 853 342 919 Περὶ
368 861 468 903 τῶν
492 852 611 918 μετὰ
637 860 790 903 ταῦτα
811 850 1243 918 συμβεβηκότων’
1221 870 1275 900 εν
1301 851 1431 919 λιμῶ
1456 851 1538 900 καὶ
1564 856 1713 920 λοιμῷ

181 924 264 973 καὶ
290 922 532 988 πολέμοις.

110 994 182 1048 θ’.
222 994 350 1059 Περὶ
373 1002 460 1059 τῆς
490 1002 588 1044 τῶν
611 998 869 1057 θεοφιλῶν
895 990 1138 1058 βασιλέων
1163 992 1318 1056 νίκης.

111 1065 159 1113 ι’.
224 1064 350 1131 Περὶ
387 1072 472 1130 τῆς
511 1072 612 1114 τῶν
649 1063 916 1130 τυράννων
951 1069 1297 1128 καταστροφῆς
1336 1069 1423 1111 τοῦ
1459 1062 1598 1127 βίου,
1638 1063 1719 1111 καὶ

183 1135 312 1195 οἴαις
340 1134 607 1202 ἐχρήσαντο
631 1133 726 1200 πρὸ
753 1142 838 1199 τῆς
866 1138 1090 1198 τελευτῆς
1118 1138 1329 1196 φωναῖς.

111 1205 197 1255 ια’.
262 1205 389 1270 Περὶ
438 1213 526 1270 τῆς
575 1202 789 1269 ὑστάτης
838 1202 1093 1263 άπωλείας
1144 1211 1243 1253 τῶν
1292 1210 1380 1268 τῆς
1431 1203 1719 1268 θεοσεβείας

184 1274 396 1341 ἐχθρῶν.

778 1402 986 1442 ΛΟΓΟΣ
1017 1401 1055 1442 Ι.

114 1484 179 1539 α’,
221 1483 345 1550 Περὶ
371 1491 458 1550 τῆς
485 1483 538 1533 ἐκ
563 1488 690 1534 θεοῦ
715 1484 1146 1549 πρυτανευθείσης
1173 1481 1295 1549 ἡμῖν
1319 1483 1536 1550 εἰρήνης.

116 1555 178 1621 β’.
218 1554 346 1620 Περὶ
371 1561 458 1618 τῆς
486 1562 587 1603 τῶν
613 1553 888 1618 ἐκκλησιῶν
912 1551 1253 1614 ἀνανεώσεως.

115 1624 174 1691 γ’.
215 1624 342 1688 Περὶ
367 1632 470 1673 τῶν
493 1624 617 1673 κατὰ
643 1623 807 1673 πάντα
833 1624 986 1674 τόπον
1012 1623 1291 1690 ἐγκαινίων,

117 1694 178 1744 δ’.
218 1692 572 1760 Πανηγυρικὸς
601 1693 679 1744 ἐπὶ
705 1701 766 1763 τῇ
791 1702 894 1744 τῶν
917 1694 1219 1761 πραγμάτων
1245 1694 1553 1759 φαιδρότητι.

31 1817 34 1819 Α
118 1764 172 1815 ε’.
207 1762 510 1830 Ἀντίγραφα
535 1767 808 1830 βασιλικῶν
835 1764 1016 1829 νόμων.

121 1835 179 1893 ς’.
219 1833 347 1900 Περὶ
372 1842 472 1885 τῶν
497 1838 815 1900 Χριστιανοῖς
840 1834 1208 1900 προσηκόντων.

119 1904 170 1964 ζ’.
211 1904 338 1971 Περὶ
361 1913 447 1971 τῆς
471 1913 571 1955 τῶν
595 1910 844 1971 κληρικῶν
867 1903 1285 1972 άλειτουργησίας.

122 1974 182 2041 η’.
222 1974 347 2041 Περὶ
382 1983 468 2042 τῆς
494 1977 766 2026 Λικιννίου
803 1977 871 2036 εἰς
906 1974 1116 2043 ὕστερον
1139 1977 1493 2043 κακοτροπίας,
1531 1975 1613 2026 καὶ
1642 1984 1726 2040 τῆς

191 2053 533 2113 καταστροφῆς
558 2043 728 2097 αὐτοῦ’.

122 2113 191 2163 θ’.
232 2115 359 2181 Περὶ
382 2123 469 2182 τῆς
495 2117 637 2182 νίκης
662 2118 1051 2167 Κωνσταντίνου
1077 2117 1160 2167 καὶ
1185 2123 1290 2168 τῶν
1314 2114 1405 2167 ὑπ’
1444 2114 1601 2168 αὐτοῦ
1627 2122 1729 2176 τοῖς

194 2182 293 2234 ὑπὸ
320 2184 411 2251 τὴν
429 2183 683 2252 Ῥωμαίων
709 2186 942 2249 ἐξουσίαν
966 2184 1316 2253 ὑπαρξάντων.

197 2980 424 3010 EUsEmth
456 2981 518 3011 nr.
1451 2962 1480 3005 b
