1986 3152
577 100 732 141 HIST.
761 100 1011 142 ECCLES.
1044 102 1098 142 v.
1135 103 1201 142 19.
1587 98 1693 150 223

82 213 239 275 “τίον
268 213 759 289 πεπλημμελήκασι
799 217 926 288 περὶ
956 213 1051 281 τὰς
1081 213 1295 273 τούτων
1324 210 1449 273 Ιτῶν
1479 212 1692 288 ἀπηγο-

81 297 404 375 “ρευμένων
444 298 677 372 κτήσεις.
752 303 1006 372 δείξομεν
1044 298 1149 374 γὰρ
1190 299 1317 367 τοὺς
1359 303 1692 374 λεγομένους

81 381 248 458 “παρ’
277 381 465 451 αὐτοῖς
496 383 781 457 προφήτας
813 386 903 441 καὶ
928 382 1208 458 μάρτυρας
1239 383 1311 457 μὴ
1344 383 1517 458 μόνον
1541 382 1691 458 παρα

78 465 421 541 “πλουσίων,
453 467 591 525 ἀλλὰ
622 469 714 524 καὶ
746 466 896 542 παρὰ
925 472 1159 540 πτωχῶν
1188 471 1281 525 καὶ
1310 466 1578 542 ὀρφανῶν
1598 470 1690 525 καὶ

77 551 302 627 “χηρῶν
331 553 834 625 κερματιζομένους.
897 558 942 610 8.
978 554 1070 610 καὶ
1095 558 1147 609 εί
1167 559 1506 625 πεποίθησιν
1538 558 1688 626 ἔχου·
1711 571 1735 603 5

77 635 237 709 “σιν,
288 635 576 710 στήτωσαν
616 639 677 693 ἐν
706 635 910 712 τούτῳ,
963 639 1055 693 καὶ
1096 635 1549 709 διορισάσθωσαν
1601 638 1690 694 ἐπὶ

77 717 354 792 “τούτοις,
394 725 490 777 ἵνα
529 719 627 776 ἐὰν
659 723 994 792 ἐλεγχθῶσι,
1041 716 1146 777 κᾶν
1175 724 1279 777 τοῦ
1308 723 1506 777 λοιποῦ
1546 719 1692 778 παύ-

78 804 323 864 “σωνται
362 807 838 877 πλημμελοῦντες·
883 809 974 861 δεῖ
1008 802 1112 877 γὰρ
1151 802 1280 870 τοὺς
1320 803 1565 877 καρποὺς
1602 810 1690 861 δο-

75 884 438 962 “κιμοὲζεσθαι
477 889 578 945 τοῦ
615 886 933 960 προφήτου,
979 886 1086 945 ἀπὸ
1117 886 1222 960 γὰρ
1253 891 1352 945 τοῦ
1385 894 1600 959 καρποῦ
1631 886 1691 944 τὸ

76 968 279 1040 “ξύλον
318 970 660 1044 γινώσκεται.
734 977 780 1029 9.
833 977 927 1029 ἵνα
969 973 1029 1029 δὲ
1070 987 1184 1038 τοῖς
1224 974 1583 1045 βουλομένοις
1623 971 1690 1028 τὰ
1713 991 1755 1023 10

77 1053 250 1114 “κατά
271 1055 639 1128 Ἀλέξανδρον
669 1049 704 1130 ᾗ
727 1055 996 1129 γνώριμα,
1029 1060 1272 1129 κέκριται
1294 1054 1404 1113 ὑπὸ
1427 1062 1691 1129 Αἰμιλίου

77 1137 428 1213 “Φροντίνου
458 1139 789 1198 ἀνθυπατου
822 1144 882 1197 ἐν
908 1137 1148 1243 Ἐφέσῳ,
1183 1165 1250 1198 ου
1284 1140 1375 1197 δια
1404 1140 1464 1198 τὸ
1495 1139 1689 1213 ὄνομα,

76 1221 254 1282 “ἆλλα
286 1223 358 1281 δι’
394 1249 458 1292 ας
483 1223 747 1298 ἐτόλμησε
778 1231 1064 1299 λῃστείας,
1097 1222 1175 1282 ὢν
1206 1223 1314 1297 ἤδη
1338 1223 1687 1297 παραβατης·

77 1305 232 1366 “εἷτα
264 1308 702 1382 ἐπιψευσαμενος
743 1333 819 1386 τῳ
849 1306 1076 1381 ὀνόματι
1116 1333 1216 1366 του
1258 1315 1456 1381 κυρίου
1488 1305 1690 1366 ἀπολέ-

76 1390 295 1466 “λυται,
327 1392 610 1466 πλανήσας
642 1393 768 1461 τοὺς
812 1396 927 1451 ἐκεῖ
954 1393 1209 1460 πιστούς·
1255 1391 1404 1465 καὶὴ
1438 1398 1555 1449 ἰδία
1587 1415 1687 1449 πα·-
1712 1409 1753 1443 15

75 1477 295 1553 “ροικία
337 1476 536 1550 αὐτὸν,
578 1476 717 1536 ὅθεν
745 1470 844 1550 ἦν,
887 1474 991 1535 οὐκ
1024 1481 1272 1549 ἐδέξατο,
1320 1477 1411 1534 διὰ
1451 1476 1511 1534 τὸ
1545 1477 1691 1535 εἶναι

75 1559 286 1619 “αὐτόν
315 1561 537 1635 λῃστήν.
600 1564 693 1618 καὶ
723 1567 782 1618 οἱ
806 1564 1069 1628 θέλοντες
1099 1572 1306 1635 μαθεῖν
1334 1561 1400 1618 τὰ
1430 1563 1549 1618 κατ’
1589 1558 1691 1619 αὐ-

78 1643 211 1704 “τόν
251 1653 439 1719 ἔχουσι
469 1645 527 1703 τὰ
562 1649 658 1718 τῆς
693 1642 877 1712 Ἀσίας
912 1645 1178 1719 δημόσιον
1208 1645 1444 1719 ἀρχεῖον.
1511 1650 1589 1702 10.
1624 1642 1691 1703 ὃν

74 1726 142 1788 “5
174 1729 459 1804 προφήτης
502 1728 746 1788 συνόντα
776 1737 1000 1797 πολλοῖς
1032 1736 1211 1789 ἔτεσιν
1241 1729 1460 1803 ἀγνοεῖ,
1491 1734 1690 1787 τοῦτον

75 1810 427 1888 “ἐλέγχοντες
458 1810 615 1887 ἡμεῖς
657 1811 733 1871 δι’
767 1812 947 1871 αὐτοῦ
986 1817 1078 1871 καὶ
1108 1813 1211 1887 τὴν
1239 1811 1546 1872 ὑπόστασιν
1581 1817 1686 1881 ἐξε-
1710 1831 1754 1864 20

74 1895 379 2003 Σλέγχομεν
407 1903 503 1956 τοῦ
528 1897 955 1972 προφήτου.τὸ
986 1923 1178 1972 ομοιον
1221 1901 1310 1956 ἐπὶ
1340 1901 1561 1957 πολλῶν
1593 1904 1688 1956 δυ-

74 1979 333 2087 Σναμεθα
363 1982 682 2055 ἀποδεῖξαι,
725 1986 818 2040 καὶ
851 1989 900 2040 εἰ
928 1988 1268 2058 θαρροῦσιν,
1310 1981 1687 2055 υπομεινάτω-

75 2065 222 2125 “σαν
253 2066 349 2125 τὸν
380 2066 633 2140 ἔλεγχονῖ
620 2064 653 2087 ”
718 2072 797 2125 11
843 2066 1013 2126 παλιν
1041 2091 1100 2125 τε
1131 2069 1202 2125 αὐ
1235 2072 1295 2125 ἐν
1337 2069 1507 2164 ἑτέρῳ
1541 2065 1687 2143 τόπῳ

80 2155 178 2210 τοῦ
208 2171 630 2226 συγγραμματος
667 2154 794 2225 περὶ
842 2143 921 2210 ῶν
951 2151 1185 2226 αὐχοῦσι
1225 2155 1527 2225 προφητῶν
1571 2154 1689 2207 ε’πι-

82 2238 229 2308 λέγει
257 2236 464 2293 ταῦτα
470 2234 591 2293 “ἐαν
621 2234 902 2310 ἀρνῶνται
934 2241 1086 2310 δῶρα
1116 2261 1242 2303 τους
1267 2234 1551 2310 προφήτας
1582 2259 1686 2292 αυ-
1711 2250 1753 2283 25

76 2316 224 2379 “τῶν
277 2323 590 2394 εἰληφέναι,
643 2326 804 2379 τοῦτο
856 2320 1387 2394 ὁμολογησατωσαν,
1447 2318 1531 2377 ὅτι
1591 2319 1688 2377 ἐὰν

75 2395 455 2478 “ἐλεγχθῶσιν
488 2404 803 2477 εἰληφότες,
854 2403 956 2462 οὐκ
988 2408 1095 2463 εἰσὶ
1126 2410 1422 2479 προφῆται,
1466 2407 1557 2461 καὶ
1587 2429 1688 2477 μυ-

77 2483 237 2562 “plag
269 2487 578 2557 ἀποδείξεις
617 2490 828 2546 τούτων
868 2489 1307 2563 παραστήσομεν.
1384 2486 1688 2562 ἀναγκαῖον

75 2570 182 2631 “δέ
220 2576 332 2630 ε’στι
380 2572 590 2640 πάντας
640 2576 887 2648 καρποὺς
939 2572 1331 2647 δοκιμάζεσθαι
1380 2572 1682 2647 προφήτου.

78 2651 427 2731 “προφήτης,
472 2660 596 2715 εἰπέ
633 2682 752 2731 μοι,
794 2657 1088 2730 βάπτεταις
1129 2658 1413 2732 προφήτης
1454 2664 1681 2730 στιβίζε-
1710 2672 1751 2703 30

197 2852 222 2890 9
252 2850 416 2891 Matth.
450 2853 489 2902 7,
521 2854 590 2894 20.
