1986 3152
268 124 374 176 446
954 122 1203 164 EUSEBH

269 238 575 305 κοινωνούς
604 237 739 310 μετὰ
769 242 1030 304 πλείστας
1060 237 1195 304 ὅσας
1225 242 1409 304 αἰκίας
1431 238 1660 316 θανάτῳ
1692 261 1875 314 παρα·
1946 276 1958 302 ⁴

270 328 480 380 δίδωσι.
537 327 582 379 7.
628 321 844 388 τούτοις
875 321 1047 378 ἅπασι
1075 327 1474 397 προσετίθεντο
1496 323 1590 379 καὶ
1613 327 1671 380 oc
1692 327 1877 392 Μαξι-
1945 323 1954 386 -ἷ

268 414 436 480 μίνου
469 411 664 472 παῖδες
683 449 698 478 ,
731 403 832 472 οὓς
862 403 971 478 ἤδη
1001 407 1094 463 καὶ
1123 411 1220 479 τῆς
1250 411 1539 480 βασιλικῆς
1561 413 1716 481 τιμῆς
1735 451 1750 480 ,
1779 413 1877 480 τῆς
1944 419 1968 498 31'

267 514 325 548 τε
358 493 419 548 ἐν
450 494 636 559 πίναξι
674 491 768 546 καὶ
812 502 1058 565 γραφαῖς
1101 488 1421 557 ἀναθέσεως
1462 497 1726 564 πεποίητο
1759 515 1876 549 κοι-
1944 498 1951 517 ³

224 596 243 629 5
269 575 514 642 νωνούς·
547 576 640 631 καὶ
669 579 728 632 οἱ
754 587 1046 647 συγγενεῖς
1080 574 1142 632 δὲ
1171 579 1273 632 τοῦ
1301 574 1617 650 τυράννου,
1646 575 1709 633 τὸ
1742 577 1877 651 πρὶν
1951 584 1972 652 ,ᾗ

266 656 576 733 αὐχοῦντες
616 660 711 716 καὶ
742 659 954 726 πάντας
989 658 1333 735 ἀνθρώπους
1370 660 1878 718 καταδυναστεύειν

267 746 594 818 ἐπηρμένοι,
636 743 703 801 τὰ
746 741 890 802 αὐτὰ
918 756 1036 811 τοῖς
1066 745 1582 819 προδεδηλωμένοις
1611 744 1748 818 μετά
1779 750 1877 818 τῆς

267 828 498 902 ἐσχάτης
529 827 746 902 ἀτιμίας
778 834 1042 902 ἔπασχον,
1076 829 1193 886 ἐπεὶ
1216 828 1291 902 μὴ
1318 830 1574 897 ἐδέξαντο
1597 834 1876 902 παιδείαν,

264 913 407 986 μηδὲ
439 918 694 985 ἔγνωσαν
733 913 874 986 μηδὲ
916 919 1173 985 συνῆκαν
1203 912 1306 987 τὴν
1335 913 1669 986 φάσκουσαν
1701 916 1762 970 ἐν
1794 917 1874 970 ἰε-

201 1019 242 1051 10
266 1010 384 1071 ροϊς
437 997 618 1070 λόγοις
670 998 1084 1071 παρακέλευσιν
1165 1002 1214 1055 8.
1270 996 1379 1071 ε(μὴ
1431 1003 1731 1055 πεποίθετε
1783 997 1871 1054 ἐπ’

264 1081 566 1155 ἄρχοντας,
622 1083 713 1138 ε’πὶ
743 1079 908 1148 υίοῦς
939 1080 1292 1156 ἀνθρώπων,
1345 1079 1429 1148 οἷς
1471 1081 1576 1138 οὐκ
1620 1087 1732 1139 ἔστι
1761 1099 1875 1139 σω-

263 1172 451 1238 τηρία·
487 1165 825 1233 ἐξελεύσεται
853 1165 916 1222 τὸ
949 1171 1175 1238 πνεῦμα
1206 1163 1384 1222 αὐτοῦ
1415 1167 1510 1222 καὶ
1541 1164 1877 1240 ἀποστρέψει

265 1255 342 1316 εἰς
372 1249 474 1322 τὴν
504 1255 615 1322 γῆν
646 1245 850 1307 αὐτοῦ·
896 1252 956 1308 ἐν
989 1253 1176 1325 ἐκείνῃ
1216 1254 1288 1324 τῇ
1317 1248 1499 1326 ἡμέρᾳ
1530 1248 1877 1308 ἀπολοῦνται

264 1334 466 1401 πάντες
497 1338 556 1391 οἱ
583 1336 928 1408 διαλογισμοὶ
971 1331 1216 1392 advo-'3223'
1289 1339 1338 1392 9.
1395 1334 1544 1392 οὕτω
1585 1339 1725 1407 δῆτα
1763 1340 1876 1392 τῶν

201 1439 241 1471 15
265 1423 560 1491 δυσσεβῶν
615 1420 1115 1495 ἐκκαθαρθέντων,
1175 1418 1362 1493 μόνοις
1423 1419 1758 1493 ἐφυλάττετο
1810 1418 1874 1476 τοὶ

262 1510 359 1576 τῆς
405 1504 795 1579 προσηκούσης
851 1510 1135 1577 βασιλείας
1190 1503 1385 1576 βέβαιά
1424 1527 1485 1561 τε
1525 1505 1619 1560 καὶ
1675 1502 1876 1561 ἀνεπί-

261 1597 452 1661 φθονα
494 1595 908 1666 Κωνσταντίνῳ
949 1590 1045 1646 καὶ
1083 1595 1381 1666 Λικιννίῳ·
1425 1595 1485 1646 οἳ
1518 1588 1581 1646 τό
1624 1588 1878 1663 πρόσθεν

261 1671 523 1731 ἁπάντων
577 1673 985 1748 ἐκκαθάραντες
1038 1678 1139 1731 τοῦ
1179 1680 1309 1746 βίου
1359 1673 1464 1746 τὴν
1513 1678 1875 1747 θεοεχθρίαν,

217 1778 223 1784 ·
262 1763 377 1814 τῶν
409 1760 468 1814 ἐκ
497 1763 642 1815 θεοῦ
672 1761 1184 1832 πρυτανευθέντων
1208 1757 1443 1830 ἀγαθῶν
1475 1756 1665 1824 αὐτοῖς
1690 1756 1874 1831 ’ᾐσθη-

199 1863 240 1895 20
262 1844 448 1915 με’νοι,
489 1842 552 1899 τὸ
595 1843 894 1918 φιλάρετον
935 1844 1028 1900 καὶ
1068 1843 1362 1916 θεοφιλὲς,
1413 1842 1479 1900 τό
1518 1865 1577 1899 τε
1620 1841 1760 1916 πρὸς
1810 1841 1871 1898 vd

260 1936 423 1984 θεῖον
454 1925 678 2000 εὐσεβὲς
709 1929 802 1984 καὶ
833 1926 1162 2002 εὐχάριστον
1187 1927 1280 1984 διά
1311 1932 1409 2001 τῆς
1438 1923 1583 2002 ῦπὲρ
1610 1936 1874 2001 Χριστια-

266 2016 383 2068 νῶν
416 2014 762 2080 ἐνεδείξαντο
792 2019 1147 2087 νομοθεσίας.

925 2428 1133 2470 ΛΟΓΟΣ
1163 2431 1197 2473 Ι.

471 2527 507 2576 Ι.
587 2525 720 2595 [Nic.
759 2528 816 2578 Η.
859 2528 912 2577 Ε.
953 2528 1051 2586 VlI,
1089 2526 1200 2594 40.]
1280 2522 1403 2593 Θεῷ
1447 2517 1516 2590 δὴ
1571 2518 1728 2593 χάρις
1781 2519 1871 2575 ε’πὶ

196 2619 235 2650 25
259 2606 393 2657 πᾶσι
423 2606 501 2677 τῷ
542 2602 945 2678 παντοκράτορι
984 2603 1078 2659 καὶ
1117 2609 1338 2675 βασιλεῖ
1362 2608 1478 2659 τῶν
1510 2602 1679 2675 ὅλων,
1709 2609 1871 2660 πλεί-

261 2704 361 2759 στη
415 2686 477 2743 δὲ
527 2687 622 2742 καὶ
667 2692 745 2762 τῷ
792 2693 1001 2762 σωτῆρι
1049 2688 1143 2744 καὶ
1196 2692 1452 2762 λυτρωτῇ
1503 2692 1619 2744 τῶν
1671 2692 1868 2760 ψυχῶν
1927 2764 1952 2773 ,Δ

375 2882 427 2922 10
457 2881 627 2922 Psalm.
660 2882 741 2923 145
773 2878 906 2935 (146),
940 2884 981 2923 3.
