1986 3152
281 127 386 177 300
963 122 1210 164 EUSEBII

276 237 421 297 “ἀπὸ
444 241 727 312 αἱρέσεως,
760 239 1302 312 προκατηχηθέντας,
1336 237 1451 295 εἶτα
1475 235 1898 298 ἀπολούσασθαι

275 322 302 342 “
313 326 404 380 καὶ
438 320 925 394 ἀνακαθαίρεσθαι
955 321 1051 380 τὸν
1075 326 1172 394 τῆς
1195 325 1432 390 παλαιᾶς
1456 325 1547 380 καὶ
1571 322 1896 398 ἀκαθάρτου

276 406 478 480 “ζύ’μης
511 405 705 481 ῥύπον.
756 409 847 463 καὶ
871 408 997 479 περὶ
1022 405 1235 465 τούτων
1259 405 1432 464 αὐτοῦ
1454 407 1678 466 πάντων
1710 407 1898 482 δεόμε-

276 488 407 558 “vos
451 487 783 549 ἐπέστειλα.”
845 496 893 548 6.
928 493 1020 548 καὶ
1058 491 1191 564 μεθ’
1238 490 1399 563 ἕτερά
1443 513 1580 564 φησι
1613 488 1744 550 “aaz
1783 507 1898 559 τοῖς

239 572 617 648 5“ἀγαπητοῑς
660 577 721 633 δὲ
760 571 919 648 ἡμῶν
949 577 1040 632 καὶ
1072 579 1581 649 συμπρεσβυτέροις
1611 583 1899 653 Διονυσίῳ

273 659 404 717 “καὶ
433 658 737 733 Φιλήμονι,
775 659 1096 733 συμψήφοις
1137 659 1408 735 πρότερον
1439 658 1715 737 Στεφάνῳ
1745 683 1901 733 γενο-

274 740 515 818 “με’νοις,
549 746 639 801 καὶ
671 746 797 818 περὶ
829 748 940 802 τῶν
971 743 1158 802 αὐτῶν
1186 769 1277 817 μοι
1300 743 1599 819 γράφουσι,
1630 743 1901 817 πρότερον

273 827 414 902 “μὲν
462 827 650 902 ὀλίγα,
705 830 796 886 καὶ
844 834 954 886 νῦν
1007 829 1068 886 δὲ
1122 829 1213 886 διὰ
1254 828 1528 887 πλειόνων
1570 826 1898 887 ἐπέστειλα.”

282 910 421 970 ἀλλά
451 917 625 970 ταῦτα
654 914 756 987 μὲν
786 916 913 985 περὶ
942 917 1040 971 τοῦ
1074 916 1420 987 δηλουμένου
1451 911 1763 987 ζητήματος.

222 1015 263 1046 10
414 1009 491 1058 VI.
547 1009 675 1075 [Nic.
704 1010 763 1058 H.
791 1010 846 1058 E.
874 1010 948 1066 VI,
980 1008 1051 1075 7.]
1136 1003 1443 1071 Σημαίνων
1488 999 1550 1055 δὲ
1608 1002 1668 1056 ἐν
1717 994 1903 1075 ταύτῷ

283 1083 374 1138 καὶ
417 1084 544 1154 περὶ
594 1086 707 1138 τῶν
757 1083 893 1138 κατὰ
939 1085 1252 1154 Σαβέλλιον
1301 1086 1596 1155 αἰρετικῶν
1649 1079 1722 1149 ὥς
1770 1080 1894 1139 κατ’

284 1164 454 1222 αὐτὸν
487 1164 931 1234 ἐπιπολαζόντων
959 1165 1132 1222 ταῦτά
1163 1185 1300 1239 φησι
1332 1162 1497 1239 “περὶ
1527 1160 1631 1239 γάρ
1662 1169 1763 1223 τοῦ
1792 1169 1901 1224 νῦν

275 1245 640 1322 “κινηθε’ντος
710 1252 769 1307 ἐν
825 1254 891 1324 τῇ
950 1256 1288 1323 Πτολεμαΐδι
1346 1253 1442 1322 τῆς
1500 1249 1902 1318 Πενταπόλεως

275 1329 611 1406 ε’δόγματος,
663 1331 820 1400 ὄντος
872 1330 1109 1406 ἀσεβοῦς
1159 1337 1251 1391 καὶ
1291 1341 1651 1408 βλασφημίαν
1692 1334 1903 1407 πολλὴν

221 1436 262 1467 15
278 1415 534 1491 “ἔχοντος
565 1420 692 1490 περὶ
729 1423 828 1475 τοῦ
869 1418 1308 1493 παντοκράτορος
1348 1423 1517 1492 θεοῦ,
1559 1418 1765 1494 πατρὸς
1803 1422 1902 1476 τοῦ

279 1498 514 1574 ’(κυρίου
556 1500 714 1575 ἡμῶν
749 1499 929 1576 Ἰησοῦ
968 1507 1240 1576 Χριστοῦ,
1287 1501 1552 1561 ἀπιστιάν
1594 1528 1652 1561 τε
1692 1503 1904 1578 πολλὴν

275 1585 441 1659 “περὶ
479 1590 581 1643 τοῦ
620 1591 957 1660 μονογενοῦς
998 1587 1194 1656 παιδὸς
1226 1587 1398 1646 αὐτοῦ
1429 1590 1520 1645 καὶ
1551 1586 1903 1662 πρωτοτόκου

277 1666 494 1743 “πάσης
526 1677 783 1744 κτίσεως,
821 1676 919 1730 τοῦ
952 1672 1489 1746 ἐνανθρωπήσαντος
1520 1674 1716 1746 λόγου,
1747 1670 1902 1730 ἀναι-

277 1750 563 1827 “σθησίαν
590 1757 655 1812 δὲ
685 1760 784 1813 τοῦ
816 1753 979 1830 ἀγίου
1009 1756 1347 1831 πνεύματος,
1397 1756 1679 1815 ἐλθόντων
1712 1759 1902 1814 ἑκατέ-

224 1837 297 1887 20‘
303 1835 510 1913 ρωθεν
541 1839 677 1911 πρὸς
703 1842 795 1914 ἐμὲ
819 1843 911 1898 καὶ
935 1840 1380 1915 προγραμμάτων
1403 1844 1493 1898 καὶ
1517 1845 1629 1899 τῶν
1656 1844 1902 1910 διαλεξο-

275 1921 498 2026 ἶῖμένων
557 1924 853 1999 ἀδελφῶν,
924 1925 1207 1984 ἐπέστειλά
1275 1951 1400 1985 τινα
1460 1925 1532 1994 ὦς
1593 1924 1901 1999 ἐδυνήθην,

277 2003 698 2111 :napao‘ffivvog
723 2014 825 2068 τοῦ
853 2015 1021 2084 θεοῦ,
1065 2010 1605 2083 διδασκαλικώτερον
1648 2007 1903 2085 ὑφηγού-

277 2086 498 2163 “μενος,
532 2117 612 2149 ων
642 2093 707 2149 τὰ
738 2093 1054 2168 ἀντίγραφα
1086 2094 1302 2168 ἔπεμψά
1333 2113 1434 2152 σοι
1438 2092 1467 2113 ”

412 2187 514 2235 Vll.
578 2187 706 2252 [Nic.
734 2190 792 2237 H.
822 2189 876 2238 E
907 2190 982 2246 v1,
1011 2187 1083 2254 8.]
1158 2181 1271 2236 Καὶ
1314 2182 1373 2236 ἐν
1413 2181 1479 2252 τῇ
1508 2185 1665 2252 τρίτῃ
1700 2179 1761 2235 δὲ
1791 2183 1905 2235 τῶν

221 2274 262 2306 25
286 2261 411 2329 περὶ
465 2266 872 2333 βαπτίσματος,
931 2258 1004 2334 ἣν
1059 2261 1331 2336 Φιλήμονι
1381 2266 1458 2339 τῷ
1509 2262 1647 2320 κατὰ
1687 2258 1906 2335 Ρώμην

283 2346 647 2421 πρεσβυτέρω
678 2340 707 2401 ὁ
741 2344 903 2414 αὐτὸς
933 2344 1136 2421 γράφει
1167 2346 1486 2420 Διονύσιος,
1519 2353 1693 2404 ταῦτα
1723 2369 1904 2420 παρα-

283 2433 498 2484 τίθεται
534 2423 678 2500 “ἐγώ
712 2430 771 2486 δὲ
803 2432 894 2486 καὶ
925 2444 1039 2498 τοῖς
1071 2431 1414 2505 συντάγμασι
1445 2435 1536 2489 καὶ
1565 2446 1685 2498 ταῖς
1723 2453 1904 2505 παρα-

275 2509 506 2569 “δόσεσι
538 2518 651 2569 τῶν
697 2518 989 2587 αἰρετικων
1032 2519 1321 2590 ἐνέτυχον,
1363 2523 1612 2590 χραίνων
1651 2518 1754 2589 μέν
1793 2539 1902 2589 μου

276 2590 450 2695 ἶπρὸς
501 2596 693 2669 ὀλίγον
748 2597 853 2671 τὴν
903 2599 1088 2674 ψυχὴν
1139 2615 1257 2668 ταῖς
1317 2599 1652 2704 παμμιάροις
1713 2598 1902 2656 αὐτῶν

219 2675 291 2727 30
295 2674 723 2754 ‘gvssqu'ffth
784 2681 979 2756 όνησιν
1034 2682 1087 2742 δ’
1142 2677 1245 2743 οῦν
1303 2682 1399 2742 ἀπ’
1458 2682 1645 2742 αὐτων
1695 2682 1902 2755 ταύτην

275 2759 647 2865 ἱζλαμβάνων,
689 2764 749 2823 τὸ
783 2771 1085 2842 ἐξελέγχειν
1116 2766 1321 2838 αυτούς
1352 2766 1485 2843 παρ’
1521 2771 1765 2845 ἐμαυτῷ,
1786 2767 1902 2824 καὶ

278 2839 459 2906 τεπολύ
493 2851 662 2908 πλέον
693 2851 1111 2922 βδελύττεσθαι.
1166 2859 1214 2911 2.
1247 2856 1340 2911 καὶ
1373 2853 1442 2927 δή
1471 2878 1618 2920 τινος
1649 2851 1899 2925 ἀδελφοῦ
