<?xml version="1.0" encoding="UTF-8"?>
<!DOCTYPE html PUBLIC "-//W3C//DTD XHTML 1.0 Transitional//EN"
    "http://www.w3.org/TR/xhtml1/DTD/xhtml1-transitional.dtd">
<html xmlns="http://www.w3.org/1999/xhtml" xml:lang="en" lang="en">
 <head>
  <title>
</title>
<meta http-equiv="Content-Type" content="text/html;charset=utf-8" />
  <meta name='ocr-system' content='tesseract 3.04.00' />
  <meta name='ocr-capabilities' content='ocr_page ocr_carea ocr_par ocr_line ocrx_word'/>
</head>
<body>
  <div class='ocr_page' id='page_1' title='image "./operaeusebius04euseuoft_0104.png"; bbox 0 0 2032 3174; ppageno 0'>
   <div class='ocr_carea' id='block_1_1' title="bbox 305 0 2032 555">
    <p class='ocr_par' dir='ltr' id='par_1_1' title="bbox 305 0 2032 555">
     <span class='ocr_line' id='line_1_1' title="bbox 2013 0 2032 62; baseline 0 0"><span class='ocrx_word' id='word_1_1' title='bbox 2013 0 2032 62; x_wconf 66' lang='grc' dir='ltr'><em>ἲ.</em></span> 
     </span>
     <span class='ocr_line' id='line_1_2' title="bbox 305 114 2032 206; baseline -0.003 -50"><span class='ocrx_word' id='word_1_2' title='bbox 305 118 375 168; x_wconf 77' lang='lat'><em>44</em></span> <span class='ocrx_word' id='word_1_3' title='bbox 985 114 1229 154; x_wconf 78' lang='lat' dir='ltr'>EUSEBH</span> <span class='ocrx_word' id='word_1_4' title='bbox 2018 159 2032 206; x_wconf 73' lang='lat' dir='ltr'>i</span> 
     </span>
     <span class='ocr_line' id='line_1_3' title="bbox 308 225 1913 302; baseline -0.004 -12"><span class='ocrx_word' id='word_1_5' title='bbox 308 238 422 298; x_wconf 77' lang='grc' dir='ltr'><em>πῶς</em></span> <span class='ocrx_word' id='word_1_6' title='bbox 447 231 511 289; x_wconf 78' lang='grc' dir='ltr'><em>τα</em></span> <span class='ocrx_word' id='word_1_7' title='bbox 536 230 795 299; x_wconf 79' lang='grc' dir='ltr'><em>ἀλλότρια</em></span> <span class='ocrx_word' id='word_1_8' title='bbox 826 225 1178 302; x_wconf 81' lang='grc' dir='ltr'><em>ληψόμεθα;”</em></span> <span class='ocrx_word' id='word_1_9' title='bbox 1210 232 1295 284; x_wconf 80' lang='grc'><em>22.</em></span> <span class='ocrx_word' id='word_1_10' title='bbox 1324 226 1573 302; x_wconf 76' lang='grc' dir='ltr'><em>ἐπράχθη</em></span> <span class='ocrx_word' id='word_1_11' title='bbox 1597 231 1769 284; x_wconf 83' lang='grc' dir='ltr'><em>ταῦτα</em></span> <span class='ocrx_word' id='word_1_12' title='bbox 1791 246 1913 285; x_wconf 83' lang='grc' dir='ltr'><em>τεσ-</em></span> 
     </span>
     <span class='ocr_line' id='line_1_4' title="bbox 307 308 1916 391; baseline -0.004 -18"><span class='ocrx_word' id='word_1_13' title='bbox 307 320 627 391; x_wconf 78' lang='grc' dir='ltr'><em>σαρακοστῷ</em></span> <span class='ocrx_word' id='word_1_14' title='bbox 651 315 742 370; x_wconf 87' lang='grc' dir='ltr'><em>καὶ</em></span> <span class='ocrx_word' id='word_1_15' title='bbox 765 317 1158 388; x_wconf 78' lang='grc' dir='ltr'><em>τριακοσιοστῷ</em></span> <span class='ocrx_word' id='word_1_16' title='bbox 1184 317 1309 383; x_wconf 79' lang='grc' dir='ltr'><em>ἔτει,</em></span> <span class='ocrx_word' id='word_1_17' title='bbox 1340 308 1374 367; x_wconf 73' lang='grc' dir='ltr'><em>ἃ</em></span> <span class='ocrx_word' id='word_1_18' title='bbox 1399 313 1491 368; x_wconf 85' lang='grc' dir='ltr'><em>καὶ</em></span> <span class='ocrx_word' id='word_1_19' title='bbox 1514 309 1618 368; x_wconf 83' lang='grc' dir='ltr'><em>οὐκ</em></span> <span class='ocrx_word' id='word_1_20' title='bbox 1643 317 1720 377; x_wconf 83' lang='grc' dir='ltr'><em>εἰς</em></span> <span class='ocrx_word' id='word_1_21' title='bbox 1745 308 1916 384; x_wconf 71' lang='grc' dir='ltr'><em>ἄχρη-</em></span> 
     </span>
     <span class='ocr_line' id='line_1_5' title="bbox 307 394 1918 472; baseline -0.003 -16"><span class='ocrx_word' id='word_1_22' title='bbox 307 418 437 457; x_wconf 91' lang='grc' dir='ltr'><em>στον</em></span> <span class='ocrx_word' id='word_1_23' title='bbox 467 398 604 472; x_wconf 87' lang='grc' dir='ltr'><em>πρὸς</em></span> <span class='ocrx_word' id='word_1_24' title='bbox 635 400 781 464; x_wconf 81' lang='grc' dir='ltr'><em>λέξιν</em></span> <span class='ocrx_word' id='word_1_25' title='bbox 813 401 872 454; x_wconf 85' lang='grc' dir='ltr'><em>ἐκ</em></span> <span class='ocrx_word' id='word_1_26' title='bbox 901 400 997 468; x_wconf 89' lang='grc' dir='ltr'><em>τῆς</em></span> <span class='ocrx_word' id='word_1_27' title='bbox 1026 394 1233 469; x_wconf 79' lang='grc' dir='ltr'><em>Σύρων</em></span> <span class='ocrx_word' id='word_1_28' title='bbox 1273 397 1690 468; x_wconf 83' lang='grc' dir='ltr'><em>μεταβληθέντα</em></span> <span class='ocrx_word' id='word_1_29' title='bbox 1720 400 1918 468; x_wconf 84' lang='grc' dir='ltr'><em>φωνῆς</em></span> 
     </span>
     <span class='ocr_line' id='line_1_6' title="bbox 309 481 1327 555; baseline -0.005 -15"><span class='ocrx_word' id='word_1_30' title='bbox 309 481 554 540; x_wconf 82' lang='grc' dir='ltr'><em>ἐνταῦθά</em></span> <span class='ocrx_word' id='word_1_31' title='bbox 587 505 677 555; x_wconf 92' lang='grc' dir='ltr'><em>μοι</em></span> <span class='ocrx_word' id='word_1_32' title='bbox 709 482 845 537; x_wconf 81' lang='grc' dir='ltr'><em>κατὰ</em></span> <span class='ocrx_word' id='word_1_33' title='bbox 876 481 1070 554; x_wconf 87' lang='grc' dir='ltr'><em>καιρὸν</em></span> <span class='ocrx_word' id='word_1_34' title='bbox 1101 485 1327 536; x_wconf 82' lang='grc' dir='ltr'><em>κείσθω.</em></span> 
     </span>
    </p>
   </div>
   <div class='ocr_carea' id='block_1_2' title="bbox 227 895 1980 2902">
    <p class='ocr_par' dir='ltr' id='par_1_2' title="bbox 921 895 1288 937">
     <span class='ocr_line' id='line_1_7' title="bbox 921 895 1288 937; baseline -0.005 -1"><span class='ocrx_word' id='word_1_35' title='bbox 921 898 965 936; x_wconf 90' lang='grc' dir='ltr'><em>Λ.</em></span> <span class='ocrx_word' id='word_1_36' title='bbox 983 897 1019 937; x_wconf 90' lang='grc' dir='ltr'><strong>Ο</strong></span> <span class='ocrx_word' id='word_1_37' title='bbox 1037 898 1074 937; x_wconf 90' lang='grc' dir='ltr'><strong>Γ</strong></span> <span class='ocrx_word' id='word_1_38' title='bbox 1093 895 1129 936; x_wconf 90' lang='grc' dir='ltr'>Ο</span> <span class='ocrx_word' id='word_1_39' title='bbox 1148 896 1185 934; x_wconf 88' lang='grc' dir='ltr'><strong>Σ</strong></span> <span class='ocrx_word' id='word_1_40' title='bbox 1234 896 1288 935; x_wconf 89' lang='grc' dir='ltr'><em>Β.</em></span> 
     </span>
    </p>

    <p class='ocr_par' dir='ltr' id='par_1_3' title="bbox 299 980 1912 1309">
     <span class='ocr_line' id='line_1_8' title="bbox 431 980 1908 1058; baseline -0.001 -17"><span class='ocrx_word' id='word_1_41' title='bbox 431 982 792 1058; x_wconf 86' lang='grc' dir='ltr'><em>[Προοίμιον.]</em></span> <span class='ocrx_word' id='word_1_42' title='bbox 841 980 979 1040; x_wconf 84' lang='grc' dir='ltr'><em>Ὅσα</em></span> <span class='ocrx_word' id='word_1_43' title='bbox 1008 984 1110 1056; x_wconf 76' lang='grc' dir='ltr'><em>μὲν</em></span> <span class='ocrx_word' id='word_1_44' title='bbox 1140 987 1236 1055; x_wconf 88' lang='grc' dir='ltr'><em>τῆς</em></span> <span class='ocrx_word' id='word_1_45' title='bbox 1284 985 1731 1054; x_wconf 83' lang='grc' dir='ltr'><em>ἐκκλησιαστικῆς</em></span> <span class='ocrx_word' id='word_1_46' title='bbox 1763 987 1908 1040; x_wconf 78' lang='grc' dir='ltr'><em>ἱστο-</em></span> 
     </span>
     <span class='ocr_line' id='line_1_9' title="bbox 301 1066 1911 1142; baseline 0 -18"><span class='ocrx_word' id='word_1_47' title='bbox 301 1071 628 1140; x_wconf 77' lang='grc' dir='ltr'><em>ρίας·ε’χρῆν</em></span> <span class='ocrx_word' id='word_1_48' title='bbox 669 1066 741 1134; x_wconf 78' lang='grc' dir='ltr'><em>ὡς</em></span> <span class='ocrx_word' id='word_1_49' title='bbox 788 1069 847 1124; x_wconf 83' lang='grc' dir='ltr'><em>ἐν</em></span> <span class='ocrx_word' id='word_1_50' title='bbox 891 1072 1159 1142; x_wconf 79' lang='grc' dir='ltr'><em>προοιμίῳ</em></span> <span class='ocrx_word' id='word_1_51' title='bbox 1214 1071 1663 1138; x_wconf 78' lang='grc' dir='ltr'><em>διαστείλασθαι,</em></span> <span class='ocrx_word' id='word_1_52' title='bbox 1709 1071 1804 1138; x_wconf 87' lang='grc' dir='ltr'><em>τῆς</em></span> <span class='ocrx_word' id='word_1_53' title='bbox 1847 1091 1911 1125; x_wconf 83' lang='grc' dir='ltr'><em>τε</em></span> 
     </span>
     <span class='ocr_line' id='line_1_10' title="bbox 299 1149 1912 1223; baseline -0.001 -15"><span class='ocrx_word' id='word_1_54' title='bbox 299 1157 591 1223; x_wconf 80' lang='grc' dir='ltr'><em>θεολογίας</em></span> <span class='ocrx_word' id='word_1_55' title='bbox 621 1154 745 1220; x_wconf 83' lang='grc' dir='ltr'><em>πέρι</em></span> <span class='ocrx_word' id='word_1_56' title='bbox 775 1155 874 1207; x_wconf 83' lang='grc' dir='ltr'><em>τοῦ</em></span> <span class='ocrx_word' id='word_1_57' title='bbox 905 1156 1179 1223; x_wconf 78' lang='grc' dir='ltr'><em>σωτηρίου</em></span> <span class='ocrx_word' id='word_1_58' title='bbox 1218 1149 1386 1222; x_wconf 84' lang='grc' dir='ltr'><em>λόγου</em></span> <span class='ocrx_word' id='word_1_59' title='bbox 1427 1152 1518 1206; x_wconf 89' lang='grc' dir='ltr'><em>καὶ</em></span> <span class='ocrx_word' id='word_1_60' title='bbox 1558 1154 1652 1222; x_wconf 90' lang='grc' dir='ltr'><em>τῆς</em></span> <span class='ocrx_word' id='word_1_61' title='bbox 1682 1149 1912 1223; x_wconf 76' lang='grc' dir='ltr'><em>ἀρχαιο-</em></span> 
     </span>
     <span class='ocr_line' id='line_1_11' title="bbox 299 1232 1905 1309; baseline -0.001 -18"><span class='ocrx_word' id='word_1_62' title='bbox 299 1241 486 1307; x_wconf 80' lang='grc' dir='ltr'><em>λογίας</em></span> <span class='ocrx_word' id='word_1_63' title='bbox 515 1240 628 1292; x_wconf 75' lang='grc' dir='ltr'><em>τῶν</em></span> <span class='ocrx_word' id='word_1_64' title='bbox 657 1239 752 1307; x_wconf 91' lang='grc' dir='ltr'><em>τῆς</em></span> <span class='ocrx_word' id='word_1_65' title='bbox 783 1234 1046 1309; x_wconf 80' lang='grc' dir='ltr'><em>ἡμετέρας</em></span> <span class='ocrx_word' id='word_1_66' title='bbox 1079 1239 1438 1297; x_wconf 80' lang='grc' dir='ltr'><em>διδασκαλίας</em></span> <span class='ocrx_word' id='word_1_67' title='bbox 1471 1232 1779 1306; x_wconf 78' lang='grc' dir='ltr'><em>δογμάτων,</em></span> <span class='ocrx_word' id='word_1_68' title='bbox 1811 1232 1905 1306; x_wconf 82' lang='grc' dir='ltr'><em>άρ-</em></span> 
     </span>
    </p>

    <p class='ocr_par' dir='ltr' id='par_1_4' title="bbox 237 1314 1908 1725">
     <span class='ocr_line' id='line_1_12' title="bbox 237 1314 1908 1392; baseline 0 -17"><span class='ocrx_word' id='word_1_69' title='bbox 237 1347 275 1378; x_wconf 84' lang='lat'><em>10</em></span> <span class='ocrx_word' id='word_1_70' title='bbox 298 1317 576 1392; x_wconf 89' lang='grc' dir='ltr'><em>χαιότητός</em></span> <span class='ocrx_word' id='word_1_71' title='bbox 606 1342 666 1375; x_wconf 91' lang='grc' dir='ltr'><em>τε</em></span> <span class='ocrx_word' id='word_1_72' title='bbox 695 1323 790 1390; x_wconf 89' lang='grc' dir='ltr'><em>τῆς</em></span> <span class='ocrx_word' id='word_1_73' title='bbox 821 1318 956 1375; x_wconf 79' lang='grc' dir='ltr'><em>κατὰ</em></span> <span class='ocrx_word' id='word_1_74' title='bbox 973 1317 1340 1391; x_wconf 81' lang='grc' dir='ltr'><em>Χριστιανοὺς</em></span> <span class='ocrx_word' id='word_1_75' title='bbox 1373 1314 1731 1390; x_wconf 80' lang='grc' dir='ltr'><em>εὐαγγελικῆς</em></span> <span class='ocrx_word' id='word_1_76' title='bbox 1754 1326 1908 1375; x_wconf 82' lang='grc' dir='ltr'><em>πολι-</em></span> 
     </span>
     <span class='ocr_line' id='line_1_13' title="bbox 295 1400 1905 1475; baseline 0 -16"><span class='ocrx_word' id='word_1_77' title='bbox 295 1410 460 1475; x_wconf 82' lang='grc' dir='ltr'><em>τείας,</em></span> <span class='ocrx_word' id='word_1_78' title='bbox 493 1401 559 1459; x_wconf 83' lang='grc' dir='ltr'><em>οὐ</em></span> <span class='ocrx_word' id='word_1_79' title='bbox 573 1400 682 1475; x_wconf 87' lang='grc' dir='ltr'><em>μὴν</em></span> <span class='ocrx_word' id='word_1_80' title='bbox 704 1400 946 1459; x_wconf 75' lang='grc' dir='ltr'><em>ἀλλὰκαὶ</em></span> <span class='ocrx_word' id='word_1_81' title='bbox 973 1400 1076 1459; x_wconf 80' lang='grc' dir='ltr'><em>ὅσα</em></span> <span class='ocrx_word' id='word_1_82' title='bbox 1100 1404 1227 1475; x_wconf 86' lang='grc' dir='ltr'><em>περὶ</em></span> <span class='ocrx_word' id='word_1_83' title='bbox 1248 1407 1343 1473; x_wconf 86' lang='grc' dir='ltr'><em>τῆς</em></span> <span class='ocrx_word' id='word_1_84' title='bbox 1365 1403 1665 1475; x_wconf 79' lang='grc' dir='ltr'><em>γενομένης</em></span> <span class='ocrx_word' id='word_1_85' title='bbox 1678 1407 1905 1475; x_wconf 81' lang='grc' dir='ltr'><em>ἔναγχος</em></span> 
     </span>
     <span class='ocr_line' id='line_1_14' title="bbox 298 1483 1906 1560; baseline 0 -17"><span class='ocrx_word' id='word_1_86' title='bbox 298 1490 619 1559; x_wconf 78' lang='grc' dir='ltr'><em>ἐπιφανείας</em></span> <span class='ocrx_word' id='word_1_87' title='bbox 651 1483 843 1559; x_wconf 80' lang='grc' dir='ltr'><em>αὐτοῦ,</em></span> <span class='ocrx_word' id='word_1_88' title='bbox 874 1485 940 1542; x_wconf 86' lang='grc' dir='ltr'><em>τά</em></span> <span class='ocrx_word' id='word_1_89' title='bbox 961 1510 1020 1543; x_wconf 89' lang='grc' dir='ltr'><em>τε</em></span> <span class='ocrx_word' id='word_1_90' title='bbox 1050 1489 1177 1560; x_wconf 87' lang='grc' dir='ltr'><em>περὶ</em></span> <span class='ocrx_word' id='word_1_91' title='bbox 1207 1488 1306 1543; x_wconf 81' lang='grc' dir='ltr'><em>τοῦ</em></span> <span class='ocrx_word' id='word_1_92' title='bbox 1335 1484 1552 1552; x_wconf 81' lang='grc' dir='ltr'><em>πάθους</em></span> <span class='ocrx_word' id='word_1_93' title='bbox 1577 1489 1668 1542; x_wconf 87' lang='grc' dir='ltr'><em>καὶ</em></span> <span class='ocrx_word' id='word_1_94' title='bbox 1691 1484 1754 1542; x_wconf 69' lang='grc' dir='ltr'><em>τοὶ</em></span> <span class='ocrx_word' id='word_1_95' title='bbox 1779 1489 1906 1559; x_wconf 81' lang='grc' dir='ltr'><em>περὶ</em></span> 
     </span>
     <span class='ocr_line' id='line_1_15' title="bbox 295 1567 1903 1645; baseline 0 -18"><span class='ocrx_word' id='word_1_96' title='bbox 295 1574 388 1643; x_wconf 89' lang='grc' dir='ltr'><em>τῆς</em></span> <span class='ocrx_word' id='word_1_97' title='bbox 418 1573 530 1627; x_wconf 73' lang='grc' dir='ltr'><em>τῶν</em></span> <span class='ocrx_word' id='word_1_98' title='bbox 560 1569 885 1627; x_wconf 80' lang='grc' dir='ltr'><em>ἀποστόλων</em></span> <span class='ocrx_word' id='word_1_99' title='bbox 916 1573 1142 1642; x_wconf 83' lang='grc' dir='ltr'><em>ἐκλογῆς</em></span> <span class='ocrx_word' id='word_1_100' title='bbox 1176 1572 1235 1627; x_wconf 85' lang='grc' dir='ltr'><em>ἐν</em></span> <span class='ocrx_word' id='word_1_101' title='bbox 1265 1573 1340 1645; x_wconf 76' lang='grc' dir='ltr'><em>τῷ</em></span> <span class='ocrx_word' id='word_1_102' title='bbox 1371 1569 1476 1643; x_wconf 85' lang='grc' dir='ltr'><em>πρὸ</em></span> <span class='ocrx_word' id='word_1_103' title='bbox 1506 1567 1738 1640; x_wconf 77' lang='grc' dir='ltr'><em>τούτου,</em></span> <span class='ocrx_word' id='word_1_104' title='bbox 1771 1587 1903 1627; x_wconf 88' lang='grc' dir='ltr'><em>συν-</em></span> 
     </span>
     <span class='ocr_line' id='line_1_16' title="bbox 294 1651 1902 1725; baseline -0.001 -15"><span class='ocrx_word' id='word_1_105' title='bbox 294 1652 548 1725; x_wconf 89' lang='grc' dir='ltr'><em>τεμόντες</em></span> <span class='ocrx_word' id='word_1_106' title='bbox 596 1652 690 1718; x_wconf 77' lang='grc' dir='ltr'><em>τὰς</em></span> <span class='ocrx_word' id='word_1_107' title='bbox 742 1651 1052 1721; x_wconf 78' lang='grc' dir='ltr'><em>ἀποδείξεις</em></span> <span class='ocrx_word' id='word_1_108' title='bbox 1113 1651 1490 1725; x_wconf 85' lang='grc' dir='ltr'><em>διειλῆφαμεν.</em></span> <span class='ocrx_word' id='word_1_109' title='bbox 1561 1657 1610 1709; x_wconf 78' lang='lat'><em>2.</em></span> <span class='ocrx_word' id='word_1_110' title='bbox 1654 1654 1790 1725; x_wconf 81' lang='grc' dir='ltr'><em>φέρε</em></span> <span class='ocrx_word' id='word_1_111' title='bbox 1843 1651 1902 1709; x_wconf 84' lang='grc' dir='ltr'><em>δ’</em></span> 
     </span>
    </p>

    <p class='ocr_par' dir='ltr' id='par_1_5' title="bbox 233 1734 1904 2062">
     <span class='ocr_line' id='line_1_17' title="bbox 233 1734 1904 1809; baseline 0 -15"><span class='ocrx_word' id='word_1_112' title='bbox 233 1764 272 1795; x_wconf 82' lang='lat'><em>15</em></span> <span class='ocrx_word' id='word_1_113' title='bbox 297 1740 386 1794; x_wconf 85' lang='grc' dir='ltr'><em>ἐπὶ</em></span> <span class='ocrx_word' id='word_1_114' title='bbox 415 1740 513 1794; x_wconf 82' lang='grc' dir='ltr'><em>τοῦ</em></span> <span class='ocrx_word' id='word_1_115' title='bbox 543 1735 812 1809; x_wconf 87' lang='grc' dir='ltr'><em>παρόντος</em></span> <span class='ocrx_word' id='word_1_116' title='bbox 842 1735 951 1809; x_wconf 85' lang='grc' dir='ltr'><em>ῆδη</em></span> <span class='ocrx_word' id='word_1_117' title='bbox 982 1739 1074 1793; x_wconf 87' lang='grc' dir='ltr'><em>καὶ</em></span> <span class='ocrx_word' id='word_1_118' title='bbox 1103 1735 1170 1792; x_wconf 78' lang='grc' dir='ltr'><em>τὰ</em></span> <span class='ocrx_word' id='word_1_119' title='bbox 1200 1736 1334 1809; x_wconf 75' lang='grc' dir='ltr'><em>μετὰ</em></span> <span class='ocrx_word' id='word_1_120' title='bbox 1364 1735 1466 1807; x_wconf 81' lang='grc' dir='ltr'><em>τὴν</em></span> <span class='ocrx_word' id='word_1_121' title='bbox 1495 1734 1774 1808; x_wconf 77' lang='grc' dir='ltr'><em>ἀνάληψιν</em></span> <span class='ocrx_word' id='word_1_122' title='bbox 1805 1736 1904 1794; x_wconf 75' lang='grc' dir='ltr'><em>αὐ·</em></span> 
     </span>
     <span class='ocr_line' id='line_1_18' title="bbox 294 1819 1902 1894; baseline 0.001 -17"><span class='ocrx_word' id='word_1_123' title='bbox 294 1824 391 1878; x_wconf 83' lang='grc' dir='ltr'><em>τοῦ</em></span> <span class='ocrx_word' id='word_1_124' title='bbox 425 1819 877 1894; x_wconf 64' lang='grc' dir='ltr'><em>διασκεψώμεθα,</em></span> <span class='ocrx_word' id='word_1_125' title='bbox 907 1819 974 1877; x_wconf 79' lang='grc' dir='ltr'><em>τα</em></span> <span class='ocrx_word' id='word_1_126' title='bbox 1002 1821 1105 1893; x_wconf 75' lang='grc' dir='ltr'><em>μὲν</em></span> <span class='ocrx_word' id='word_1_127' title='bbox 1127 1823 1188 1876; x_wconf 83' lang='grc' dir='ltr'><em>ἐκ</em></span> <span class='ocrx_word' id='word_1_128' title='bbox 1219 1823 1331 1876; x_wconf 79' lang='grc' dir='ltr'><em>τῶν</em></span> <span class='ocrx_word' id='word_1_129' title='bbox 1356 1826 1534 1877; x_wconf 91' lang='grc' dir='ltr'><em>θείων</em></span> <span class='ocrx_word' id='word_1_130' title='bbox 1557 1839 1902 1894; x_wconf 88' lang='grc' dir='ltr'><em>παρασημαι-</em></span> 
     </span>
     <span class='ocr_line' id='line_1_19' title="bbox 294 1902 1903 1979; baseline 0.001 -18"><span class='ocrx_word' id='word_1_131' title='bbox 294 1904 515 1977; x_wconf 91' lang='grc' dir='ltr'><em>νόμενοι</em></span> <span class='ocrx_word' id='word_1_132' title='bbox 554 1903 915 1978; x_wconf 87' lang='grc' dir='ltr'><em>γραμμάτων,</em></span> <span class='ocrx_word' id='word_1_133' title='bbox 955 1902 1022 1961; x_wconf 81' lang='grc' dir='ltr'><em>τα</em></span> <span class='ocrx_word' id='word_1_134' title='bbox 1062 1902 1112 1959; x_wconf 89' lang='grc' dir='ltr'><em>δ’</em></span> <span class='ocrx_word' id='word_1_135' title='bbox 1161 1907 1371 1971; x_wconf 79' lang='grc' dir='ltr'><em>ἔξωθεν</em></span> <span class='ocrx_word' id='word_1_136' title='bbox 1409 1908 1903 1979; x_wconf 83' lang='grc' dir='ltr'><em>προσιστοροῦντες</em></span> 
     </span>
     <span class='ocr_line' id='line_1_20' title="bbox 296 1981 1795 2062; baseline 0.001 -18"><span class='ocrx_word' id='word_1_137' title='bbox 296 1992 349 2056; x_wconf 82' lang='grc' dir='ltr'><em>ἐξ</em></span> <span class='ocrx_word' id='word_1_138' title='bbox 382 1981 460 2045; x_wconf 71' lang='grc' dir='ltr'><em>ὦν</em></span> <span class='ocrx_word' id='word_1_139' title='bbox 491 1987 627 2045; x_wconf 74' lang='grc' dir='ltr'><em>κατὰ</em></span> <span class='ocrx_word' id='word_1_140' title='bbox 658 1987 852 2061; x_wconf 88' lang='grc' dir='ltr'><em>καιρὸν</em></span> <span class='ocrx_word' id='word_1_141' title='bbox 881 1987 1337 2061; x_wconf 86' lang='grc' dir='ltr'><em>μνημονεύσομεν</em></span> <span class='ocrx_word' id='word_1_142' title='bbox 1366 1987 1795 2062; x_wconf 83' lang='grc' dir='ltr'><em>ὑπομνημάτων.</em></span> 
     </span>
    </p>

    <p class='ocr_par' dir='ltr' id='par_1_6' title="bbox 420 2073 1902 2147">
     <span class='ocr_line' id='line_1_21' title="bbox 420 2073 1902 2147; baseline 0 -16"><span class='ocrx_word' id='word_1_143' title='bbox 420 2083 455 2131; x_wconf 94' lang='grc' dir='ltr'><em>Ι.</em></span> <span class='ocrx_word' id='word_1_144' title='bbox 506 2082 630 2147; x_wconf 84' lang='lat' dir='ltr'>[Nic.</span> <span class='ocrx_word' id='word_1_145' title='bbox 659 2084 716 2132; x_wconf 93' lang='lat' dir='ltr'><em>H.</em></span> <span class='ocrx_word' id='word_1_146' title='bbox 741 2083 797 2131; x_wconf 93' lang='lat' dir='ltr'><em>E.</em></span> <span class='ocrx_word' id='word_1_147' title='bbox 825 2083 884 2143; x_wconf 84' lang='grc' dir='ltr'><em>ΙΙ,</em></span> <span class='ocrx_word' id='word_1_148' title='bbox 916 2081 1092 2147; x_wconf 84' lang='lat'><strong>1—6.]</strong></span> <span class='ocrx_word' id='word_1_149' title='bbox 1143 2074 1369 2142; x_wconf 74' lang='grc' dir='ltr'><em>Πρῶτος</em></span> <span class='ocrx_word' id='word_1_150' title='bbox 1386 2075 1680 2146; x_wconf 78' lang='grc' dir='ltr'><em>τοιγαροῦν</em></span> <span class='ocrx_word' id='word_1_151' title='bbox 1698 2079 1776 2139; x_wconf 86' lang='grc' dir='ltr'><em>εἰς</em></span> <span class='ocrx_word' id='word_1_152' title='bbox 1799 2073 1902 2147; x_wconf 82' lang='grc' dir='ltr'><em>τὴν</em></span> 
     </span>
    </p>

    <p class='ocr_par' dir='ltr' id='par_1_7' title="bbox 230 2152 1980 2566">
     <span class='ocr_line' id='line_1_22' title="bbox 230 2152 1899 2229; baseline 0.001 -17"><span class='ocrx_word' id='word_1_153' title='bbox 230 2182 271 2213; x_wconf 82' lang='lat'><em>20</em></span> <span class='ocrx_word' id='word_1_154' title='bbox 294 2152 605 2226; x_wconf 80' lang='grc' dir='ltr'><em>ἀποστολὴν</em></span> <span class='ocrx_word' id='word_1_155' title='bbox 634 2153 758 2212; x_wconf 75' lang='grc' dir='ltr'><em>ἀντὶ</em></span> <span class='ocrx_word' id='word_1_156' title='bbox 787 2161 884 2212; x_wconf 84' lang='grc' dir='ltr'><em>τοῦ</em></span> <span class='ocrx_word' id='word_1_157' title='bbox 915 2154 1189 2227; x_wconf 89' lang='grc' dir='ltr'><em>προδότου</em></span> <span class='ocrx_word' id='word_1_158' title='bbox 1214 2153 1393 2213; x_wconf 81' lang='grc' dir='ltr'><em>Ἰούδα</em></span> <span class='ocrx_word' id='word_1_159' title='bbox 1415 2160 1713 2229; x_wconf 84' lang='grc' dir='ltr'><em>κληροῦται</em></span> <span class='ocrx_word' id='word_1_160' title='bbox 1735 2165 1899 2214; x_wconf 91' lang='grc' dir='ltr'><em>Ματ-</em></span> 
     </span>
     <span class='ocr_line' id='line_1_23' title="bbox 291 2236 1900 2314; baseline 0.002 -19"><span class='ocrx_word' id='word_1_161' title='bbox 291 2245 452 2311; x_wconf 88' lang='grc' dir='ltr'><em>θιάς,</em></span> <span class='ocrx_word' id='word_1_162' title='bbox 486 2236 563 2305; x_wconf 81' lang='grc' dir='ltr'><em>εἷς</em></span> <span class='ocrx_word' id='word_1_163' title='bbox 594 2242 686 2295; x_wconf 83' lang='grc' dir='ltr'><em>καὶ</em></span> <span class='ocrx_word' id='word_1_164' title='bbox 717 2239 913 2310; x_wconf 84' lang='grc' dir='ltr'><em>αὐτὸς,</em></span> <span class='ocrx_word' id='word_1_165' title='bbox 959 2237 1032 2304; x_wconf 79' lang='grc' dir='ltr'><em>ὡς</em></span> <span class='ocrx_word' id='word_1_166' title='bbox 1066 2237 1398 2312; x_wconf 86' lang='grc' dir='ltr'><em>δεδήλωται,</em></span> <span class='ocrx_word' id='word_1_167' title='bbox 1429 2245 1542 2296; x_wconf 77' lang='grc' dir='ltr'><em>τῶν</em></span> <span class='ocrx_word' id='word_1_168' title='bbox 1571 2243 1671 2296; x_wconf 79' lang='grc' dir='ltr'><em>τοῦ</em></span> <span class='ocrx_word' id='word_1_169' title='bbox 1700 2250 1900 2314; x_wconf 89' lang='grc' dir='ltr'><em>κυρίου</em></span> 
     </span>
     <span class='ocr_line' id='line_1_24' title="bbox 291 2321 1980 2397; baseline 0.002 -19"><span class='ocrx_word' id='word_1_170' title='bbox 291 2321 585 2394; x_wconf 89' lang='grc' dir='ltr'><em>γενόμενος</em></span> <span class='ocrx_word' id='word_1_171' title='bbox 625 2326 905 2395; x_wconf 72' lang='grc' dir='ltr'><em>μαθητῶν,</em></span> <span class='ocrx_word' id='word_1_172' title='bbox 978 2329 1343 2381; x_wconf 87' lang='grc' dir='ltr'><em>καθίστανται</em></span> <span class='ocrx_word' id='word_1_173' title='bbox 1383 2325 1444 2381; x_wconf 75' lang='grc' dir='ltr'><em>δὲ</em></span> <span class='ocrx_word' id='word_1_174' title='bbox 1485 2321 1562 2380; x_wconf 88' lang='grc' dir='ltr'><em>δι’</em></span> <span class='ocrx_word' id='word_1_175' title='bbox 1599 2321 1759 2397; x_wconf 79' lang='grc' dir='ltr'><em>εὐχῆς</em></span> <span class='ocrx_word' id='word_1_176' title='bbox 1804 2327 1896 2382; x_wconf 85' lang='grc' dir='ltr'><em>καὶ</em></span> <span class='ocrx_word' id='word_1_177' title='bbox 1975 2326 1980 2331; x_wconf 70' lang='grc'><strong>’</strong></span> 
     </span>
     <span class='ocr_line' id='line_1_25' title="bbox 290 2404 1897 2481; baseline 0.001 -18"><span class='ocrx_word' id='word_1_178' title='bbox 290 2412 492 2479; x_wconf 76' lang='grc' dir='ltr'><em>χειρῶν</em></span> <span class='ocrx_word' id='word_1_179' title='bbox 516 2408 815 2473; x_wconf 84' lang='grc' dir='ltr'><em>ἐπιθέσεως</em></span> <span class='ocrx_word' id='word_1_180' title='bbox 837 2409 948 2464; x_wconf 81' lang='grc' dir='ltr'><em>των</em></span> <span class='ocrx_word' id='word_1_181' title='bbox 967 2404 1289 2466; x_wconf 79' lang='grc' dir='ltr'><em>ἀποστόλων</em></span> <span class='ocrx_word' id='word_1_182' title='bbox 1313 2414 1391 2474; x_wconf 85' lang='grc' dir='ltr'><em>εἰς</em></span> <span class='ocrx_word' id='word_1_183' title='bbox 1418 2414 1726 2481; x_wconf 85' lang='grc' dir='ltr'><em>διακονίαν,</em></span> <span class='ocrx_word' id='word_1_184' title='bbox 1757 2407 1897 2481; x_wconf 83' lang='grc' dir='ltr'><em>ὑπη-</em></span> 
     </span>
     <span class='ocr_line' id='line_1_26' title="bbox 291 2489 1895 2566; baseline 0.002 -20"><span class='ocrx_word' id='word_1_185' title='bbox 291 2496 478 2559; x_wconf 88' lang='grc' dir='ltr'><em>ρεσίας</em></span> <span class='ocrx_word' id='word_1_186' title='bbox 509 2493 669 2547; x_wconf 82' lang='grc' dir='ltr'><em>ἕνεκα</em></span> <span class='ocrx_word' id='word_1_187' title='bbox 699 2496 797 2547; x_wconf 80' lang='grc' dir='ltr'><em>τοῦ</em></span> <span class='ocrx_word' id='word_1_188' title='bbox 829 2494 1047 2562; x_wconf 83' lang='grc' dir='ltr'><em>κοινοῦ,</em></span> <span class='ocrx_word' id='word_1_189' title='bbox 1080 2489 1281 2564; x_wconf 74' lang='grc' dir='ltr'><em>ἄνδρες</em></span> <span class='ocrx_word' id='word_1_190' title='bbox 1313 2495 1770 2566; x_wconf 82' lang='grc' dir='ltr'><em>δεδοκιμασμένοι</em></span> <span class='ocrx_word' id='word_1_191' title='bbox 1799 2491 1895 2549; x_wconf 84' lang='grc' dir='ltr'><em>τὸν</em></span> 
     </span>
    </p>

    <p class='ocr_par' dir='ltr' id='par_1_8' title="bbox 227 2571 1895 2902">
     <span class='ocr_line' id='line_1_27' title="bbox 227 2571 1893 2675; baseline 0.001 -45"><span class='ocrx_word' id='word_1_192' title='bbox 227 2601 267 2631; x_wconf 80' lang='lat'><em>25</em></span> <span class='ocrx_word' id='word_1_193' title='bbox 291 2571 533 2646; x_wconf 79' lang='grc' dir='ltr'><em>ἀριθμὸν</em></span> <span class='ocrx_word' id='word_1_194' title='bbox 565 2573 698 2631; x_wconf 80' lang='grc' dir='ltr'><em>ἑπτὰ</em></span> <span class='ocrx_word' id='word_1_195' title='bbox 729 2578 787 2631; x_wconf 78' lang='grc' dir='ltr'><em>οί</em></span> <span class='ocrx_word' id='word_1_196' title='bbox 811 2572 952 2675; x_wconf 74' lang='grc' dir='ltr'><em>ἀμφὶ</em></span> <span class='ocrx_word' id='word_1_197' title='bbox 982 2574 1079 2632; x_wconf 89' lang='grc' dir='ltr'><em>τὸν</em></span> <span class='ocrx_word' id='word_1_198' title='bbox 1111 2577 1436 2649; x_wconf 84' lang='grc' dir='ltr'><em>Στέφανον,</em></span> <span class='ocrx_word' id='word_1_199' title='bbox 1468 2574 1527 2643; x_wconf 79' lang='grc' dir='ltr'><em>ὃς</em></span> <span class='ocrx_word' id='word_1_200' title='bbox 1557 2579 1647 2632; x_wconf 86' lang='grc' dir='ltr'><em>καὶ</em></span> <span class='ocrx_word' id='word_1_201' title='bbox 1679 2579 1893 2648; x_wconf 74' lang='grc' dir='ltr'><em>πρῶτος</em></span> 
     </span>
     <span class='ocr_line' id='line_1_28' title="bbox 288 2656 1894 2736; baseline 0.002 -23"><span class='ocrx_word' id='word_1_202' title='bbox 288 2681 424 2729; x_wconf 86' lang='grc' dir='ltr'><em>μετα</em></span> <span class='ocrx_word' id='word_1_203' title='bbox 453 2656 550 2714; x_wconf 87' lang='grc' dir='ltr'><em>τὸν</em></span> <span class='ocrx_word' id='word_1_204' title='bbox 581 2657 801 2730; x_wconf 83' lang='grc' dir='ltr'><em>κύριον,</em></span> <span class='ocrx_word' id='word_1_205' title='bbox 833 2657 944 2730; x_wconf 81' lang='grc' dir='ltr'><em>ἅμα</em></span> <span class='ocrx_word' id='word_1_206' title='bbox 973 2663 1039 2732; x_wconf 84' lang='grc' dir='ltr'><em>τῇ</em></span> <span class='ocrx_word' id='word_1_207' title='bbox 1070 2666 1406 2736; x_wconf 89' lang='grc' dir='ltr'><em>χειροτονία,</em></span> <span class='ocrx_word' id='word_1_208' title='bbox 1440 2659 1625 2732; x_wconf 77' lang='grc' dir='ltr'><em>ὥσπερ</em></span> <span class='ocrx_word' id='word_1_209' title='bbox 1651 2665 1728 2726; x_wconf 82' lang='grc' dir='ltr'><em>εἰς</em></span> <span class='ocrx_word' id='word_1_210' title='bbox 1760 2656 1894 2716; x_wconf 88' lang='grc' dir='ltr'><em>αυτό</em></span> 
     </span>
     <span class='ocr_line' id='line_1_29' title="bbox 287 2741 1895 2843; baseline 0.002 -46"><span class='ocrx_word' id='word_1_211' title='bbox 287 2743 463 2798; x_wconf 81' lang='grc' dir='ltr'><em>τοῦτο</em></span> <span class='ocrx_word' id='word_1_212' title='bbox 478 2745 796 2814; x_wconf 80' lang='grc' dir='ltr'><em>προαχθεὶς,</em></span> <span class='ocrx_word' id='word_1_213' title='bbox 829 2749 1008 2808; x_wconf 88' lang='grc' dir='ltr'><em>λίθοις</em></span> <span class='ocrx_word' id='word_1_214' title='bbox 1034 2749 1111 2809; x_wconf 84' lang='grc' dir='ltr'><em>εἰς</em></span> <span class='ocrx_word' id='word_1_215' title='bbox 1133 2741 1382 2802; x_wconf 85' lang='grc' dir='ltr'><em>θάνατον</em></span> <span class='ocrx_word' id='word_1_216' title='bbox 1405 2743 1541 2843; x_wconf 83' lang='grc' dir='ltr'><em>πρὸς</em></span> <span class='ocrx_word' id='word_1_217' title='bbox 1563 2768 1674 2800; x_wconf 89' lang='grc' dir='ltr'><em>των</em></span> <span class='ocrx_word' id='word_1_218' title='bbox 1704 2766 1895 2818; x_wconf 91' lang='grc' dir='ltr'><em>κυριο-</em></span> 
     </span>
     <span class='ocr_line' id='line_1_30' title="bbox 287 2823 1893 2902; baseline 0.002 -21"><span class='ocrx_word' id='word_1_219' title='bbox 287 2823 501 2883; x_wconf 86' lang='grc' dir='ltr'><em>κτόνων</em></span> <span class='ocrx_word' id='word_1_220' title='bbox 531 2825 816 2899; x_wconf 84' lang='grc' dir='ltr'><em>βάλλεται,</em></span> <span class='ocrx_word' id='word_1_221' title='bbox 849 2829 939 2883; x_wconf 89' lang='grc' dir='ltr'><em>καὶ</em></span> <span class='ocrx_word' id='word_1_222' title='bbox 970 2825 1139 2902; x_wconf 80' lang='grc' dir='ltr'><em>ταύτῃ</em></span> <span class='ocrx_word' id='word_1_223' title='bbox 1172 2834 1387 2902; x_wconf 77' lang='grc' dir='ltr'><em>πρῶτος</em></span> <span class='ocrx_word' id='word_1_224' title='bbox 1417 2826 1512 2885; x_wconf 83' lang='grc' dir='ltr'><em>τὸν</em></span> <span class='ocrx_word' id='word_1_225' title='bbox 1536 2826 1684 2884; x_wconf 80' lang='grc' dir='ltr'><em>αὐτω</em></span> <span class='ocrx_word' id='word_1_226' title='bbox 1707 2825 1893 2902; x_wconf 74' lang='grc' dir='ltr'><em>φερώ-</em></span> 
     </span>
    </p>
   </div>
  </div>
 </body>
</html>
