1986 3152
537 91 697 132 HlsT.
729 90 976 132 ECCLES.
1009 92 1108 133 v11.
1141 93 1266 136 5—7.
1608 91 1709 143 301

90 203 240 264 θ.”τιῖ)ν
268 208 662 280 πρεσβυτέρων
691 229 759 279 με
789 203 1148 282 ἀπείργοντος
1180 209 1271 264 καὶ
1319 211 1711 281 δεδιττομένου

90 289 526 364 “συμφυ’ρεσθαι
576 293 654 367 τῷ
703 297 798 364 τῆς
857 299 1125 366 πονηρίας
1184 290 1371 349 αὐτῶν
1429 291 1709 369 βορβόρῳ·

93 371 500 447 “λυμανεῐσθαι
526 374 632 449 γὰρ
656 374 757 447 τὴν
781 376 967 449 ψυχὴν
989 377 1091 450 τὴν
1116 380 1376 448 ἐμαυτοῦ,
1408 379 1501 434 καὶ
1526 375 1713 450 ἀληθῆ

89 456 190 532 “γε
219 462 493 532 λέγοντος,
527 456 599 525 ὥς
630 458 913 534 ᾐσθόμην·
946 458 1126 535 ὅραμα
1156 460 1512 534 θεόπεμπτον
1542 480 1708 535 προσ-

93 540 300 602 “ελθὸν
342 547 623 618 ἐπέρρωσέ
667 568 749 617 με.
854 549 902 602 3.
945 551 1038 602 καὶ
1078 544 1236 617 λόγος
1277 544 1412 619 πρός
1453 570 1519 618 με
1558 544 1712 618 γενό-

90 625 289 701 “μενος
319 631 618 703 προσέταξε
649 628 961 702 διαρρήδην
983 631 1180 701 λέγων,
1213 634 1382 687 πᾶσιν
1415 628 1714 703 ἐντύγχανε

90 709 211 778 “οἷς
251 712 323 771 ἂν
364 719 441 780 είς
482 727 667 786 χεῖρας
708 712 923 784 λάβοις·
986 713 1314 770 διευθύνειν
1358 713 1462 787 γάρ
1514 717 1715 771 ἕκαστα

91 794 222 854 “καὶ
263 796 575 869 δοκιμάζειν
615 796 802 862 ἱκανὸς
844 797 919 868 εἶ,
962 805 1061 854 καί
1095 816 1182 854 σοι
1222 801 1419 868 γέγονε
1457 802 1617 854 τοῦτο
1661 802 1713 865 ἐξ

89 878 297 954 “άρχῆς
323 883 415 937 καὶ
439 883 535 952 τῆς
558 886 792 948 πίστεως
818 890 1011 939 αἴτιον.
1059 878 1411 953 άπεδεξάμην
1433 881 1492 938 τὸ
1516 879 1714 955 ὅραμα,

92 963 204 1032 “ὠς
244 963 578 1039 άποστολικῇ
620 968 785 1040 φωνῇ
824 968 1127 1039 συντρέχον
1166 967 1234 1039 τῇ
1283 964 1524 1040 λεγούσῃ
1578 966 1715 1039 πρὸς

93 1045 253 1116 “vmbg
307 1052 754 1123 δυνατωτέρους,
807 1056 1039 1122 γίνεσθε
1093 1049 1306 1124 δόκιμοι
1350 1049 1712 1124 τραπεζῖται.”

98 1139 148 1192 4.
195 1133 311 1191 εἶτά
352 1159 476 1191 τινα
516 1137 646 1206 περὶ
687 1137 883 1193 πασῶν
924 1133 1099 1192 εἰπών
1138 1139 1252 1192 τῶν
1291 1138 1561 1207 αἱρέσεων
1603 1138 1716 1191 ἐπι-

98 1221 256 1292 φέρει
299 1221 478 1291 λέγων
507 1217 746 1277 “τοῦτον
786 1216 893 1290 ἐγω
922 1219 1019 1276 τὸν
1050 1218 1260 1277 κανόνα
1290 1221 1382 1276 καὶ
1412 1218 1508 1276 τὸν
1538 1217 1716 1276 τύπον

92 1300 282 1374 “moda
312 1306 410 1360 τοῦ
439 1310 716 1376 μακαρίου
747 1302 902 1360 πάπα
932 1301 1090 1375 ἡμῶν
1112 1302 1355 1377 Ἡρακλᾶ
1380 1306 1712 1376 παρέλαβον.

94 1383 258 1454 ’ποὺς
289 1386 393 1460 γάρ
425 1387 754 1459 προσιόντας
786 1386 893 1445 ἀπὸ
923 1392 1034 1444 τῶν
1065 1391 1362 1460 αἱρέσεων,
1404 1395 1582 1445 καίτοι
1621 1391 1716 1460 τῆς

48 1530 52 1531 ⁷
93 1468 421 1544 “ἐκκλησίας
452 1471 824 1545 ἀποστάντας,
856 1476 1067 1545 μᾶλλον
1098 1473 1161 1530 δὲ
1190 1470 1323 1530 οὐδὲ
1353 1469 1716 1544 ἀποστάντας,

94 1553 273 1613 “οέλλά
320 1555 666 1629 συνάγεσθαι
706 1558 809 1629 μὲν
852 1560 1183 1630 δοκοῦντας,
1226 1559 1718 1629 καταμηνυθέντας

94 1637 196 1698 “δὲ
220 1638 293 1709 ὡς
316 1642 768 1715 προσφοιτῶντάς
793 1666 901 1699 τινι
917 1646 1029 1699 τῶν
1049 1640 1714 1714 ἑτεροδιδασκαλούντων,

92 1721 411 1791 “οἰπελάσας
441 1729 536 1798 τῆς
569 1730 889 1799 ἐκκλησίας,
935 1729 1231 1799 δεομένους
1272 1724 1340 1784 οὐ
1384 1724 1715 1800 προσήκατο,

93 1807 236 1877 “ἕως
279 1816 516 1885 δημοσίᾳ
557 1809 737 1868 πάντα
766 1808 868 1868 ὅσα
898 1809 1212 1883 ἠκηκόεσαν
1242 1810 1390 1883 παρὰ
1421 1824 1535 1876 τοῖς
1567 1809 1716 1867 ἀντι-

93 1893 124 1915 “
137 1897 542 1968 διατιθεμένοις
561 1898 886 1968 ἐξέφρασαν,
914 1898 1006 1951 καὶ
1022 1894 1144 1952 τότε
1161 1894 1479 1968 συνήγαγεν
1497 1891 1717 1966 αὐτοὺς,

96 1976 202 2036 τεοὐ
234 1981 458 2051 δεηθεὶς
491 1978 574 2036 ἐπ’
613 1979 799 2037 αὐτῶν
830 1983 1019 2054 ἑτέρου
1051 1986 1450 2053 βαπτίσματος·
1483 1982 1582 2036 τοῦ
1613 1977 1716 2052 γάρ

96 2059 295 2136 “ἆγίου
325 2062 595 2137 πρότερον
624 2063 756 2136 παρ’
794 2061 968 2121 αὐτοῦ
995 2061 1414 2138 τετυχήκεσαν.”
1477 2070 1526 2121 5.
1554 2063 1719 2120 πάλιν

107 2150 166 2206 δὲ
208 2150 295 2206 ἐπὶ
337 2146 479 2206 πολὺ
520 2148 807 2222 γυμνάσας
847 2147 907 2206 τὸ
947 2143 1241 2222 πρόβλημα
1279 2153 1450 2206 ταῦτα
1482 2150 1719 2220 ἐπιλέγει

96 2228 429 2306 “μεμάθηκα
459 2236 551 2290 καὶ
581 2238 760 2306 τοῦτο,
791 2232 872 2291 ὅτι
901 2232 975 2307 μὴ
999 2237 1106 2291 νῦν
1129 2237 1186 2290 οὗ
1207 2237 1266 2291 ἐν
1289 2232 1526 2308 Ἀφρικῇ
1546 2231 1720 2306 μόνον

96 2313 296 2374 “τοῦτο
327 2316 755 2390 παρεισήγαγον,
786 2315 925 2375 ἀλλὰ
956 2321 1049 2374 καὶ
1072 2317 1178 2392 πρὸ
1202 2322 1410 2375 πολλοῦ
1434 2316 1570 2375 κατὰ
1593 2316 1720 2383 τούς

97 2399 243 2474 “πρὸ
285 2399 441 2474 ἡμῶν
482 2401 813 2468 ἐπισκόπους
855 2407 916 2460 ἐν
955 2417 1074 2469 ταῖς
1115 2402 1719 2475 πολυανθρωποτάταις

99 2481 452 2558 “ἐκκλησίαις
484 2488 577 2542 καὶ
605 2499 724 2552 ταῖς
755 2485 1014 2552 συνόδοις
1045 2490 1156 2544 τῶν
1186 2485 1472 2560 ἀδελφῶν,
1507 2490 1567 2544 ἐν
1591 2487 1718 2544 Ἰκο-

100 2565 240 2670 “νῒίῳ
271 2572 364 2627 καὶ
395 2568 713 2637 Συννάδοις
744 2573 836 2628 καὶ
875 2569 1022 2643 παρὰ
1054 2579 1278 2638 πολλοῖς
1309 2576 1470 2629 τοῦτο
1501 2575 1717 2639 ἔδοξεν·

99 2649 130 2673 ξ(
292 2653 303 2672 ἱ

1736 571 1755 603 5

1740 993 1778 1023 10

1739 1412 1780 1444 15

1740 1834 1781 1865 20

1742 2254 1782 2287 25

138 2678 218 2711 ων
246 2679 341 2722 τας
371 2655 576 2726 βουλὰς
606 2653 933 2729 ἀνατρέπων
965 2661 1043 2722 εἰς
1074 2661 1193 2730 ἔριν
1223 2652 1427 2722 αὐτοὺς
1450 2659 1542 2713 καὶ
1565 2663 1715 2728 φιλο·
1741 2677 1782 2709 30

98 2732 113 2754 (

118 2735 354 2797 ονεικίαν
386 2743 647 2812 ἐμβαλεῖν
669 2737 771 2814 οὐχ
793 2736 1069 2814 ὑπομένω.
1113 2739 1180 2798 οὐ
1196 2738 1302 2813 γάρ
1318 2741 1715 2814 μετακινήσεις,

221 2864 272 2902 31
305 2863 441 2904 Deut.
476 2865 540 2912 19,
575 2866 641 2907 14.
