1986 3152
539 99 621 139 DE
656 100 840 143 MART.
871 100 1161 142 PALAEST.
1195 103 1323 143 v111.
1634 101 1737 152 399

127 214 362 286 μένους,
418 213 536 268 ἐπεὶ
586 213 720 286 μήτε
769 214 865 281 τοὶς
917 219 976 272 ἐκ
1015 222 1115 273 τοῦ
1157 222 1443 288 βασιλικοῦ
1483 225 1735 291 ταμιείου

126 319 337 371 τροφας
387 296 523 369 μήτε
562 296 674 368 μὴν
714 320 812 364 τας
858 301 1202 371 ἐπιτηδείους
1243 305 1311 374 τῇ
1343 307 1540 375 πυγμῇ
1571 304 1734 374 μελέ-

99 404 222 466 ὕας
251 377 553 453 ὑπέμενον.
610 380 662 436 3.
709 380 817 453 ἤδη
842 383 904 438 δε
928 382 1033 439 οὐκ
1066 384 1374 456 ἐπιτρόποις
1398 384 1532 442 αὐτὸ
1556 386 1735 458 μόνον

126 469 184 520 οι
221 464 572 537 δηλούμενοι,
606 460 748 520 άλλα
781 467 874 521 καὶ
906 465 1057 523 αὐτῶ
1092 471 1390 545 Μαξιμίνω
1430 469 1631 526 τούτου
1672 494 1735 541 γε

127 551 318 605 ἕνεκεν
357 548 738 622 παραστάντες
788 551 1182 623 γενναιοτάτην
1236 558 1492 609 ε’νστασιν
1530 551 1777 626 ὁμολο-ε»

123 639 250 704 γίας
293 632 382 689 διοὶ
428 637 593 706 λιμοῦ
639 640 933 707 καρτερίας
976 636 1067 690 καὶ
1117 642 1403 707 μαστίγων
1446 635 1734 710 ὑπομονῆς

127 717 532 790 ἐνδειξάμενοι,
584 741 650 773 τα
694 716 855 790 ὅμοια
896 731 1012 784 τοις
1055 724 1358 790 δηλωθεῑσι
1398 721 1731 793 πεπόνθασι,

122 799 252 873 μεθ’
292 802 495 875 ἑτέρων
535 803 961 875 προστεθέντων
1003 800 1197 868 αὐτοις
1238 801 1598 909 ὁμολογητῶν
1642 804 1728 861 ἐπ’

125 883 300 955 αὐτῆς
343 891 440 958 τῆς
482 892 836 959 Καισαρείας.
910 890 960 941 4.
1021 886 1099 942 ῶν
1142 910 1279 943 κατα
1323 887 1498 953 πόδας
1545 890 1632 943 ἐπὶ
1663 894 1732 961 τῇ

123 974 237 1026 τῶν
288 976 466 1026 θείων
518 968 976 1043 αναγνωσμάτων
1030 971 1394 1045 συγκροτήσει
1445 995 1582 1027 κατα
1629 995 1732 1043 την
1754 995 1794 1026 10

121 1059 372 1122 Γαζαίων
423 1054 585 1110 πόλιν
638 1053 866 1119 ἁλόντες
922 1058 1122 1129 ἕτεροι,
1175 1059 1233 1111 οἱ
1272 1064 1376 1127 μὲν
1416 1055 1512 1121 τοὶς
1554 1054 1730 1121 αὐτας

123 1138 339 1204 τούτοις
370 1136 678 1210 ὑπέμειναν
717 1138 855 1194 κατά
884 1162 944 1195 τε
975 1144 1088 1195 τῶν
1118 1143 1311 1195 ποδῶν
1341 1140 1434 1194 καὶ
1466 1142 1581 1195 τῶν
1618 1137 1723 1211 ὀφ-

122 1227 360 1294 θαλμῶν
390 1222 610 1293 πάθας,
644 1227 701 1278 οἱ
727 1222 790 1278 δὲ
820 1223 911 1278 καὶ
938 1228 1014 1279 ἔτι
1043 1230 1290 1295 μείζους,
1323 1223 1729 1296 φοβερωτάτων

122 1305 262 1362 κατὰ
293 1311 407 1362 τῶν
439 1310 703 1379 πλευρῶν
728 1307 1103 1379 ἐπειράθησαν
1127 1307 1407 1378 βασάνων.
1462 1312 1513 1363 5.
1561 1310 1613 1374 ἐξ
1649 1301 1727 1363 ῶν

118 1396 217 1462 μία
247 1413 354 1460 τις,
385 1390 445 1447 τὸ
480 1391 584 1463 μὲν
615 1396 774 1463 σῶμα
805 1390 979 1463 γυνὴ,
1010 1390 1108 1447 τὸν
1140 1391 1202 1447 δὲ
1233 1390 1497 1464 λογισμὸν
1528 1391 1725 1464 ἄρρην,
1751 1412 1790 1444 15

118 1481 383 1548 πορνείας
427 1473 658 1547 ἀπειλὴν
699 1475 773 1548 μὴ
823 1478 1159 1547 ἐνεγκοῦσα,
1207 1475 1445 1532 εἰποῦσά
1484 1498 1535 1530 τι
1580 1478 1727 1548 ῥῆμα

119 1559 257 1615 κατά
298 1564 401 1615 τοῦ
443 1559 756 1632 τυράννου,
803 1558 955 1616 ῶσαν
999 1559 1176 1625 οὕτως
1231 1558 1400 1632 ὠμοῖς
1441 1564 1725 1625 δικασταῖς

115 1643 220 1716 τὴν
262 1643 439 1716 ἀρχὴν
486 1643 941 1717 ε’πιτετραφότος,
992 1649 1215 1717 πρῶτον
1255 1644 1359 1716 μὲν
1399 1649 1725 1716 μαστίζεται,

120 1726 238 1784 εἶτα
270 1727 332 1784 δὲ
362 1729 636 1802 μετέωρος
670 1729 760 1784 ἐπὶ
791 1733 892 1784 τοῦ
925 1728 1095 1795 ξύλου
1120 1729 1392 1800 γενομένη
1422 1726 1519 1793 τοὶς
1551 1734 1724 1783 πλευ-

118 1811 219 1885 ρας
250 1817 523 1881 αἰκίζεται.
598 1817 644 1868 6.
708 1809 782 1877 ῶς
824 1810 878 1867 δ’
916 1812 1190 1885 ε’πιμόνως
1233 1813 1325 1867 καὶ
1368 1816 1628 1884 σφοδρῶς
1662 1813 1719 1866 ἐκ
1741 1832 1782 1864 20
1855 1812 1862 1817 ’

119 1896 470 1970 προστάξεως
511 1902 612 1953 τοῦ
655 1900 922 1953 δικαστοῦ
963 1895 1059 1962 τὰς
1098 1896 1380 1967 βασάνους
1423 1898 1630 1967 ἐπῆγον
1671 1899 1729 1950 οἱ

114 1980 290 2054 ταύτῃ
321 1982 671 2053 τεταγμένοι,
702 1978 848 2054 ὑπὲρ
879 1979 1011 2046 τούς
1043 1978 1449 2054 παρ”Έλλησιν
1475 1983 1723 2044 ἐκείνους

114 2064 362 2138 μαχητάς
404 2062 492 2122 ἐπ’
539 2068 836 2139 ἐλευθερία
876 2066 1359 2138 τεθρυλημένους,
1401 2061 1474 2136 μὴ
1514 2062 1723 2134 βαστά-

116 2166 260 2206 σασα
301 2148 362 2206 τὸ
411 2148 641 2222 άνηλεὲς
682 2149 776 2205 καὶ
820 2145 974 2221 ῶμὸν
1026 2150 1119 2204 καὶ
1172 2146 1560 2221 ἀπάνθρωπον
1611 2151 1723 2202 τῶν

114 2235 540 2308 πραττομένων,
585 2233 724 2305 ἄλλη
766 2257 845 2299 τις
889 2232 1092 2305 ὁμοίως
1124 2238 1192 2306 τῇ
1225 2233 1468 2306 προτέρᾳ
1497 2230 1598 2287 τὸν
1626 2235 1722 2302 τῆς
1745 2252 1786 2284 25

115 2324 427 2395 παρθενίας
460 2319 852 2392 ἐπανῃρημένη
885 2317 1127 2388 σκοπὸν,
1160 2317 1225 2373 τὸ·
1245 2316 1349 2389 μὲν
1381 2322 1542 2389 σῶμα
1573 2314 1721 2371 πάνυ

114 2425 176 2473 γε
204 2401 266 2458 τὸ
301 2405 491 2458 δοκεῖν
523 2398 754 2474 εύτελὴς
794 2403 889 2458 καὶ
917 2401 1021 2474 τὴν
1053 2401 1186 2468 ὄψιν
1218 2399 1720 2473 εὐκαταφρόνητος,

115 2486 372 2560 ρωμαλέα
414 2486 476 2542 δε
518 2485 698 2552 ἄλλως
738 2485 842 2558 την
885 2485 1072 2558 ψυχὴν
1102 2486 1194 2541 καὶ
1225 2491 1445 2558 μείζονα
1476 2489 1576 2540 τοῦ
1609 2483 1719 2539 σώ-

111 2594 279 2643 ματος
303 2569 402 2627 τὸν
426 2569 693 2643 λογισμὸν
718 2564 1217 2644 ένεστερνισμένη“
1224 2570 1317 2625 καὶ
1340 2570 1497 2642 μέχρι
1520 2564 1698 2631 τίνος”
1705 2609 1719 2636 ,

114 2657 172 2711 ἐκ
202 2656 376 2728 μέσου
407 2659 509 2712 τοῦ
542 2654 744 2727 ὄχλου,
781 2649 927 2726 “τὴν
966 2653 1105 2727 ε’μὴν
1139 2652 1301 2755 ῶμῶς
1333 2653 1510 2718 οὕτως
1540 2658 1717 2723 βασα-
1739 2670 1782 2702 30

112 2745 271 2808 νίζεις
303 2737 593 2812 ἄδελφήν”
613 2766 626 2807 3
659 2737 934 2813 ἀνέκραγε
964 2737 1104 2812 πρὸς
1135 2737 1232 2794 τὸν
1257 2736 1545 2807 δικαστήν
1594 2733 1622 2790 ὁ
1656 2732 1717 2788 δε

113 2824 440 2898 πικρότερον
469 2819 833 2896 ῦποκινηθεὶς
858 2819 1061 2879 αὐτίκα
1086 2826 1480 2894 συλληφθῆναι
1503 2816 1714 2874 κελεύει
