1986 3152
585 110 740 150 HIST.
772 108 1022 150 ECCLES.
1047 110 1122 151 VI.
1147 112 1213 152 24.
1237 112 1304 150 25.
1647 109 1750 160 269

143 226 282 300 ἡμᾶς
333 223 637 298 ἐληλύθασι
692 223 845 298 τόμοι
883 227 1075 297 πέντε,
1131 229 1190 283 ἐν
1229 223 1310 293 οἷς
1349 228 1617 299 μέμνηται
1661 228 1752 283 καὶ

143 314 254 367 τῶν
285 311 411 383 περὶ
442 307 816 376 ἀναστάσεως·
864 308 964 366 δύο
997 307 1050 366 δ’
1088 312 1199 366 ἐστὶ
1231 313 1321 367 καὶ
1354 314 1542 367 ταῦτα.
1604 314 1651 368 3.
1685 309 1751 368 οὐ

143 393 254 468 μην
294 391 433 451 ἀλλὰ
477 396 566 450 καὶ
606 391 674 450 τα
712 397 839 468 περὶ
879 392 1065 467 ἀρχῶν
1107 394 1211 467 πρὸ
1251 399 1345 467 τῆς
1377 391 1474 451 ἀπ’
1501 393 1753 463 Ἀλεξαν-

148 483 334 553 δρείας
373 476 828 551 μεταναστάσεως
870 477 1103 552 γράφει,
1145 482 1235 535 καὶ
1267 478 1394 545 τοὺς
1428 483 1752 554 ἐπιγεγραμ-

142 566 344 636 μένους
385 572 767 637 Στρωματεῖς,
818 563 978 628 ὄντας
1023 563 1123 619 τὸν
1169 560 1409 636 ἀριθμὸν
1453 565 1612 635 δέκα,
1666 565 1796 620 ἐπὶ5

143 652 239 720 τῆς
282 645 456 720 αὐτῆς
498 646 707 713 πόλεως
750 645 886 703 κατὰ
927 646 1028 717 τὴν
1059 645 1427 720 Ἀλεξάνδρου
1467 649 1755 705 συντάττει

143 738 458 805 βασιλείαν,
505 728 578 796 ὠς
619 734 709 787 καὶ
749 734 911 787 τοῦτο
952 729 1255 803 ὁλόγραφοι
1291 737 1555 803 δηλοῦσιν
1586 730 1755 788 αὐτοῦ

143 813 249 888 πρὸ
279 819 391 872 τῶν
420 813 604 887 τόμων
644 812 1074 887 ἐπισημειώσεις.

270 910 409 960 XXV.
467 909 596 975 [Nic.
627 910 684 958 H.
715 910 769 958 Ε.
799 911 850 966 V,
884 907 989 974 16]
1087 898 1195 955 Τόν
1226 900 1412 972 μέντοι
1443 924 1504 970 γε
1537 904 1756 970 πρῶτον

146 981 504 1057 ἐξηγούμενος
522 980 742 1055 ψαλμὸν
767 988 993 1039 ἔκθεσιν
1017 989 1306 1055 πεποίηται
1329 988 1428 1040 τοῦ
1451 987 1563 1040 τῶν
1590 988 1757 1057 ἱερῶν
1783 1011 1820 1041 10

145 1071 378 1141 γραφῶν
418 1072 514 1140 τῆς
549 1070 783 1133 παλαιοῖς
818 1066 1092 1141 διαθήκης
1124 1067 1460 1140 καταλόγου,
1504 1060 1615 1125 οἶδέ
1643 1092 1758 1135 πως

143 1151 377 1225 γράφων
419 1150 556 1209 κατὰ
597 1153 742 1220 λέξιν
763 1148 903 1209 “ofin
942 1150 1241 1225 ἀγνοητέον
1282 1149 1336 1209 δ’
1373 1152 1513 1210 εἶναι
1545 1151 1641 1219 τοὶς
1675 1156 1757 1210 ἐν·

136 1235 481 1308 “διαθήκους
514 1242 772 1309 βίβλους,
815 1235 887 1303 ὥς
911 1235 1153 1310 Ἑβραῖοι
1184 1236 1620 1311 παραδιδόασιν,
1656 1236 1757 1294 δύο

136 1320 268 1377 “mxl
302 1331 495 1394 εἴκοσι,
526 1321 654 1387 ὅσος
686 1319 921 1394 ἀριθμὸς
953 1324 1065 1378 τῶν
1095 1319 1224 1392 παρ’
1255 1319 1442 1387 αὐτοῖς
1474 1329 1758 1394 στοιχείων

136 1402 375 1463 “e'on'vf'
438 1410 485 1462 2.
522 1405 637 1462 εἶτα
668 1404 803 1477 μετά
840 1430 964 1462 τινα
1007 1408 1253 1479 ἐπιφέρει
1296 1407 1472 1478 λέγων
1505 1405 1648 1463 “siai
1697 1407 1758 1462 δὲ
1782 1431 1821 1462 15

136 1489 238 1546 “as
278 1499 449 1546 εἴκοσι
491 1488 592 1547 δύο
633 1495 816 1562 βίβλοι
859 1486 993 1547 καθ’
1031 1489 1320 1562 Ἑβραίους
1363 1495 1509 1547 αἵδε·
1553 1490 1585 1561 ἡ
1627 1488 1755 1563 παρ’

140 1570 169 1591 “
179 1570 311 1646 ἡμῖν
334 1576 561 1640 Γένεσις
595 1576 1054 1647 ἐπιγεγραμμένη,
1089 1572 1221 1647 παρ’
1251 1571 1522 1647 Εβραίοις
1557 1575 1617 1632 δε
1649 1573 1756 1632 ἀπὸ

139 1657 329 1730 ((τῆς’
301 1665 472 1731 αρχῆς
503 1662 598 1730 τῆς
630 1665 829 1730 βίβλου
860 1662 1092 1733 Βρησὶδ,
1125 1658 1260 1733 ὅπερ
1295 1661 1464 1730 ἐστὶν,
1500 1662 1559 1716 ἐν
1590 1658 1756 1732 ἀρχῇ

132 1740 183 1763 ’“’
184 1741 421 1814 Εξοδος,
459 1741 818 1815 Οὐελεσμωθ,
850 1740 986 1815 ὅπερ
1019 1746 1160 1816 ἐστὶ,
1193 1767 1365 1801 ταυτα
1395 1769 1459 1800 τα
1491 1741 1758 1816 ὀνόματα

141 1824 497 1900 “Λευιτικὸν,
537 1823 783 1901 Ουῖκρα,
817 1829 906 1884 καὶ
941 1826 1223 1885 ἐκαλεσεν·
1253 1825 1532 1902 Ἀριθμοὶ,
1562 1827 1757 1901 Ἀμμε-
1781 1851 1823 1905 29

39 1953 55 1960 -
141 1911 520 1985 “σφεκωδείμ
564 1911 1036 1986 Δευτερονόμιον,
1072 1911 1562 1985 Ἐλεαδδεβαρεὶμ,
1607 1913 1760 1969 οὗτοι

140 1994 237 2052 “οί
275 1994 451 2068 λόγοι
500 1995 707 2069 Ἰησοῦς
758 1995 878 2062 υίὸς
919 2001 1119 2069 Ναυῆ,
1166 1996 1385 2055 ’ἶΙωσοτε
1430 1998 1529 2068 βὲν
1572 2002 1757 2053 Νοῦν

143 2079 398 2155 κΚριταὶ,
423 2080 610 2154 Ῥούθ,
643 2077 778 2155 παρ’
813 2078 1000 2149 αὐτοῖς
1027 2084 1086 2139 ἐν
1110 2083 1211 2154 ἑνὶ,
1244 2088 1562 2154 Σαφατείμ·
1599 2090 1760 2138 Βασι-

142 2164 349 2222 “λειῶν
389 2164 606 2239 πρώτη,
651 2167 909 2238 δευτέρα,
952 2164 1082 2239 παρ’
1121 2165 1308 2233 αὐτοῖς
1341 2171 1431 2238 ἓν,
1475 2165 1762 2239 Σαμουὴλ,

139 2249 206 2306 “ὁ
258 2248 581 2322 θεόκλητος·
644 2255 955 2308 Βασιλειῶν
1005 2257 1188 2326 τρίτη,
1242 2249 1500 2324 τετάρτη,
1564 2254 1624 2307 ἐν
1678 2253 1761 2307 ἑνὶ
1785 2272 1825 2303 25

142 2332 438 2407 “Οὐαμὲλχ
468 2336 684 2407 Λαβὶδ,
717 2333 852 2409 ὅπερ
887 2337 999 2392 ἐστὶ
1032 2340 1286 2408 βασιλεία
1317 2340 1530 2407 Δαβίδ·
1573 2345 1761 2407 Παρα-

143 2417 526 2491 “λειπομε’νων
568 2418 788 2492 πρώτη,
831 2422 1092 2493 δευτέρα,
1139 2423 1198 2477 ἐν
1239 2423 1321 2478 ἑνὶ
1352 2421 1762 2494 Λαβρηΐαμεὶν,

141 2498 316 2573 ((ὅπερ
351 2503 462 2558 ἐστὶ
495 2501 646 2576 λόγοι
676 2499 1184 2578 ἡμερῶν·”Εσδρας
1215 2507 1454 2578 πρῶτος,
1487 2503 1763 2577 δεύτερος,

144 2586 242 2644 “ε’ν
266 2584 540 2659 ἕνὶἘζρᾶ,
572 2585 602 2644 ὅ
635 2589 746 2644 ἐστι
778 2587 1013 2660 βοηθός·
1046 2594 1238 2661 βίβλος
1270 2595 1536 2662 Ψαλμῶν,
1571 2598 1762 2660 Σφαρ-

141 2668 433 2744 “θελλείμ”
490 2677 821 2744 Σολομῶνος
874 2678 1189 2746 παροιμίαι,
1247 2673 1487 2731 Μελωθ·
1539 2670 1825 2742 Ἐκκλη-ὃο

267 2866 316 2904 12
350 2865 576 2917 Origenes
607 2866 695 2908 vol.
727 2865 773 2906 II
803 2880 845 2919 p.
880 2868 962 2908 528
993 2867 1092 2907 Del.
1125 2866 1209 2919 (XI
1242 2881 1280 2919 p.
1317 2869 1398 2907 377
1431 2865 1639 2914 Lomm.),
