2032 3174
857 100 983 142 CAP.
1018 103 1054 143 1.
1564 103 1760 143 XXXIX

148 213 420 283 sagaciter
443 230 529 263 me
557 212 915 280 cognoscatis,
979 210 1257 264 Confiteor
1282 213 1460 284 majus
1489 230 1607 265 esse
1634 213 1760 266 viri-

145 297 248 350 bus
295 295 428 348 meis
478 295 621 347 omni
670 313 739 347 ex
775 303 931 364 parte
974 295 1234 364 perficere
1271 295 1411 348 hanc
1448 297 1760 367 promissio-

144 399 295 447 nem,
336 379 464 450 quia
499 379 662 450 primi
698 397 796 431 nos
834 377 938 432 hoc
978 397 1112 448 opus
1153 381 1334 433 exorsi
1361 399 1545 433 sumus
1573 389 1760 451 utpote

75 459 78 461 Α
145 464 306 518 homo
356 464 450 535 qui
494 463 700 516 incedit
743 462 799 514 in
845 463 938 514 via
982 479 1091 514 non
1138 465 1295 532 trita,
1348 471 1400 518 et
1445 483 1660 518 oramus
1703 475 1761 517 ut

145 549 298 602 Deus
340 550 411 601 sit
447 547 604 600 nobis
645 545 759 598 dux
796 554 850 598 et
886 553 947 598 ut
980 546 1126 599 vires
1153 547 1380 600 Domini
1405 549 1579 602 nostri
1604 549 1758 602 nobis

147 634 257 685 sint
292 632 627 704 adjumento.
701 630 951 699 Vestigia
986 631 1129 682 enim
1166 633 1459 685 manifesta
1482 633 1760 687 hominum

146 717 378 770 aliorum
405 717 498 786 qui
524 715 866 768 incesserunt
887 714 1014 785 (leg.
1037 713 1144 785 023)
1165 724 1326 768 antea
1346 718 1402 767 in
1421 717 1523 769 hac
1542 716 1634 769 via
1651 736 1760 770 non

145 801 483 867 invenimus,
513 798 611 851 sed
637 799 839 868 exigua
862 801 1020 852 modo
1050 808 1176 852 sunt
1201 800 1361 853 initia
1387 801 1759 853 narrationum

146 884 484 955 singulorum
511 883 670 953 (ipsis
698 882 833 953 illis)
860 884 1220 954 temp01¹ibUS‚
1254 884 1453 954 quibus
1481 884 1757 950 vixerunt,

145 987 279 1040 quas
319 969 552 1039 sparsim
588 968 747 1020 nobis
783 968 1147 1039 reliquerunt,
1189 967 1346 1038 quasi
1380 985 1409 1020 e
1435 968 1598 1036 longo
1627 976 1759 1020 tem-

144 1054 292 1126 poris
331 1054 506 1124 spatio
544 1052 757 1105 facibus
796 1053 1092 1106 verborum
1130 1071 1349 1105 suorum
1389 1052 1603 1121 [vocum
1642 1072 1759 1105 sua-

144 1139 282 1207 rum]
323 1138 477 1208 quasi
516 1155 549 1189 a
587 1154 748 1206 scopo
788 1136 1094 1189 altitudinis
1130 1136 1428 1189 clamantes
1466 1145 1519 1190 et
1554 1138 1759 1207 praeci-

144 1222 383 1292 pienteS,
431 1239 537 1291 qua
572 1221 665 1274 via
702 1222 860 1274 nobis
902 1222 972 1273 sit
1014 1221 1402 1285 incedendum,
1454 1229 1507 1273 et
1544 1240 1759 1274 cursum

146 1306 409 1358 sermonis
451 1303 743 1374 dirigentes
780 1305 940 1358 nobis
970 1305 1085 1357 sine
1113 1323 1312 1358 errore.
1387 1308 1420 1372 ἓ
1447 1305 1498 1356 4.
1564 1305 1761 1358 Omnia

146 1407 278 1442 vero
317 1407 381 1441 ea
418 1407 554 1458 quae
592 1388 751 1441 nobis
790 1388 949 1441 utilia
985 1387 1105 1441 fore
1141 1396 1393 1459 putamus
1429 1389 1554 1442 huic
1589 1389 1757 1460 operi,

147 1491 218 1526 ex
254 1473 321 1524 iis
361 1491 498 1543 quae
537 1472 785 1542 dispersa
819 1472 877 1524 in
915 1474 1517 1526 commemorationibus
1555 1491 1757 1540 eorum,

145 1557 299 1610 libris
336 1557 604 1626 antiquis,
645 1557 800 1626 quasi
837 1556 903 1609 de
930 1565 1087 1627 prato
1115 1556 1289 1627 logico
1317 1557 1634 1627 collegimus
1661 1558 1757 1611 fio·

145 1660 230 1694 res
276 1640 570 1695 verborum
617 1659 798 1693 eorum
850 1649 905 1694 et
951 1641 1259 1694 intexamus
1298 1642 1355 1693 in
1391 1642 1759 1694 narrationem

144 1733 386 1778 nostram
420 1724 734 1777 historicam
770 1733 822 1778 et
855 1726 1134 1778 tradamus
1167 1725 1359 1778 seriem
1387 1727 1758 1796 apostolorum
1824 1721 1835 1731 “

147 1809 446 1864 Salvatoris
492 1810 692 1876 nostri,
745 1811 902 1881 cujus
944 1808 1171 1878 (seriei)
1211 1811 1470 1862 memoria
1509 1818 1759 1862 servatur

145 1896 203 1947 in
240 1893 485 1947 ecclesiis
520 1892 886 1946 celeberrimis
926 1912 1097 1964 usque
1136 1893 1207 1946 ad
1242 1902 1490 1947 nostrum
1524 1901 1757 1964 tempus,

146 1979 359 2031 etiamsi
394 1995 502 2031 non
541 1977 783 2031 omnium
823 1978 923 2047 (sc.
961 1977 1355 2048 apostolorum)
1396 1985 1634 2030 attamen
1673 1995 1757 2030 eo-

145 2082 265 2116 rum
302 2062 394 2134 qui
421 2060 763 2114 celeberrimi
787 2061 930 2115 inter
956 2081 1047 2115 eos
1077 2070 1218 2115 sunt.
1295 2064 1328 2128 §
1354 2063 1404 2115 5.
1463 2061 1570 2115 Sed
1596 2060 1757 2115 valde

144 2147 453 2200 necessaria
500 2154 583 2199 est
627 2146 897 2200 confectio
943 2147 1107 2218 hujus
1155 2146 1333 2217 operis
1347 2186 1361 2213 ‚
1417 2145 1564 2216 quod
1600 2145 1756 2199 nobis

146 2231 623 2302 superimpositum
670 2239 779 2298 est7
835 2238 1127 2302 propterea
1170 2230 1328 2301 :quod
1372 2231 1640 2282 neminem
1690 2249 1758 2282 ex

146 2315 506 2385 scriptoribus
554 2315 790 2386 antiquis
803 2357 818 2383 ‚
867 2315 960 2384 qui
1006 2315 1060 2367 in
1106 2314 1338 2368 ecclesia
1374 2314 1620 2380 fuerunt,
1670 2314 1756 2366 de-

146 2398 553 2468 prehendimuS,
594 2401 751 2471 cujus
788 2398 1031 2451 studium
1064 2399 1123 2450 in
1149 2398 1438 2452 scribendo
1466 2399 1570 2452 hoc
1597 2417 1755 2468 argu-

146 2490 326 2534 mento
364 2483 600 2553 positum
636 2483 850 2537 fuisset.
927 2483 1096 2554 Spero
1143 2501 1273 2536 vero
1321 2491 1381 2535 ut
1426 2483 1496 2536 sit
1532 2483 1759 2535 utilitati

145 2567 212 2618 iis
260 2568 353 2637 qui
401 2574 586 2620 amant
630 2566 771 2621 hanc
821 2567 1147 2620 narrationis
1196 2565 1558 2637 disciplinam.
1634 2569 1666 2632 ξ
1704 2566 1754 2618 6.

145 2650 220 2702 Et
264 2669 438 2722 usque
487 2652 557 2704 ad
604 2652 706 2704 hoc
747 2660 961 2722 tempus
998 2652 1056 2703 in
1092 2651 1232 2703 libro
1270 2658 1575 2721 temporum
1612 2650 1756 2721 quod

146 2733 477 2788 confecimus
532 2736 674 2790 hanc
730 2737 1012 2789 materiam
1067 2755 1178 2789 non
1224 2735 1329 2788 nisi
1376 2733 1755 2804 compendiose

146 2819 524 2872 tractavimus.
585 2819 744 2873 Nunc
770 2838 900 2874 vero
929 2838 1085 2874 omne
1112 2819 1353 2871 studium
1380 2817 1647 2887 impendi,
1684 2816 1757 2868 ad
