1986 3152
261 107 367 158 400
937 105 1182 145 EUSEBH

261 221 363 292 τὴν
409 221 734 293 ἄνθρωπον.
807 225 853 276 7.
902 219 1018 275 εἶτα
1061 219 1287 292 σύρεται
1317 224 1395 284 εἰς
1435 221 1637 291 μέσον,
1683 220 1776 275 καὶ
1805 219 1868 276 τὸ

265 305 568 377 σεβάσμιον
599 309 700 360 τοῦ
732 309 976 377 σωτῆρος
1002 304 1419 376 ἐπιγραψαμένη
1442 303 1615 375 ὄνομα
1645 309 1870 378 πρῶτον

262 389 366 462 μὲν
408 388 595 460 λόγοις
633 388 802 444 θύειν
840 386 1202 459 ἀνεπείθετο,
1260 385 1332 453 ῶς
1375 384 1431 443 δ’
1467 385 1716 459 ἠπείθει,
1769 394 1900 466 βίρφ

265 472 403 546 πρὸς
434 472 534 529 τὸν
563 471 755 545 βωμὸν
798 477 1021 529 εἵλκετο.
1081 468 1114 543 ἡ
1149 472 1210 528 δὲ
1242 469 1458 544 ἀδελφοὶ
1492 473 1662 546 ἑαυτῇ
1692 472 1869 546 πράτ-

222 576 243 609 5
264 574 440 614 τουσα
469 558 560 612 καὶ
592 562 692 629 τῆς
723 558 993 630 προτέρας
1026 558 1256 629 ἐχομένη
1281 562 1602 629 προθυμίας
1627 552 1870 629 ἀτρεμεῖ,

264 642 359 698 καὶ
389 643 688 716 θαρσαλέῳ
721 642 852 697 ποδὶ
884 641 982 709 λάξ
1029 643 1262 697 ἐντείνει
1302 645 1379 716 τῶ
1420 645 1620 716 βωμῷ,
1674 641 1767 695 καὶ
1806 639 1874 696 τὰ

267 731 344 791 εἰς
376 724 553 782 αὐτὸν
584 726 698 798 ἅμα
728 728 799 800 τῇ
824 727 1138 799 ἐπικειμένῃ
1161 724 1459 797 ἀνατρέπει
1481 729 1653 799 πυρᾷ.
1698 729 1745 780 8.
1779 723 1868 797 ἐφ’

268 805 311 885 ᾧ
342 810 520 882 θηρὸς
553 806 754 883 ἀγρίου
787 815 952 882 δίκην
983 808 1011 866 ὁ
1045 809 1306 882 δικαστὴς
1338 807 1599 876 ὀξυνθεὶς
1629 807 1729 865 τὸν
1759 818 1872 865 θυ-

267 893 405 966 μόν,
445 894 720 960 τοσαύτας
761 895 866 966 μὲν
896 893 1043 968 αὐτῇ
1075 894 1348 967 πρότερον
1378 898 1560 959 αἰκίας
1591 892 1731 949 κατὰ
1759 898 1874 949 τῶν

206 998 246 1030 ιο
270 983 533 1050 πλευρῶν
566 981 905 1050 ἐπιτίθησιν,
949 977 1083 1044 ὅσας
1114 977 1310 1035 οὐδενὶ
1340 982 1455 1034 τῶν
1486 978 1738 1049 πώποτε,
1770 1000 1874 1049 μο-

266 1063 499 1134 νονουχὶ
540 1064 632 1118 καὶ
665 1061 833 1135 ῶμῶν
872 1067 987 1119 τῶν
1028 1067 1253 1135 σαρκῶν
1285 1060 1456 1133 αὐτῆς
1489 1064 1876 1134 ἐμφορηθῆναι

267 1146 613 1218 γλιχόμενοςξ
662 1146 734 1211 ῶς
776 1146 839 1202 δὲ
882 1146 1052 1219 κόρον
1095 1145 1250 1222 αῦτῶ
1291 1143 1400 1217 ἤδη
1440 1145 1507 1201 τὰ
1547 1150 1644 1217 τῆς
1674 1151 1877 1218 μανίας

271 1231 612 1302 ἐλάμβανεν,
657 1230 824 1303 ἄμφω
854 1230 1073 1301 ζεύξας,
1118 1229 1297 1302 αὐτήν
1337 1252 1396 1286 τε
1424 1230 1634 1300 ταύτην
1665 1229 1778 1302 ἅμα
1808 1231 1879 1304 τῇ

269 1314 408 1388 πρὸς
433 1313 605 1386 αὐτῆς
634 1313 852 1388 ἀδελφῇ
878 1321 1400 1388 προσαγορευθείσῃ
1419 1357 1433 1383 ,
1465 1313 1564 1370 τὸν
1589 1313 1677 1370 διὰ
1702 1313 1878 1385 πυρός

209 1417 250 1450 15
274 1397 466 1455 αὐτῶν
495 1406 925 1471 καταψηφίζεται
967 1399 1231 1456 θάνατον.
1293 1398 1507 1455 τούτων
1537 1393 1571 1470 ἡ
1604 1398 1708 1471 μὲν
1738 1419 1875 1472 προ-

269 1484 402 1556 τέρα
443 1488 541 1556 τῆς
584 1489 834 1552 Γαζαίων
885 1483 1069 1557 χῶρας
1127 1485 1375 1556 ἐλέγετο,
1427 1482 1529 1556 τὴν
1581 1478 1636 1538 δ’
1687 1484 1881 1556 ἑτέραν

274 1569 458 1624 ἰστέον
488 1564 598 1624 ἀπὸ
639 1573 736 1640 τῆς
768 1570 1100 1641 Καισαρέων
1132 1563 1456 1641 ὡρμῆσθαι,
1508 1567 1611 1639 τὴν
1651 1575 1879 1633 πολλοῖς

271 1652 554 1724 γνώριμον
605 1650 994 1710 Οὕαλεντῖναν
1034 1650 1298 1725 τοῦνομα.
1369 1652 1535 1708 9.τό
1581 1653 1670 1708 ἐπὶ
1699 1649 1880 1707 τούτω

272 1736 580 1810 μαρτύριον
612 1741 730 1803 πῶς
755 1735 825 1794 ἀν
849 1761 949 1794 κατ
959 1736 1161 1805 ’ἀξίαν
1186 1739 1484 1809 διέλθοιμι,
1516 1730 1586 1792 οῦ
1609 1738 1877 1807 κατηξίω

211 1841 252 1874 20
273 1844 360 1876 ται
400 1816 428 1876 ὁ
475 1821 869 1895 τρισμακάριος
912 1827 1172 1925 Παῦλος,
1222 1845 1360 1877 κατα
1412 1844 1516 1893 μεν
1567 1819 1670 1892 τὴν
1701 1818 1880 1892 αὐτὴν

273 1905 499 1971 ταύταις
532 1905 686 1980 ῶραν
726 1901 841 1963 υπὸ
883 1914 1020 1979 μίαν
1061 1905 1349 1978 ἀπόφασιν
1387 1905 1491 1977 τὴν
1533 1906 1624 1961 ἐπὶ
1653 1904 1881 1961 θανάτω

275 1990 491 2062 κριθεὶς
511 2034 525 2061 ,
569 1989 712 2063 πρὸς
754 1990 901 2065 αὐτῇ
933 1992 996 2048 δὲ
1025 1996 1091 2066 τῇ
1122 1990 1394 2048 τελειώσει
1421 1989 1525 2047 τὸν
1556 1988 1883 2061 ἀποτέμνειν

277 2071 454 2128 αὐτὸν
487 2074 622 2130 ὅσον
653 2074 814 2131 οὔπω
844 2078 1120 2148 μέλλοντα
1149 2075 1333 2148 βραχύ
1363 2099 1413 2130 τι
1444 2074 1590 2148 ῶρας
1623 2076 1884 2129 ἐνδοῦναι

278 2155 431 2231 αὐτῷ
462 2155 856 2230 ἀντίβολήσας·
937 2165 1016 2216 10.
1075 2183 1142 2216 ου
1186 2158 1374 2230 τυχῶν
1406 2163 1632 2231 λαμπρᾷ
1664 2158 1756 2212 καὶ
1787 2179 1883 2227 γε-

214 2261 254 2294 25
278 2245 444 2315 γωνῶ
485 2247 650 2315 φωνῇ
692 2247 916 2313 πρῶτον
965 2263 1069 2315 μεν
1109 2266 1206 2308 τας
1246 2241 1391 2314 ῦπερ
1432 2247 1544 2298 τῶν
1588 2237 1886 2314 ὁμοεθνῶν

282 2325 624 2396 ἐπρυτάνευε
655 2332 732 2381 τῶ
764 2332 882 2402 θεῶ
915 2325 989 2383 δι’
1025 2325 1210 2399 εὐχῶν
1239 2326 1620 2398 καταλλαγάς,
1653 2329 1688 2400 ᾑ
1720 2325 1884 2398 τάχος

282 2411 614 2481 ἐλευθερίαν
678 2409 869 2476 αὐτοῖς
931 2414 1234 2483 ἐνδοθῆναι
1294 2411 1667 2484 ποτνιῶμενος
1693 2453 1708 2481 ,
1771 2407 1883 2466 εἷθ’

278 2490 420 2566 ὑπὲρ
443 2498 541 2565 τῆς
561 2492 850 2551 Ἰουδαίων
867 2495 1006 2569 πρὸς
1023 2495 1123 2553 τὸν
1145 2494 1286 2553 θεὸν
1319 2495 1407 2552 διὰ
1435 2500 1676 2569 Χριστοῦ
1708 2510 1886 2568 προσ-

280 2582 502 2648 αγωγῆς
542 2575 733 2650 ἠξίου,
788 2578 903 2636 εἶθ’
963 2583 1083 2653 ἑξῆς
1123 2583 1412 2653 κατέβαινε
1455 2585 1534 2656 τῷ
1585 2579 1765 2655 λόγῳ,
1819 2576 1886 2633 τά

217 2682 257 2714 80
282 2660 423 2717 αὐτοὶ
477 2663 569 2718 καὶ
625 2671 993 2737 Σαμαρείταις
1049 2666 1444 2739 ἐπευχόμενος,
1497 2665 1590 2720 καὶ
1639 2662 1772 2729 τούς
1827 2664 1888 2718 ἐν

282 2745 466 2819 πλάνῃ
511 2746 696 2803 δὲκαὶ
727 2746 980 2824 ἀγνωσία
1019 2755 1162 2806 θεοῦ
1203 2755 1318 2806 τῶν
1350 2751 1536 2805 ἐθνῶν
1568 2747 1764 2818 ὄντας,
1810 2750 1887 2811 εἰς
1938 2745 1968 2753 ”’

288 2832 590 2901 ἐπίγνωσιν
623 2834 812 2889 ἐλθεῖν
836 2831 1046 2900 αύτούς
1063 2878 1078 2906 ,
1109 2835 1202 2890 καὶ
1225 2832 1327 2906 τὴν
1351 2833 1574 2905 ἀληθῶς
1600 2830 1887 2903 εὐσέβειαν
