2032 3174
356 126 455 176 100
1034 124 1281 166 EUSEBII

342 240 371 260 ee
618 238 640 255 n
690 238 701 257 a
748 244 764 263 ρ
816 242 825 260 0
1093 237 1120 255 n
1159 236 1172 257 2
1289 238 1301 255 r
1587 238 1619 261 ν,
1680 238 1692 259 2
1744 240 1757 260 e
1896 245 1918 256 1-

381 265 542 312 μενος
572 251 686 297 ουθ
741 257 1024 296 ικετευσεν
1053 263 1150 296 ουτ
1201 242 1536 314 ἐδακρυσεν,
1569 249 1671 298 αλλ
1721 266 1792 308 ως
1826 244 1957 315 ἕνην
2014 281 2019 286 -

340 323 613 396 “μοὲλιστα
643 325 744 395 τὴν
775 321 973 395 φωνὴν
1001 322 1379 398 ὀλοφυρτικῶς
1405 333 1791 398 παρεγκλίνων
1821 326 1957 399 πρὸς

341 407 621 479 ((ἑκοὲστην
668 405 1004 479 ἀπεκρίνατο
1055 407 1302 480 πληγὴν,
1355 415 1476 466 αἰαῖ
1503 408 1956 483 Ἱεροσολύμοις.”,

353 498 433 549 10.
467 496 655 563 ἕτερον
689 495 752 548 δέ
779 517 830 548 τι
862 490 1060 549 τούτου
1092 492 1536 564 παραδοξότερον
1565 492 1593 550 6
1619 493 1782 559 αὐτὸς
1815 499 1957 551 ἱστο-

307 603 327 635 5
352 590 441 646 ρεῖ
454 577 812 649 συγγραφεὺς
838 574 1082 650 χρησμόν
1105 601 1229 633 τινα
1252 577 1486 650 φάσκων
1511 580 1570 633 ἐν
1595 583 1762 649 ἱεροῖς
1784 578 1955 651 γράμ-

349 679 517 734 μασιν
568 660 852 734 ηὑρῆσθαι
903 663 1227 735 περιέχοντα
1290 660 1361 729 ὡς
1413 660 1551 717 κατὰ
1614 661 1710 719 τὸν
1763 662 1959 734 καιρὸν

353 750 566 803 ἐκεῖνον
606 743 712 802 ἀπὸ
753 748 848 817 τῆς
892 743 1071 818 χώρας
1111 769 1190 811 τις
1234 743 1422 802 αὐτῶν
1462 743 1612 818 αρξει
1651 750 1746 818 τῆς
1777 753 1959 804 οἰκου-

349 833 547 903 μένης,
580 826 646 887 ὃν
669 828 833 896 αὐτὸς
863 854 966 902 μεν
998 832 1086 886 ἐπὶ
1107 828 1532 887 Οὐεσπασιανὸν
1555 833 1961 904 πεπληρῶσθαι

351 918 663 987 ἐξείληφεν·
728 920 809 970 11.
851 913 971 970 ἀλλ’
1017 911 1116 988 οὐχ
1156 913 1371 986 ἁπάσης
1411 937 1473 986 γε
1511 938 1671 981 ουτος
1714 912 1747 987 ἢ
1790 915 1960 987 μόνης

287 1024 327 1054 10
349 992 513 1071 ἦρξεν
544 1003 638 1071 τῆς
667 997 776 1055 ὑπὸ
798 998 1125 1071 Ρωμαίους·
1180 998 1525 1071 δικαιότερον
1556 996 1611 1055 δ’
1645 995 1715 1055 ἂν
1747 1001 1835 1056 ἐπὶ
1866 998 1962 1056 τὸν

349 1081 589 1157 Χριστὸν
620 1082 921 1157 ἀναχθείη,
964 1081 1100 1155 πρὸς
1139 1081 1207 1140 ὂν
1239 1092 1422 1156 εἴρητο
1461 1081 1572 1139 ὑπὸ
1613 1086 1713 1140 τοῦ
1753 1081 1958 1157 πατρὸς

358 1166 601 1238 αι”τησαι
632 1165 765 1238 παρ’
802 1170 963 1275 ἐμοῦ,
1007 1169 1098 1223 καὶ
1131 1166 1292 1224 δώσω
1336 1185 1422 1223 σοι
1455 1174 1594 1267 ἔθνη
1625 1166 1727 1238 τὴν
1757 1175 1957 1240 κληρο-

349 1258 551 1323 νομίαν
582 1270 712 1323 σου,
756 1254 846 1308 καὶ
888 1251 991 1321 τὴν
1022 1250 1354 1324 κατασχεσίν
1395 1269 1498 1308 σου
1528 1276 1592 1307 τα
1624 1253 1834 1323 πέρατα
1863 1254 1960 1322 τῆς
1999 1276 2003 1278 ·

349 1338 464 1407 γῆς
591 1337 658 1391 οὑ
701 1335 768 1408 δὴ
816 1332 934 1391 κατ’
980 1331 1116 1391 αὐτὸ
1161 1336 1228 1406 δὴ
1273 1338 1450 1392 ἐκεῖνο
1502 1342 1603 1392 τοῦ
1647 1339 1842 1405 καιροῦ
1885 1343 1962 1401 εἰς

287 1444 328 1475 15
352 1423 538 1477 πᾶσαν
575 1418 676 1492 τὴν
720 1425 825 1492 γῆν
858 1422 1090 1491 ἐξῆλθεν
1131 1419 1159 1476 6
1192 1418 1442 1492 φθόγγος
1485 1443 1598 1476 των
1631 1424 1798 1490 ἱερῶν
1828 1418 1960 1476 ἀπο-

349 1503 561 1561 στόλων
601 1506 694 1561 καὶ
725 1510 802 1570 εἰς
833 1502 899 1561 τὰ
929 1506 1137 1578 πέρατα
1161 1510 1256 1575 τῆς
1287 1506 1615 1577 οἰκουμένης
1648 1503 1713 1560 τὰ
1746 1502 1961 1577 ῥήματα

351 1586 552 1646 αὐτῶν.

480 1684 560 1732 IX.
617 1681 742 1751 [Nic.
771 1685 829 1732 Η.
860 1684 913 1732 Ε.
942 1683 999 1737 11,
1034 1679 1133 1752 18]
1196 1668 1311 1729 Ἐπὶ
1335 1670 1546 1737 τούτοις
1577 1669 1780 1728 ἅπασιν
1811 1668 1964 1739 ἄξιον

353 1754 490 1831 μηδ’
534 1755 705 1814 αὐτὸν
750 1755 846 1814 τὸν
881 1755 1175 1828 Ἰώσηπον,
1217 1761 1456 1813 τοσαῦτα
1495 1759 1564 1829 τῇ
1601 1779 1737 1859 μετα
1779 1770 1964 1829 χεῖρας

289 1868 332 1899 20
356 1845 817 1915 συμβεβλημένον
850 1845 1095 1916 ιστορία,
1128 1838 1341 1898 ὁπόθεν
1370 1865 1429 1898 τε
1459 1843 1552 1897 καὶ
1583 1838 1682 1916 αφ’
1721 1845 1843 1897 οιόυ
1873 1842 1966 1912 γε’-

353 1950 487 1992 νους
530 1924 748 1999 ωρμᾶτο
801 1924 1041 1996 ἀγνοειν.
1129 1913 1313 1996 δηλοι
1331 1925 1394 1982 δε
1433 1923 1603 1981 πάλιν
1656 1922 1819 1990 αὐτὸς
1872 1925 1964 1981 καὶ

355 2013 516 2067 τοῦτο
570 2013 749 2083 λέγων
801 2003 909 2066 ὧδε
943 2008 1252 2081 “Ἰω’σηπος
1299 2015 1638 2068 ΖἉατταθίου
1692 2023 1847 2080 παῖς,
1908 2011 1962 2076 ἐξ

347 2092 744 2171 Ἱεροσολύμων
785 2093 991 2166 ἱερεὺς,
1035 2092 1198 2159 αὐτός
1233 2118 1291 2150 τε
1313 2093 1611 2166 Ῥωμαίους
1653 2090 1965 2165 πολεμήσας

354 2177 421 2234 τὰ
451 2180 643 2250 πρῶτα
685 2180 776 2233 καὶ
805 2192 918 2242 τοῖς
951 2176 1192 2251 ὕστερον
1216 2175 1551 2250 παρατυχών
1585 2179 1636 2243 ἐξ
1669 2172 1963 2247 ἆνάγκης.”

292 2285 335 2317 25
359 2266 407 2318 2.
440 2261 675 2334 μάλιστα
724 2262 786 2317 δὲ
825 2267 936 2317 τῶν
975 2260 1094 2317 κατ’
1143 2264 1320 2318 ἐκεῖνο
1362 2264 1558 2333 καιροῦ
1583 2259 1869 2318 Ἰουδαίων
1898 2256 1965 2316 οὐ

357 2344 505 2421 παρὰ
536 2344 726 2418 μόνοις
757 2358 869 2411 τοῖς
900 2344 1250 2418 ὁμοεθνέσιν,
1282 2342 1422 2401 ἄλλα
1452 2347 1544 2401 καὶ
1568 2343 1715 2418 παρὰ
1739 2343 1962 2417 Ῥωμαί-

358 2454 439 2496 οις
469 2432 702 2501 γέγονεν
745 2426 887 2501 ἀνὴρ
933 2427 1343 2502 ἐπιδοξότατος,
1387 2428 1458 2494 ὡς
1501 2428 1672 2486 αὐτὸν
1701 2429 1804 2501 μὲν
1833 2425 1965 2485 ἄνα-

357 2516 516 2571 θέσει
541 2511 871 2585 ἀνδριάντος
898 2517 986 2570 ἐπὶ
1009 2516 1102 2586 τῆς
1118 2512 1402 2586 Ῥωμαίων
1415 2519 1716 2586 τιμηθῆναι
1737 2512 1964 2584 πόλεως,

359 2597 486 2664 τούς
543 2599 602 2654 δὲ
655 2600 1116 2664 σπουδασθέντας
1169 2594 1321 2675 αὐτῷ
1362 2597 1558 2670 λόγους
1607 2596 1965 2670 βιβλιοθήκης
2031 2602 2032 2608 ’

467 2796 502 2860 ’5
532 2820 1010 2873 Iosep11.ss.1.v1,5‚
1036 2821 1074 2858 4.
1260 2822 1310 2859 12
1342 2820 1417 2861 Ps.
1444 2821 1482 2870 2,
1506 2820 1546 2859 8.
1731 2821 1782 2859 15
1814 2819 1888 2861 Ps.
1914 2817 1965 2858 18

367 2876 476 2928 (19),
501 2878 540 2918 5.
714 2878 766 2916 ‘22
798 2877 849 2919 B.
874 2877 911 2916 Ι.
935 2878 1139 2918 Prooem.
1160 2876 1197 2915 Ι.

1976 2726 1998 2734 x
