1986 3152
550 85 707 127 HIST.
740 83 990 126 ECCLES.
1022 87 1075 128 v.
1107 87 1174 128 22.
1206 88 1274 127 23.
1612 82 1716 135 229

105 201 352 276 πρόσθεν
391 197 499 272 ἤδη
542 202 922 273 δεδηλωμένος
964 206 1041 256 ἔτι
1081 199 1203 256 τότε
1242 205 1552 273 Σαραπίων
1596 202 1717 256 ε’πί-

105 305 304 352 σκοπος
348 287 691 357 ἐγνωρίζετο·
747 289 1086 357 Καισαρείας
1130 285 1191 340 δὲ
1234 290 1330 356 τῆς
1373 286 1461 341 ἐπὶ
1506 292 1716 342 Παλαι-

105 376 264 442 στίνῃ
290 379 590 441 καθηγεῖτο
617 367 902 440 Θεόφιλος.
952 371 1044 425 καὶ
1070 367 1386 441 Νάρκισσος
1413 369 1474 425 δὲ
1496 367 1715 441 ὁμοίως,

105 445 171 512 οὗ
209 455 300 510 καὶ
341 451 591 527 πρόσθεν
631 448 659 509 ὃ
703 451 861 525 λόγος
903 451 1126 526 μνήμην
1168 451 1488 525 ἐποιήσατο,
1530 456 1625 524 τῆς
1658 455 1718 509 ἐν

96 535 495 610 Ιεροσολύμοις
539 540 826 609 ἐκκλησίας
870 543 947 594 ἔτι
979 535 1099 593 τότε
1129 536 1231 609 τὴν
1262 543 1612 611 λειτουργίαν
1644 536 1714 592 εἶ·
1739 552 1759 584 5

104 645 214 695 χεν.
277 629 568 694 Κορίνθου
613 622 672 677 δε
711 625 808 693 τῆς
852 618 986 677 καθ’
1015 619 1249 678 Ελλάδα
1291 620 1428 677 κατὰ
1457 618 1586 688 τους
1618 617 1720 678 αύ-

103 706 230 771 τους
272 704 502 779 χρόνους
547 708 843 770 ἐπίσκοπος
889 698 958 776 ἦν
999 703 1344 777 Βάκχυλλος,
1387 707 1479 761 καὶ
1520 709 1616 777 τῆς
1661 708 1719 761 ἐν

96 787 308 866 Ἐφέσῳ
349 794 638 862 παροικίας
670 787 1066 860 Πολυκράτης,
1107 791 1199 844 καὶ
1230 787 1384 844 ἄλλοι
1417 789 1510 860 δε,
1554 787 1626 854 ῶς
1658 813 1720 860 γε

106 871 276 946 εἰκὸς,
329 875 419 930 ἐπὶ
468 871 679 938 τούτοις
731 877 920 946 μυρίοι
973 871 1109 928 κατὰ
1153 871 1354 930 τούσδε
1400 875 1715 945 διξπρεπον.

105 951 183 1015 ῶν
222 980 284 1030 γε
327 956 436 1030 μὴν
468 964 742 1058 ἔγγραφος
773 953 806 1030 ἡ
840 963 938 1030 τῆς
969 962 1204 1024 πίστεως
1237 963 1314 1024 εἰς
1344 956 1486 1030 ἡμᾶς
1517 959 1716 1029 κατῆλ-
1743 974 1782 1004 10

103 1052 208 1100 θεν
259 1040 587 1114 ὀρθοδοξία,
638 1040 867 1108 τούτους
925 1040 1148 1108 εἰκότως
1198 1039 1460 1115 ὀνομαστὶ
1502 1043 1720 1099 κατελέ-

105 1129 289 1199 ξαμεν.

230 1221 400 1271 XXIII.
457 1219 586 1286 [Nic.
616 1221 672 1270 H.
702 1221 753 1270 E.
784 1220 871 1277 IV,
901 1218 1011 1286 36]
1090 1208 1379 1282 Ζητήσεως
1413 1215 1552 1282 δῆτα
1583 1203 1719 1266 κατά

104 1293 304 1352 τούσδε
335 1292 402 1350 οὐ
434 1296 664 1368 σμικροῖς
695 1291 1160 1366 άνακινηθείσης,
1202 1292 1284 1350 ὅτι
1316 1293 1384 1367 δὴ
1416 1299 1510 1366 τῆς
1538 1291 1720 1361 Ἀσίας

103 1375 319 1452 ἁπάσης
373 1382 434 1434 αἱ
479 1385 763 1453 παροικίαι
807 1375 960 1435 ῶσάν
1002 1380 1060 1434 ἐκ
1101 1376 1459 1451 παραδόσεως
1498 1375 1715 1453 άρχαιο·
1741 1392 1783 1424 15

106 1466 266 1571 τέρας
317 1461 553 1534 σελήνης
593 1461 694 1535 τὴν
735 1461 1340 1536 τεσσαρεσκαιδεκάτην
1382 1461 1555 1540 ᾤοντο
1603 1468 1723 1521 δεῖν

106 1549 194 1604 ἐπὶ
237 1551 332 1618 τῆς
378 1549 478 1603 τοῦ
508 1545 690 1620 πάσχα
720 1552 997 1618 σωτηρίου
1030 1548 1219 1621 ἑορτῆς
1250 1521 1721 1622 παραφυλάττειν,

107 1634 166 1688 ἐν
197 1622 233 1704 ᾗ
261 1629 427 1688 θύειν
458 1630 516 1687 τὸ
557 1628 839 1703 πρόβατον
865 1628 1152 1697 Ἰουδαίοις
1195 1630 1601 1705 προηγόρευτο,
1650 1631 1723 1697 ῶς

106 1718 236 1772 δέον
269 1719 327 1772 ἐκ
360 1714 564 1782 παντὸς
596 1713 732 1772 κατὰ
763 1712 1002 1788 ταύτην,
1032 1714 1196 1772 ὁποία
1229 1713 1281 1772 δ’
1321 1711 1391 1772 α“ν
1420 1715 1596 1792 ἡμέρα
1627 1721 1723 1788 τῆς

106 1797 412 1872 ἑβδομάδος
450 1797 875 1873 περιτυγχάνοι,
917 1824 1011 1866 τας
1043 1805 1156 1857 τῶν
1186 1798 1415 1857 ἀσιτιῶν
1448 1799 1722 1866 ἐπιλύσεις
1743 1816 1785 1849 20

106 1894 419 1955 ποιεῖσθαι,
482 1881 584 1941 οὐκ
636 1891 804 1952 ἔθους
857 1881 1014 1950 ὄντος
1065 1887 1264 1941 τοῦτον
1312 1888 1581 1942 ἐπιτελεῖν
1626 1884 1723 1942 τὸν

107 1968 311 2042 τρόπον
370 1982 488 2034 ταῖς
548 1967 655 2027 ἀνὰ
706 1967 809 2040 τὴν
863 1967 1062 2040 λοιπὴν
1114 1965 1337 2026 ἅπασαν
1389 1971 1723 2042 οἰκουμένην

109 2054 454 2124 ἐκκλησίαις,
508 2056 561 2121 ἐξ
599 2050 968 2126 άποστολικῆς
1011 2051 1368 2127 παραδόσεως
1407 2051 1467 2110 τὸ
1509 2055 1600 2110 καὶ
1646 2059 1722 2120 εἰς

109 2141 274 2210 δεῦρο
306 2140 588 2210 κρατῆσαν
629 2144 760 2204 ἔθος
802 2136 1240 2211 φυλαττούσαις,
1283 2136 1355 2204 ῶς
1395 2135 1528 2211 μηδ’
1565 2139 1724 2213 ἑτέρα

107 2219 407 2294 προσήκειν
458 2220 606 2295 παρὰ
656 2219 756 2294 τὴν
805 2226 901 2294 τῆς
947 2219 1298 2289 ἀναστάσεως
1339 2225 1439 2279 τοῦ
1478 2227 1720 2298 σωτῆρος
1744 2239 1786 2270 25

106 2302 263 2378 ἡμῶν
313 2305 490 2381 ἡμέρα
533 2303 628 2373 τοὶς
670 2312 926 2380 νηστείας
969 2305 1316 2365 ἐπιλύεσθαι.
1397 2311 1447 2362 2.
1493 2305 1724 2364 σύνοδοι

111 2387 177 2461 δὴ
209 2391 298 2446 καὶ
330 2388 724 2463 συγκροτήσεις
756 2388 1074 2448 ἐπισκόπων
1105 2393 1196 2448 ἐπὶ
1227 2388 1431 2449 ταυτὸν
1457 2394 1721 2464 ἐγίνοντο,

109 2471 308 2543 πάντες
349 2498 406 2531 τε
446 2481 543 2550 μιᾷ
583 2473 775 2548 γνῶμῃ
821 2472 896 2532 δι’
933 2477 1240 2533 ἐπιστολῶν
1272 2474 1723 2548 ἐκκλησιαστικὸν

112 2555 286 2631 δόγμα
326 2573 438 2624 τοῖς
481 2557 793 2632 πανταχόσε
834 2562 1226 2632 διετυποῦντο,
1270 2556 1343 2627 ῶς
1385 2555 1454 2617 ἂν
1494 2559 1624 2633 μηδ’
1663 2564 1723 2616 ἐν

109 2637 247 2716 ὂὲλλῃ
299 2644 430 2699 ποτε
482 2646 577 2715 τῆς
622 2647 890 2717 κυριακῆς
935 2639 1111 2719 ἡμέρᾳ
1156 2642 1215 2701 τὸ
1261 2647 1356 2717 τῆς
1403 2647 1461 2701 ἐκ
1507 2649 1722 2719 νεκρῶν
1744 2659 1787 2690 30

110 2721 459 2794 ἀναστάσεως
512 2731 813 2785 ἐπιτελοῖτο
859 2731 959 2785 τοῦ
999 2734 1199 2801 κυρίου
1240 2727 1575 2803 μυστήριον,
1630 2729 1722 2784 καὶ

109 2805 255 2876 ὅπως
299 2813 357 2867 ἐν
396 2809 569 2886 ταύτῃ
612 2810 755 2885 μόνῃ
796 2814 909 2869 τῶν
949 2811 1084 2869 κατὰ
1123 2812 1183 2870 τὸ
1225 2811 1407 2885 πάσχα
1450 2812 1721 2884 νηστειῶν
