1986 3152
289 127 393 177 5214
963 124 1210 166 EUSEBII

291 267 391 315 ρον
430 239 742 313 ὑπόμνημα.
826 245 874 296 9.
920 236 949 296 ὅ
989 240 1056 312 γέ
1088 263 1171 297 τοι
1208 237 1471 314 Ἀπελλῆς
1517 231 1678 306 οὗτος
1722 247 1894 314 μυρία

290 350 426 383 κατα·
468 327 567 381 τοῦ
613 326 896 389 Μωυσέως
937 321 1175 396 ἠσέβησε
1229 322 1432 396 νόμου,
1489 323 1580 380 διὰ
1622 323 1896 382 πλειόνων

290 408 737 482 συγγραμμάτων
787 431 915 474 τους
974 414 1167 474 θείους
1221 405 1627 481 βλασφημήσας
1679 407 1895 482 λόγους,

290 499 368 560 εἰς
401 491 624 566 ἔλεγχόν
653 516 745 566 τε,
790 491 862 558 ω’ς
892 516 956 564 γε
987 492 1056 564 δὴ
1089 492 1298 564 ἐδόκει,
1332 494 1425 549 καὶ
1448 489 1767 566 ἀνατροπὴν
1798 517 1898 549 αυ-

246 583 400 634 5τῶν
452 576 515 634 οὐ
564 577 765 679 μικρὰν
813 579 1182 649 πεποιημένος
1235 575 1502 649 σπουδήν.
1574 582 1745 633 ταῦτα
1795 601 1899 650 μεν
1945 612 1949 615 -

289 657 393 719 οὗν
423 664 549 734 περὶ
579 660 810 719 τούτων.

429 757 550 806 XIV.
611 756 743 822 [Nic.
772 757 829 806 H.
861 756 913 805 E.
951 756 1024 813 IV,
1052 754 1162 822 20]
1229 743 1550 811 Μισόκαλός
1589 767 1653 816 γε
1692 743 1803 817 μὴν
1847 747 1899 814 ἐς

287 828 353 888 τὰ
392 829 629 903 μάλιστα
675 833 766 887 καὶ
818 828 1191 903 φιλοπόνηρος
1245 825 1325 886 ὢν
1377 827 1405 885 ὁ
1457 833 1553 901 τῆς
1607 832 1896 902 ἐκκλησίας

290 918 388 971 τοῦ
429 920 568 972 θεοῦ
611 916 899 987 πολέμιος,
953 918 1165 986 μηδένα
1217 936 1278 970 τε
1316 916 1580 987 μηδαμῶς
1621 916 1717 986 τῆς
1763 911 1899 970 κατὰ

226 1023 266 1056 10
288 1001 401 1056 τῶν
430 995 749 1069 ἀνθρώπων
771 995 1060 1055 ἀπολιπών
1084 1003 1379 1070 ἐπιβουλῆς
1403 996 1630 1070 τρόπον,
1664 999 1900 1071 αἱρέσεις

290 1085 447 1151 ξένας
480 1078 647 1149 αὖθις
680 1080 1019 1155 ἐπιφύεσθαι
1051 1081 1187 1139 κατὰ
1217 1087 1312 1154 τῆς
1339 1086 1628 1155 ἐκκλησίας
1661 1081 1898 1157 ἐνήργει,

291 1159 370 1223 ὦν
399 1172 456 1223 οὗ
481 1161 853 1239 μὲνῖοβόλων
884 1171 1046 1238 δίκην
1078 1169 1323 1239 ἑρπετῶν
1355 1169 1444 1223 ἐπὶ
1473 1170 1569 1238 τῆς
1593 1164 1780 1232 Ἀσίας
1805 1169 1898 1223 καὶ

292 1257 539 1323 Φρυγίας
572 1247 784 1324 εἷρπον,
816 1249 914 1307 τὸν
942 1251 1044 1323 μὲν
1075 1249 1426 1324 παράκλητον
1451 1251 1770 1322 Μοντανόν,
1801 1249 1898 1316 τοὶς

293 1334 342 1390 δ’
382 1338 435 1403 ἐξ
466 1333 642 1392 αὐτοῦ
673 1348 969 1407 γυναῖκας,
1011 1341 1358 1407 Πρίσκιλλαν
1399 1335 1490 1391 καὶ
1522 1337 1900 1408 Μαξίμιλλαν,

229 1443 268 1475 15
293 1416 444 1476 οὖσαν
506 1425 606 1476 τοῦ
671 1423 972 1477 Μοντανοῦ
1031 1418 1380 1494 προφήτιδας
1441 1425 1734 1491 γεγονυίας
1794 1418 1900 1476 αὕ-

286 1509 528 1577 χοῦντες.

429 1599 528 1651 XV.
590 1591 646 1645 οἱ
676 1584 729 1644 δ’
765 1589 854 1645 ἐπὶ
877 1585 1083 1660 Ῥώμης
1114 1584 1374 1661 ἤκμαζον,
1412 1578 1493 1644 ὦν
1523 1585 1710 1659 ἡγεῖτο
1743 1594 1899 1644 Φλω-

291 1686 474 1745 ρῖνος,
507 1678 916 1746 πρεσβυτερίου
947 1675 1042 1744 τῆς
1075 1675 1365 1744 ἐκκλησίας
1396 1669 1712 1743 ἀποπεσών,
1760 1671 1901 1728 Βλά-

293 1774 420 1823 στος
451 1780 509 1813 τε
542 1754 650 1814 σὺν
679 1755 856 1834 τούτῳ
889 1762 1259 1833 παραπλησίῳ
1290 1754 1538 1829 πτώματι
1569 1757 1904 1829 κατεσχημέ-

231 1865 271 1896 20
295 1865 404 1908 νος.
459 1847 515 1898 οἳ
542 1843 636 1898 καὶ
668 1847 892 1908 πλείους
933 1846 1030 1913 τῆς
1062 1844 1352 1912 ἐκκλησίας
1393 1842 1774 1913 περιέλκοντες
1815 1842 1902 1896 ἐπὶ

289 1924 349 1982 τὸ
392 1927 553 1997 σφῶν
593 1923 812 1998 ὑπῆγον
851 1923 1131 1999 βούλημα,
1175 1923 1409 1996 θάτερος
1454 1929 1609 1990 ἰδίως
1644 1925 1770 1998 περὶ
1801 1923 1903 1996 τὴν

293 2007 564 2080 ἀλήθειαν
594 2016 934 2084 νεωτερίζειν
963 2008 1318 2083 πειρώμενος.

431 2103 552 2153 xv1.
609 2104 737 2170 [Nic.
767 2105 823 2154 H.
854 2106 907 2154 E.
946 2102 1159 2169 1v‚23.]
1253 2090 1404 2165 Πρὸς
1474 2093 1576 2164 μὲν
1634 2084 1743 2149 οὖν
1799 2089 1901 2164 τὴν

293 2178 601 2278 λεγομένην
632 2176 768 2233 κατὰ
802 2176 1029 2250 Φρύγας
1062 2183 1275 2249 αι’ρεσιν
1316 2174 1493 2232 οπλον
1535 2175 1767 2248 ἰσχυρὸν
1809 2177 1899 2231 καὶ

229 2282 271 2315 25
295 2258 745 2332 ακαταγτόνιστον
769 2263 856 2316 ἐπὶ
879 2265 971 2332 τῆς
998 2257 1348 2332 Ιεραπόλεως
1373 2259 1469 2316 τὸν
1494 2256 1900 2331 Ἀπολινοῖριον,

294 2345 361 2401 οὑ
393 2346 483 2400 καὶ
517 2342 766 2416 πρόσθεν
795 2343 1018 2442 μνήμην
1049 2345 1076 2401 ὁ
1107 2343 1271 2417 λόγος
1301 2351 1584 2416 πεποίητο,
1617 2342 1818 2410 αλλους
1842 2366 1899 2399 τε

295 2426 402 2485 σύν
444 2425 592 2484 αὐτω
638 2434 862 2495 πλείους
906 2453 1018 2486 των
1059 2427 1321 2501 τηνικαδε
1361 2435 1566 2501 λογίων
1604 2426 1829 2496 ἀνδρῶν
1867 2425 1899 2498 ἡ
1947 2462 1950 2467 -

294 2515 391 2584 τῆς
423 2509 689 2585 αληθείας
720 2508 1031 2586 υπέρμαχος
1071 2513 1268 2585 ἀνίστη
1311 2513 1571 2585 δύναμις,
1616 2515 1667 2580 ἐξ
1701 2504 1779 2569 ὧν
1810 2513 1900 2568 καὶ

295 2595 430 2669 ἡμῖν
473 2601 714 2669 ἱστορίας
755 2604 984 2670 πλείστη
1030 2622 1110 2664 τις
1150 2595 1421 2663 ὑπόθεσις
1465 2600 1896 2653 καταλέλειπται.

232 2703 273 2734 30
298 2680 350 2736 2
398 2678 695 2754 ἀρχόμενος
728 2686 866 2753 γοῦν
905 2686 999 2753 τῆς
1041 2680 1157 2738 κατ’
1195 2705 1381 2739 αυτων
1419 2683 1636 2780 γραφῆς
1674 2704 1785 2736 των
1827 2684 1899 2736 εἰ·

298 2767 553 2838 ρημένων
587 2763 655 2836 δή
686 2789 765 2831 τις
797 2771 1016 2836 πρῶτον
1048 2770 1480 2838 ἐπισημαίνεται,
1514 2788 1587 2831 ως
1610 2766 1702 2822 καὶ
1733 2787 1899 2838 αγρα-

299 2872 422 2922 φοις
452 2862 564 2916 τοῖς
597 2848 715 2906 κατ’
753 2846 938 2907 αὐτων
970 2853 1254 2918 ἐπεξέλθοι
1298 2853 1553 2923 ἐλέγχοις.
1613 2871 1901 2923 προοιμια-
