2032 3174
226 143 335 185 xlv
846 144 1208 187 ΚΕΦΑΛΑΙΩΝ

230 255 271 318 η’
311 256 438 322 Περὶ
463 264 550 306 τοῦ
576 255 905 321 τολμηθέντος
928 253 1185 322 Ώριγένει.

225 324 295 373 θ’.
337 326 464 391 Περὶ
490 334 590 376 τῶν
613 326 738 376 κατὰ
766 327 1062 392 Νάρκισσον
1086 324 1398 392 παραδόξων.

226 396 272 443 ι’.
314 396 441 462 Περὶ
464 405 567 446 τῶν
593 396 646 447 ἐν
664 395 1020 462 Ἱεροσολύμοις
1049 396 1347 446 ἐπισκόπων.

225 465 307 514 ια’.
349 467 475 533 Περὶ
496 465 836 532 Ἀλεξάνδρου.

226 537 306 600 ιβ’.
347 537 473 602 Περὶ
498 538 826 603 Σαραπίωνος
850 537 934 587 καὶ
959 545 1059 587 τῶν
1085 536 1373 622 φερομένων
1397 535 1556 587 αὐτοῦ
1582 538 1763 604 λόγων.

295 607 471 674 .Περὶ
497 616 597 657 τῶν
623 609 905 672 Κλήμεντος
932 607 1342 674 συγγραμμάτων.

225 676 305 724 ιδ’.
339 649 567 727 Ὁπόσων
593 676 928 742 ἐμνημόνευσε
953 698 1177 744 γραφων.

225 746 296 796 ιε’.
340 745 498 814 Περὶ
507 751 736 814 Ηρακλα.

244 817 285 875 ς’
291 816 498 877 ,Ὀπως
517 815 775 885 Ὠριγένης
801 819 912 884 περὶ
937 817 1023 878 τὰς
1049 820 1194 879 θείας
1222 817 1521 868 ἐσπουδάκει
1546 818 1760 885 γραφάς.

221 836 304 972 ιζ’..
335 887 463 954 Περὶ
489 889 768 953 Συμμάχου
794 898 881 938 τοῦ
907 888 1170 955 ἑρμηνέως.

222 957 303 1021 ιη’.
343 957 471 1024 Περὶ
490 956 800 1047 Ἀμβροσίου.

223 1027 310 1076 ιθ’.
333 1027 464 1078 Ὀσα
489 1029 601 1095 περὶ
618 1027 903 1096 Ωριγένους
927 1029 1301 1094 μνημονεύεται.

222 1099 282 1147 κ’.
307 1097 451 1148 Ὀσοι
465 1119 577 1149 των
601 1100 835 1164 τηνικάδε
860 1098 1093 1188 φέρονται
1118 1099 1265 1165 λόγοι.

221 1168 316 1217 κα’.
340 1169 484 1219 Ὀσοι
509 1170 634 1219 κατὰ
659 1170 836 1220 τούσδε
862 1169 1124 1219 ἐπίσποποι
1151 1170 1480 1243 ἐγνωρίζοντο.

220 1240 315 1304 κβ’.
340 1238 469 1289 ’Ὅσα
494 1259 597 1290 των
615 1238 911 1291 Ἱππολύτου
938 1242 1007 1300 εἰς
1033 1238 1163 1306 ημᾶς
1189 1243 1362 1305 ηλθεν.

220 1310 311 1375 κγ’.
351 1310 476 1376 Περι
503 1317 588 1375 τῆς
607 1308 895 1377 Ὠριγένους
922 1312 1145 1376 σπουδῆς
1171 1309 1255 1360 καὶ
1280 1307 1347 1370 ὡς
1375 1319 1464 1360 τοῦ
1492 1308 1831 1374 ἐκκλησιαστι·

290 1388 387 1430 κοῦ
411 1381 676 1447 πρεσβείου
702 1379 912 1445 ηξιώθη.

219 1450 311 1498 κδ’.
355 1451 479 1501 Τίνα
507 1450 586 1500 ἐπὶ
611 1459 696 1516 τῆς
721 1449 1089 1517 Ἀλεξανδρείας
1117 1449 1401 1517 ἐξηγήσατο.

218 1521 302 1570 κε’.
327 1520 500 1581 ’Όπως
527 1529 628 1571 τῶν
654 1521 974 1586 ἐνδιαθήκων
999 1541 1209 1587 γραφων
1235 1519 1617 1585 ἐμνημόνευσεν.

281 1588 465 1651 ’.Ὡς”
474 1594 714 1657 Ηρακλας
749 1591 839 1657 τὴν
859 1589 1226 1658 Ἀλεξανδρέων
1251 1589 1526 1655 ἐπισκοπὴν
1560 1589 1830 1651 διεδέξατο.

217 1661 303 1723 κζ’.
326 1660 499 1721 ’Ὅπως
525 1659 681 1712 αὐτὸν
706 1662 875 1727 ἐώρων
899 1663 950 1710 οἵ
970 1661 1239 1710 ἐπίσκοποι.

218 1731 310 1795 κη’.
352 1731 478 1797 Περὶ
501 1739 589 1780 τοῦ
613 1732 738 1781 κατὰ
765 1734 1058 1795 Μαξιμῖνον
1082 1732 1318 1797 διωγμοῦ.

217 1800 319 1849 κθ’.
360 1801 487 1867 Περὶ
512 1803 801 1867 Φαβιανοῦ,
836 1799 904 1860 ὡς
924 1798 1179 1866 Ῥωμαίων
1205 1800 1469 1860 ἐπίσκοπος
1497 1799 1549 1850 ἐκ
1575 1805 1702 1851 θεοῦ
1727 1821 1822 1850 πα-

289 1870 509 1936 ραδόξως
535 1868 821 1937 ἀνεδείχθη.

217 1942 273 1990 λ’.
297 1941 443 1990 ’Ὅσοι
466 1942 729 2008 γεγόνασιν
747 1940 1032 2008 Ὠριγένους
1060 1941 1298 2006 φοιτηταί.

216 2013 306 2060 λα’.
347 2011 474 2078 Περὶ
495 2009 814 2078 Ἀφρικανοῦ.

215 2081 306 2147 λβ’.
324 2083 447 2132 Τίνα
461 2079 757 2148 Ὠριγένης’
735 2101 789 2132 εν
801 2083 1073 2150 Καισαρεία
1086 2090 1171 2146 τῆς
1188 2082 1525 2146 Παλαιστίνης
1540 2080 1825 2148 ἐξηγήσατο.

216 2153 305 2218 λγ’.
345 2152 473 2219 Περὶ
500 2160 588 2240 της
616 2154 872 2218 Βηρύλλου
899 2159 1231 2218 παρατροπῆς.

183 2223 303 2272 ’«λδ’.
349 2221 419 2271 Τα
444 2242 568 2271 κατα
594 2223 843 2272 Φίλιππον
862 2224 1112 2288 Καίσαρα.

213 2294 296 2342 λε’.
327 2289 419 2380 ΞΩς
447 2293 711 2352 Διονύσιος
733 2290 952 2359 (Ηρακλα
981 2293 1071 2358 τὴν
1098 2290 1373 2357 ἐπισκοπὴν
1399 2291 1661 2353 διεδέξατο.

212 2362 302 2421 λς’.
327 2361 458 2412 ‘'Ococ
484 2362 607 2412 ἄλλα
635 2362 970 2413 ἐσπούδασται
997 2371 1064 2412 τῶ
1083 2360 1341 2428 Ὠριγένει.

212 2434 298 2493 λζ’.
339 2433 465 2500 Περὶ
491 2442 577 2498 τῆς
604 2442 705 2483 τῶν
726 2431 951 2500 Ἀράβων
977 2434 1295 2492 διαστάσεως.

213 2504 303 2567 λη’.
345 2504 472 2569 Περὶ
497 2512 586 2569 τῆς
606 2502 936 2554 Ελκεσαϊτων
960 2502 1207 2570 αἱρέσεως.

213 2573 310 2622 λθ’.
353 2574 479 2640 Περὶ
504 2594 604 2624 των
628 2574 752 2627 κατὰ
781 2573 976 2624 Δέκιον.

212 2645 276 2709 μ’.
318 2644 445 2709 Περὶ
469 2664 571 2694 των
597 2646 850 2731 Διονυσίῳ
877 2644 1190 2710 συμβάντων

212 2715 311 2779 μα’.
353 2714 479 2780 Περὶ
506 2722 604 2764 τῶν
632 2713 711 2763 ἐπ’
740 2712 896 2780 αὐτῆς
917 2712 1285 2778 Αλεξανδρείας
1311 2712 1746 2778 μαρτυρησάντων.

211 2785 310 2848 μβ’.
352 2784 479 2851 Περὶ
503 2788 575 2834 ὠν
599 2783 762 2834 α’λλων
788 2782 814 2834 ὁ
843 2784 1107 2842 Διονύσιος
1134 2784 1327 2848 ἱστορει.
