1986 3152
563 111 719 152 fflsT.
750 111 1000 156 EchEs
1031 111 1133 153 vn.
1167 114 1234 156 32
1610 111 1712 163 341

100 251 160 285 τε
187 229 283 284 καὶ
311 231 406 299 τῆς
449 224 619 300 άλλης
649 231 1019 299 διαλεκτικῆς,
1062 233 1141 284 ἔτι
1179 251 1238 284 τε
1280 233 1520 300 φυσικῆς
1561 237 1713 285 θεω-

103 318 257 414 ρίας,
311 314 619 385 ῥητορικῶν
669 335 727 368 τε
780 314 850 368 αὐ
906 312 1254 384 μαθημάτων
1312 311 1592 385 ἐληλακως
1634 318 1712 379 είς

102 395 302 468 άκρον
358 398 439 452 ὠν
469 398 632 452 ἕνεκα
663 397 755 452 καὶ
785 401 882 468 τῆς
920 394 1006 452 ἐπ’
1030 395 1446 470 Ἀλεξανδρείας
1465 395 1712 471 Ἀριστο-

100 482 294 546 τέλους
326 484 586 552 διαδοχῆς
616 479 718 552 τὴν
748 480 1035 554 διατριβὴν
1077 481 1242 552 λόγος
1290 487 1397 553 ἔχει
1427 481 1566 555 πρὸς
1595 486 1711 538 τῶν

100 569 235 638 τῇδε
266 569 507 620 πολιτῶν
531 565 918 636 συστήσασθαι
941 563 1119 621 αὐτὸν
1141 563 1462 636 ἀξιωθῆναι.
1515 570 1560 622 7.
1592 589 1704 638 μυ-
1731 586 1751 617 5

102 655 225 722 ρίας
256 649 360 721 μὲν
390 643 497 705 οὖν
526 653 695 705 τοῦδε
736 650 829 704 καὶ
859 646 1029 714 ἄλλας
1069 647 1346 722 ἀριστείας
1387 653 1447 706 ἐν
1476 655 1546 723 τῇ
1582 647 1707 705 κατ’

97 731 519 805 Ἀλεξάνδρειαν
586 738 690 788 τοῦ
754 740 1074 805 Προυχείου
1146 740 1438 807 πολιορκία
1495 756 1714 805 μνημο-

105 817 398 887 νεύουσιν,
452 815 547 872 ἅτε
599 821 714 872 τῶν
768 819 828 872 έν
879 817 1021 872 τέλει
1072 823 1381 889 προνομίας
1435 819 1713 890 έξαιρέτου

100 901 242 974 πρὸς
272 898 538 956 ἁπάντων
567 899 910 972 ἠξιωμένου,
945 905 1238 972 δείγματος
1264 900 1326 956 δὲ
1352 903 1514 957 ἕνεκα
1536 900 1714 973 μόνου

101 989 270 1042 τοῦδε
313 983 811 1057 ἐπιμνησθήσομαι.
882 988 928 1040 8.
977 989 1079 1041 τοῦ
1122 989 1341 1058 πυροῦ,
1385 986 1554 1056 φασὶ,
1598 997 1714 1050 τοῖς
1740 1005 1778 1036 10

106 1070 592 1143 πολιορκουμένοις
625 1069 1061 1139 ἐπιλελοιπότος,
1110 1067 1183 1135 ὥς
1212 1068 1320 1141 ἤδη
1351 1075 1467 1125 τῶν
1497 1072 1712 1136 ἔξωθεν

100 1160 384 1226 πολεμίων
422 1158 637 1225 μᾶλλον
668 1151 861 1219 αὐτοῖς
892 1152 993 1210 τὸν
1025 1152 1188 1225 λιμόν
1218 1152 1506 1225 ἀφόρητον
1536 1162 1712 1210 καθε-

102 1238 323 1308 στάναι,
369 1237 568 1310 παρών
600 1236 629 1293 ὁ
662 1237 1006 1310 δηλούμενος
1037 1243 1420 1310 οἰκονομεῖταί
1445 1261 1495 1293 τι
1524 1243 1710 1293 τοιοῦ-

100 1345 213 1378 τον.
264 1323 509 1394 θατέρου
540 1323 746 1394 μέρους
776 1327 876 1393 τῆς
906 1322 1119 1386 πόλεως
1149 1327 1227 1398 τῷ
1252 1321 1532 1397 Ῥωμαϊκῷ
1565 1340 1710 1394 συμ-

99 1411 412 1479 μαχοῦντος
444 1411 691 1482 στρατῷ,
731 1406 905 1479 ταύτῃ
948 1429 1005 1462 τε
1035 1406 1412 1479 τυγχάνοντος
1444 1404 1710 1479 άπολιορ-
1738 1423 1777 1456 15

100 1491 300 1562 κῆτου,
329 1489 431 1547 τὸν
456 1488 733 1562 Εὑσέβιον
765 1489 870 1563 (ἔτι
898 1490 1006 1563 γὰρ
1040 1490 1182 1547 εἶναι
1211 1490 1335 1547 τότε
1366 1489 1568 1547 αὐτόθι
1598 1490 1706 1561 πρὸ

98 1580 196 1648 τῆς
229 1576 320 1631 ἐπὶ
354 1581 578 1646 Συρίαν
608 1574 1089 1647 μεταναστάσεως)
1131 1577 1190 1630 ἐν
1222 1588 1337 1640 τοῖς
1369 1573 1710 1648 άπολιορκῆ-

99 1683 210 1725 τοις
241 1659 405 1730 ὄντα,
436 1661 580 1731 μέγα
608 1682 668 1715 τε
698 1661 856 1725 κλέος
890 1660 983 1715 καὶ
1019 1659 1315 1731 διαβόητον
1346 1658 1524 1732 ὄνομα
1553 1660 1712 1732 μέχρι

100 1745 195 1800 καὶ
245 1748 348 1800 τοῦ
393 1741 678 1816 Ῥωμαίων
731 1743 1110 1817 στρατηλάτου
1162 1746 1528 1816 κεκτημένον,
1582 1744 1710 1816 περὶ

102 1833 215 1884 τῶν
274 1833 414 1903 λιμῷ
474 1831 957 1901 διαφθειρομένων
1023 1826 1162 1884 κατα
1221 1827 1325 1899 τῆν
1383 1834 1711 1901 πολιορκίαν
1735 1847 1778 1878 20

102 1915 323 1985 πέμψας
365 1910 394 1968 ὁ
432 1910 747 1978 Ἀνατόλιος
802 1913 1124 1974 ἐκδιδάσκει.
1200 1918 1247 1968 9.
1307 1908 1340 1969 ό
1397 1912 1459 1968 δὲ
1509 1911 1713 1984 μαθων

103 2004 384 2071 σωτηρίαν
413 2009 530 2062 τοῖς
561 1995 668 2053 ἀπὸ
699 2002 814 2053 τῶν
855 2003 1136 2069 πολεμίων
1166 1995 1497 2069 αὐτομόλοις
1527 2018 1713 2070 παρα-

103 2094 260 2154 σχεῖν
313 2079 386 2147 ὥς
441 2084 502 2136 ἐν
543 2087 776 2154 μεγίστῃ
819 2081 995 2155 χάριτι
1036 2086 1249 2153 δωρεᾶς
1288 2080 1388 2137 τὸν
1432 2079 1712 2153 Ῥωμαίων

109 2164 421 2238 στρατηγὸν
452 2171 714 2235 αἰτεῖται,
746 2167 837 2221 καὶ
868 2171 964 2237 τῆς
996 2164 1274 2233 ἀξιώσεως
1299 2189 1363 2236 γε
1393 2163 1581 2237 τυχών
1614 2167 1711 2237 ε’μ-

103 2250 276 2321 φανὲς
315 2255 393 2325 τῷ
430 2249 731 2326 Ἀνατολίςο
772 2257 1123 2322 καθίστησιν.
1198 2246 1227 2306 ὁ
1271 2250 1333 2306 δὲ
1375 2248 1576 2306 αὐτίκα
1606 2249 1709 2321 τὴν
1732 2268 1773 2299 25

106 2337 442 2405 ἐπαγγελίαν
493 2335 822 2407 δεξάμενος,
877 2334 1094 2407 βουλῆν
1143 2339 1255 2392 τῶν
1307 2331 1715 2405 Ἀλεξανδρέων

105 2417 471 2489 συναγαγών,
525 2419 591 2474 τοὶ
645 2419 750 2490 μὲν
791 2425 984 2493 πρῶτα
1029 2419 1242 2485 πάντας
1284 2416 1445 2491 ῆξίου
1490 2417 1712 2490 φιλικὴν

105 2507 305 2559 δοῦναι
328 2501 608 2574 Ῥωμαίοις
640 2502 855 2574 δεξιὰν,
899 2498 972 2568 ὦς
1005 2501 1058 2560 δ’
1092 2502 1482 2577 ἀγριαίνοντας
1516 2503 1606 2558 ἐπὶ
1636 2507 1713 2577 τῷ

103 2587 254 2663 λόγῳ
306 2592 599 2658 συνεῖδεν,
653 2585 778 2643 ἀλλ’
824 2585 893 2643 οὐ
934 2587 1114 2664 τούτῳ
1155 2611 1247 2659 γε,
1299 2588 1502 2660 φησὶν,
1555 2585 1712 2642 ἄντι-

104 2672 279 2738 λέξειν
310 2670 443 2728 ποθ’
476 2670 623 2744 ὑμᾶς
655 2680 865 2743 οἴομαι,
898 2677 951 2728 εί
967 2671 1100 2738 τούς
1131 2671 1421 2745 περιττούς
1451 2672 1544 2727 καὶ
1574 2668 1708 2741 ἡμῖν
1731 2687 1774 2718 3ο

106 2752 300 2822 αὐτοῖς
331 2754 549 2829 οὐδαμῆ
595 2762 933 2829 χρησίμους,
986 2761 1221 2828 γραΐδας
1273 2758 1366 2813 καὶ
1407 2755 1576 2826 νήπια
1618 2753 1711 2807 καὶ

106 2840 450 2914 πρεσβύτας,
506 2845 769 2897 ἐκδοῦναι
809 2845 1008 2896 πυλῶν
1049 2843 1151 2908 ἔξω
1192 2846 1435 2912 βαδίζειν
1466 2839 1590 2894 ὅποι
1620 2837 1713 2891 καὶ
