2032 3174
510 109 667 150 HIST.
699 109 945 151 ECCLES.
975 110 1033 153 ΙΙ.
1066 111 1247 153 23—25.
1613 108 1675 160 81

73 223 221 300 ὅμως
255 221 307 281 δ’
345 233 503 298 ἴσμεν
534 226 623 281 καὶ
653 223 855 292 ταύτας
885 224 1020 298 μετὰ
1050 229 1160 283 τῶν
1191 229 1400 282 λοιπῶν
1434 227 1493 284 ἐν
1524 232 1681 282 πλεί-

77 329 228 376 σταις
262 310 765 382 δεδημοσιευμένας
800 312 1126 381 ἐκκλησίαις.

214 404 379 454 XXIV.
444 404 571 470 [Nic.
610 405 666 453 H.
704 405 757 453 E.
797 405 852 459 ΙΙ,
895 403 1000 469 15]
1071 396 1333 467 Νέρωνος
1380 395 1439 451 δὲ
1479 391 1681 467 ὄγδοον

75 476 308 550 ἄγοντος
339 482 433 550 τῆς
465 483 747 550 βασιλείας
774 483 888 544 ἔτος
913 481 1128 551 πρῶτος
1158 478 1292 551 μετα
1317 476 1554 551 Μάρκον
1584 476 1681 536 τὸν

76 559 470 636 εὐαγγελιστὴν
509 565 604 634 τῆς
647 564 706 619 ἐν
729 560 1118 636 Ἀλεξανδρείᾳ
1149 570 1436 636 παροικίας
1465 559 1675 620 Ἀννια-
1701 588 1720 621 5

76 645 172 714 νὸς
203 643 304 720 τὴν
335 651 685 718 λειτουργίαν
719 646 1040 718 διαδέχεται.

218 741 360 790 XXV.
417 740 544 806 [Nic.
573 741 630 790 H.
660 741 712 789 E.
744 740 798 797 ll,
828 738 1078 805 34—37]
1133 733 1586 804 Κραταιουμένης
1621 731 1681 788 δὲ

74 812 182 886 ἤδη
222 818 296 889 τῷ
338 817 561 887 Νέρωνι
613 816 707 886 τῆς
721 811 944 914 ἀρχῆς,
989 820 1065 878 εἰς
1106 812 1366 880 ἀνοσίους
1410 818 1682 882 ἐξοκείλας

71 895 453 969 ἐπιτηδεύσεις
494 895 615 954 κατ’
663 894 833 970 αὐτῆς
875 895 1136 967 ὡπλίζετο
1181 903 1275 969 τῆς
1319 904 1395 964 εἰς
1436 896 1532 955 τὸν
1572 903 1682 955 τῶν

72 979 220 1039 όλων
249 978 388 1039 θεὸν
420 978 717 1054 ευσεβείας.
789 981 1024 1056 γράφειν
1064 1006 1165 1055 μεν
1196 983 1297 1039 οὐν
1335 978 1450 1050 οἷός
1480 1008 1559 1050 τις
1592 974 1680 1040 οὐ·

75 1089 165 1133 τος
204 1067 492 1167 γεγένηται
533 1064 633 1139 τὴν
674 1072 987 1140 μοχθηρίαν
1028 1091 1094 1124 ov
1133 1073 1228 1139 τῆς
1267 1065 1549 1141 παρούσης
1591 1069 1683 1140 γε’-

78 1147 218 1207 νοιτ’
261 1147 331 1207 ἂν
379 1153 590 1224 σχολῆς.
652 1155 699 1208 2.
733 1157 954 1208 πολλων
993 1175 1055 1223 γε
1094 1150 1204 1224 μὴν
1243 1150 1308 1207 τὰ
1348 1150 1465 1227 κατ’
1513 1150 1684 1208 αὐτὸν

74 1231 493 1308 άκριβεστάταις
534 1234 1010 1307 παραδεδωκότων
1051 1234 1365 1308 διηγήσεσι,
1420 1234 1683 1309 πάρεστιν

75 1317 182 1394 ὅτῳ
207 1324 374 1391 φίλον
410 1321 462 1386 ἐξ
495 1315 680 1376 αὐτῶν
701 1317 800 1393 τὴν
832 1318 1126 1392 σκαιότητα
1150 1324 1243 1392 τῆς
1267 1316 1503 1392 τάνδρὸς
1537 1319 1681 1376 ἐκτό-

78 1425 187 1459 που
229 1405 651 1478 καταθεωρῆσαι
690 1410 919 1476 μανίας,
963 1401 1096 1461 καθ’
1131 1400 1228 1476 ἣν,
1269 1401 1335 1461 οὐ
1375 1402 1508 1477 μετὰ
1538 1412 1680 1477 λογι*

78 1488 244 1559 σμού,
287 1493 504 1562 μυρίων
541 1484 689 1546 ὅσων
718 1485 992 1552 ἀπωλείας
1027 1489 1328 1556 διεξελθὼν
1370 1490 1459 1545 ἐπὶ
1490 1487 1685 1546 τοσαύ-

77 1594 178 1642 την
216 1567 388 1642 ἤλασε
429 1578 774 1645 μιαιφονίαν>
804 1571 875 1638 ὡς
904 1573 1046 1646 μηδὲ
1084 1577 1196 1629 τῶν
1235 1571 1588 1631 οἰκειοτάτων
1626 1595 1685 1630 τε

77 1656 168 1710 καὶ
199 1653 479 1727 φιλτάτων
511 1658 782 1730 ἐπισχεῖν,
822 1659 1027 1730 μητέρα
1062 1658 1121 1713 δὲ
1159 1655 1358 1730 ὁμοίως
1398 1659 1489 1714 καὶ
1520 1655 1686 1714 ἀδελ-

33 1761 36 1763 ·
78 1736 219 1810 φοῦς
261 1742 352 1796 καὶ
392 1755 635 1812 γυναῖκα
678 1738 783 1798 σύν
825 1744 916 1797 καὶ
958 1739 1141 1807 ἄλλοις
1182 1748 1398 1814 μυρίοις
1429 1744 1504 1818 τῷ
1536 1744 1684 1814 γένει

78 1822 420 1896 προσήκουσι
459 1822 664 1895 τρόπον
708 1828 926 1899 ἐχθρῶν
969 1827 1059 1882 καὶ
1101 1832 1382 1898 πολεμίων
1413 1831 1684 1891 ποικίλαις

79 1906 342 1985 θανάτων
374 1911 546 1975 ἰδέαις
579 1908 1000 1984 διαχρήσασθαι.
1057 1913 1103 1966 3.
1139 1911 1316 1967 ἐνέδει
1345 1910 1404 1966 δὲ
1436 1907 1540 1983 ἄρα
1572 1922 1684 1976 τοῖς

80 1995 213 2049 πᾶσι
256 1995 347 2049 καὶ
387 1990 543 2050 τοῦτ’
591 1997 962 2068 ἐπιγραφῆναι
1005 1990 1183 2070 αὐτῷ,
1239 1992 1310 2059 ὡς
1359 1989 1429 2051 ἂν
1473 1996 1685 2067 πρῶτος

82 2074 502 2153 αὐτοκρατόρων
540 2085 635 2151 τῆς
678 2084 754 2146 εἰς
799 2078 858 2136 τὸ
900 2089 1061 2137 θεῖον
1105 2075 1388 2151 εὐσεβείας
1431 2079 1685 2151 πολέμιος

79 2155 451 2247 άναδειχὲζείη.
513 2166 562 2220 4.
589 2161 786 2220 τούτου
821 2164 882 2220 δὲ
912 2162 1080 2220 πάλιν
1110 2161 1137 2219 ὁ
1163 2158 1421 2236 Ῥωμαῖος
1454 2170 1684 2236 Τερτυλ·

81 2244 265 2312 λιανὸς
307 2247 418 2304 ώδέ
459 2269 575 2313 πως
626 2249 803 2320 λέγων
847 2246 1181 2322 μνημονεύει
1234 2245 1523 2320 “ε’ντυ’χετε
1573 2259 1685 2312 τοῖς
1731 2272 1750 2302 5

73 2325 504 2431 ἶὺπομνήμασιν
534 2330 706 2405 ὑμων.
771 2335 886 2390 ἐκει
907 2328 1170 2406 ευρήσετε
1198 2355 1418 2406 πρωτον
1450 2333 1686 2404 Νέρωνα

74 2407 272 2470 “τοῦτο
311 2413 370 2470 τὸ
415 2413 618 2489 δόγμα,
663 2414 827 2488 ηνίκα
857 2414 1092 2490 μάλιστα
1135 2418 1193 2472 ἐν
1216 2414 1388 2490 Ῥώμῃ
1420 2413 1520 2488 τὴν
1551 2413 1687 2471 ἀνα-

77 2487 279 2569 τολὴν
323 2501 509 2555 πᾶσαν
548 2495 820 2568 ὑποτάξας
862 2497 1004 2574 ωμός
1044 2502 1114 2572 ἠν
1159 2505 1236 2566 εἰς
1275 2498 1514 2572 πάντας,
1559 2498 1688 2555 διιό-

76 2575 292 2684 ;.ξαντα
354 2581 583 2659 τοιούτω
615 2590 708 2656 τῆς
740 2583 1014 2651 κολάσεως
1040 2584 1197 2657 ἡμων
1220 2582 1441 2660 ἀρχηγῷ
1471 2581 1687 2656 καυχω-

62 2702 66 2707 ·
75 2661 276 2767 Σμεθα.
340 2665 368 2722 ὁ
383 2691 506 2772 γαρ
533 2667 693 2734 ειδώς
719 2671 933 2726 ἐκεῖνον
939 2675 1171 2771 Μνοῆσαι
1183 2667 1444 2738 δύναται,
1479 2691 1550 2733 ως
1581 2662 1715 2722 οὐκ

75 2745 214 2820 “αν,
251 2756 299 2806 εἰ
326 2749 399 2822 μὴ
430 2754 567 2823 μέγα
598 2777 647 2808 τι
679 2750 898 2824 ἀγαθὸν
928 2755 1026 2824 ἠν,
1070 2751 1179 2808 ὑπὸ
1212 2754 1475 2824 Νέρωνος
1523 2773 1683 2806 κατα-

76 2828 429 2906 “κριθῆναι.”
505 2855 552 2891 Ο.
588 2834 757 2909 ταύτῃ
802 2839 941 2908 γοῦν
971 2828 1130 2903 οὗτος
1161 2833 1436 2908 θεομάχος
1484 2837 1541 2890 ἐν
1571 2845 1683 2896 τοῖς

168 2940 394 2969 EUSEBIUS
422 2943 483 2971 lv.
703 2975 714 2984 Ι
1316 2927 1347 2977 G

1707 1009 1744 1040 10

1708 1432 1746 1463 15

1708 1853 1747 1885 20

1709 2693 1748 2723 30
