<?xml version="1.0" encoding="UTF-8"?>
<!DOCTYPE html PUBLIC "-//W3C//DTD XHTML 1.0 Transitional//EN"
    "http://www.w3.org/TR/xhtml1/DTD/xhtml1-transitional.dtd">
<html xmlns="http://www.w3.org/1999/xhtml" xml:lang="en" lang="en">
 <head>
  <title>
</title>
<meta http-equiv="Content-Type" content="text/html;charset=utf-8" />
  <meta name='ocr-system' content='tesseract 3.04.00' />
  <meta name='ocr-capabilities' content='ocr_page ocr_carea ocr_par ocr_line ocrx_word'/>
</head>
<body>
  <div class='ocr_page' id='page_1' title='image "./operaeusebius04euseuoft_0230.png"; bbox 0 0 1986 3152; ppageno 0'>
   <div class='ocr_carea' id='block_1_1' title="bbox 287 82 1208 133">
    <p class='ocr_par' dir='ltr' id='par_1_1' title="bbox 287 82 1208 133">
     <span class='ocr_line' id='line_1_1' title="bbox 287 82 1208 133; baseline -0.01 0"><span class='ocrx_word' id='word_1_1' title='bbox 287 82 388 133; x_wconf 88' lang='grc'><strong><em>170</em></strong></span> <span class='ocrx_word' id='word_1_2' title='bbox 962 83 1208 125; x_wconf 81' lang='lat' dir='ltr'>EUSEBH</span> 
     </span>
    </p>
   </div>
   <div class='ocr_carea' id='block_1_2' title="bbox 209 195 1939 2882">
    <p class='ocr_par' dir='ltr' id='par_1_2' title="bbox 283 195 1891 271">
     <span class='ocr_line' id='line_1_2' title="bbox 283 195 1891 271; baseline 0.004 -19"><span class='ocrx_word' id='word_1_3' title='bbox 283 203 463 269; x_wconf 83' lang='grc' dir='ltr'><em>μαίων</em></span> <span class='ocrx_word' id='word_1_4' title='bbox 483 199 771 269; x_wconf 79' lang='grc' dir='ltr'><strong><em>ἐκκλησίας</em></strong></span> <span class='ocrx_word' id='word_1_5' title='bbox 802 196 904 269; x_wconf 88' lang='grc' dir='ltr'><strong><em>τὴν</em></strong></span> <span class='ocrx_word' id='word_1_6' title='bbox 928 197 1232 270; x_wconf 82' lang='grc' dir='ltr'><strong><em>ἐπισκοπὴν</em></strong></span> <span class='ocrx_word' id='word_1_7' title='bbox 1247 195 1533 271; x_wconf 89' lang='grc' dir='ltr'><strong><em>Ἀνίκητον</em></strong></span> <span class='ocrx_word' id='word_1_8' title='bbox 1556 201 1754 258; x_wconf 81' lang='grc' dir='ltr'><strong><em>ἕνδεκα</em></strong></span> <span class='ocrx_word' id='word_1_9' title='bbox 1777 213 1891 268; x_wconf 84' lang='grc' dir='ltr'><strong><em>τοῖς</em></strong></span> 
     </span>
    </p>

    <p class='ocr_par' dir='ltr' id='par_1_3' title="bbox 283 280 1892 357">
     <span class='ocr_line' id='line_1_3' title="bbox 283 280 1892 357; baseline 0.002 -20"><span class='ocrx_word' id='word_1_10' title='bbox 283 284 452 338; x_wconf 78' lang='grc' dir='ltr'><strong><em>πᾶσιν</em></strong></span> <span class='ocrx_word' id='word_1_11' title='bbox 477 286 619 337; x_wconf 85' lang='grc' dir='ltr'><strong><em>ἔτεσι</em></strong></span> <span class='ocrx_word' id='word_1_12' title='bbox 638 280 934 338; x_wconf 79' lang='grc' dir='ltr'><em>διελθόντα</em></span> <span class='ocrx_word' id='word_1_13' title='bbox 949 281 1150 355; x_wconf 86' lang='grc' dir='ltr'><strong><em>Σωτὴρ</em></strong></span> <span class='ocrx_word' id='word_1_14' title='bbox 1175 285 1500 356; x_wconf 86' lang='grc' dir='ltr'><strong><em>διαδέχεται.</em></strong></span> <span class='ocrx_word' id='word_1_15' title='bbox 1535 281 1780 340; x_wconf 73' lang='grc' dir='ltr'><strong><em>ἀλλὰκαὶ</em></strong></span> <span class='ocrx_word' id='word_1_16' title='bbox 1797 290 1892 357; x_wconf 85' lang='grc' dir='ltr'><strong><em>τῆς</em></strong></span> 
     </span>
    </p>

    <p class='ocr_par' dir='ltr' id='par_1_4' title="bbox 279 361 1891 441">
     <span class='ocr_line' id='line_1_4' title="bbox 279 361 1891 441; baseline 0.003 -21"><span class='ocrx_word' id='word_1_17' title='bbox 279 361 683 438; x_wconf 77' lang='grc' dir='ltr'><strong><em>Ἀλεξανδρέων</em></strong></span> <span class='ocrx_word' id='word_1_18' title='bbox 724 373 1013 437; x_wconf 80' lang='grc' dir='ltr'><strong><em>παροικίας</em></strong></span> <span class='ocrx_word' id='word_1_19' title='bbox 1056 372 1411 433; x_wconf 88' lang='grc' dir='ltr'><strong><em>Κελαδίωνος</em></strong></span> <span class='ocrx_word' id='word_1_20' title='bbox 1462 368 1749 441; x_wconf 82' lang='grc' dir='ltr'><strong><em>τέτταρσιν</em></strong></span> <span class='ocrx_word' id='word_1_21' title='bbox 1802 371 1891 426; x_wconf 85' lang='grc' dir='ltr'><strong><em>ἐπὶ</em></strong></span> 
     </span>
    </p>

    <p class='ocr_par' dir='ltr' id='par_1_5' title="bbox 240 447 1891 605">
     <span class='ocr_line' id='line_1_5' title="bbox 285 447 1891 525; baseline 0.003 -21"><span class='ocrx_word' id='word_1_22' title='bbox 285 449 417 504; x_wconf 89' lang='grc' dir='ltr'><strong><em>δέκα</em></strong></span> <span class='ocrx_word' id='word_1_23' title='bbox 449 453 592 505; x_wconf 79' lang='grc' dir='ltr'><strong><em>ἔτεσι</em></strong></span> <span class='ocrx_word' id='word_1_24' title='bbox 623 448 960 523; x_wconf 76' lang='grc' dir='ltr'><strong><em>προστάντος</em></strong></span> <span class='ocrx_word' id='word_1_25' title='bbox 983 447 1085 522; x_wconf 79' lang='grc' dir='ltr'><strong><em>τὴν</em></strong></span> <span class='ocrx_word' id='word_1_26' title='bbox 1109 450 1377 524; x_wconf 86' lang='grc' dir='ltr'><strong><em>διαδοχὴν</em></strong></span> <span class='ocrx_word' id='word_1_27' title='bbox 1396 448 1750 525; x_wconf 85' lang='grc' dir='ltr'><strong><em>Ἀγριππῑνος</em></strong></span> <span class='ocrx_word' id='word_1_28' title='bbox 1777 456 1891 509; x_wconf 89' lang='grc' dir='ltr'><strong><em>δια·-</em></strong></span> 
     </span>
     <span class='ocr_line' id='line_1_6' title="bbox 240 531 568 605; baseline 0.003 -17"><span class='ocrx_word' id='word_1_29' title='bbox 240 550 261 581; x_wconf 83' lang='grc'>5</span> <span class='ocrx_word' id='word_1_30' title='bbox 284 531 568 605; x_wconf 76' lang='grc' dir='ltr'><strong><em>λαμβάνει.</em></strong></span> 
     </span>
    </p>

    <p class='ocr_par' dir='ltr' id='par_1_6' title="bbox 267 619 1893 944">
     <span class='ocr_line' id='line_1_7' title="bbox 408 619 1893 694; baseline -0.001 -18"><span class='ocrx_word' id='word_1_31' title='bbox 408 627 509 676; x_wconf 90' lang='lat' dir='ltr'><strong><em>XX.</em></strong></span> <span class='ocrx_word' id='word_1_32' title='bbox 566 627 695 694; x_wconf 80' lang='lat' dir='ltr'><strong>[Nic.</strong></span> <span class='ocrx_word' id='word_1_33' title='bbox 734 629 792 677; x_wconf 91' lang='lat' dir='ltr'><strong><em>H.</em></strong></span> <span class='ocrx_word' id='word_1_34' title='bbox 824 629 875 678; x_wconf 82' lang='grc' dir='ltr'><strong><em>Ε.</em></strong></span> <span class='ocrx_word' id='word_1_35' title='bbox 905 629 991 685; x_wconf 88' lang='lat' dir='ltr'><strong><em>IV,</em></strong></span> <span class='ocrx_word' id='word_1_36' title='bbox 1024 627 1128 694; x_wconf 87' lang='lat'>19.]</span> <span class='ocrx_word' id='word_1_37' title='bbox 1202 621 1516 691; x_wconf 75' lang='grc' dir='ltr'><strong><em>Τηνικαύτα</em></strong></span> <span class='ocrx_word' id='word_1_38' title='bbox 1556 619 1647 675; x_wconf 86' lang='grc' dir='ltr'><strong><em>καὶ</em></strong></span> <span class='ocrx_word' id='word_1_39' title='bbox 1680 619 1769 675; x_wconf 86' lang='grc' dir='ltr'><strong><em>ἐπὶ</em></strong></span> <span class='ocrx_word' id='word_1_40' title='bbox 1799 621 1893 692; x_wconf 80' lang='grc' dir='ltr'><strong><em>τῆς</em></strong></span> 
     </span>
     <span class='ocr_line' id='line_1_8' title="bbox 277 697 1892 775; baseline 0.002 -18"><span class='ocrx_word' id='word_1_41' title='bbox 277 697 597 774; x_wconf 83' lang='grc' dir='ltr'><strong><em>Ἀντιοχέων</em></strong></span> <span class='ocrx_word' id='word_1_42' title='bbox 630 704 918 774; x_wconf 80' lang='grc' dir='ltr'><strong><em>ἐκκλησίας</em></strong></span> <span class='ocrx_word' id='word_1_43' title='bbox 953 703 1220 775; x_wconf 81' lang='grc' dir='ltr'><strong><em>Θεόφιλος</em></strong></span> <span class='ocrx_word' id='word_1_44' title='bbox 1261 706 1415 768; x_wconf 79' lang='grc' dir='ltr'><strong><em>ἕκτος</em></strong></span> <span class='ocrx_word' id='word_1_45' title='bbox 1457 701 1564 759; x_wconf 81' lang='grc' dir='ltr'><strong><em>ἀπὸ</em></strong></span> <span class='ocrx_word' id='word_1_46' title='bbox 1604 704 1715 758; x_wconf 72' lang='grc' dir='ltr'><strong><em>τῶν</em></strong></span> <span class='ocrx_word' id='word_1_47' title='bbox 1759 700 1892 760; x_wconf 81' lang='grc' dir='ltr'><strong><em>ἀπο-</em></strong></span> 
     </span>
     <span class='ocr_line' id='line_1_9' title="bbox 281 783 1890 861; baseline 0.002 -20"><span class='ocrx_word' id='word_1_48' title='bbox 281 783 496 842; x_wconf 85' lang='grc' dir='ltr'><strong><em>στόλων</em></strong></span> <span class='ocrx_word' id='word_1_49' title='bbox 545 789 898 860; x_wconf 81' lang='grc' dir='ltr'><strong><em>ἐγνωρίζετο,</em></strong></span> <span class='ocrx_word' id='word_1_50' title='bbox 940 788 1202 861; x_wconf 77' lang='grc' dir='ltr'><strong><em>τετάρτου</em></strong></span> <span class='ocrx_word' id='word_1_51' title='bbox 1241 788 1343 860; x_wconf 75' lang='grc' dir='ltr'><strong><em>μὲν</em></strong></span> <span class='ocrx_word' id='word_1_52' title='bbox 1383 790 1496 844; x_wconf 79' lang='grc' dir='ltr'><strong><em>τῶν</em></strong></span> <span class='ocrx_word' id='word_1_53' title='bbox 1539 789 1716 844; x_wconf 79' lang='grc' dir='ltr'><strong><em>ἐκεῖσε</em></strong></span> <span class='ocrx_word' id='word_1_54' title='bbox 1755 785 1890 859; x_wconf 76' lang='grc' dir='ltr'><strong><em>μετὰ</em></strong></span> 
     </span>
     <span class='ocr_line' id='line_1_10' title="bbox 267 865 1890 944; baseline 0.001 -18"><span class='ocrx_word' id='word_1_55' title='bbox 267 865 496 942; x_wconf 59' lang='grc' dir='ltr'><strong><em>’Ήρωνα</em></strong></span> <span class='ocrx_word' id='word_1_56' title='bbox 527 869 893 937; x_wconf 87' lang='grc' dir='ltr'><strong><em>καταστάντος</em></strong></span> <span class='ocrx_word' id='word_1_57' title='bbox 924 877 1260 944; x_wconf 81' lang='grc' dir='ltr'><strong><em>Κορνηλίου,</em></strong></span> <span class='ocrx_word' id='word_1_58' title='bbox 1291 869 1428 944; x_wconf 74' lang='grc' dir='ltr'><strong><em>μετὰ</em></strong></span> <span class='ocrx_word' id='word_1_59' title='bbox 1461 871 1523 927; x_wconf 74' lang='grc' dir='ltr'><strong><em>δὲ</em></strong></span> <span class='ocrx_word' id='word_1_60' title='bbox 1554 867 1728 930; x_wconf 78' lang='grc' dir='ltr'><strong><em>αὐτὸν</em></strong></span> <span class='ocrx_word' id='word_1_61' title='bbox 1757 872 1890 944; x_wconf 88' lang='grc' dir='ltr'><strong><em>πέμ-</em></strong></span> 
     </span>
    </p>

    <p class='ocr_par' dir='ltr' id='par_1_7' title="bbox 219 953 1804 1030">
     <span class='ocr_line' id='line_1_11' title="bbox 219 953 1804 1030; baseline 0.001 -21"><span class='ocrx_word' id='word_1_62' title='bbox 219 971 259 1002; x_wconf 86' lang='grc'><strong><em>10</em></strong></span> <span class='ocrx_word' id='word_1_63' title='bbox 283 975 401 1030; x_wconf 78' lang='grc' dir='ltr'><strong><em>πτῳ</em></strong></span> <span class='ocrx_word' id='word_1_64' title='bbox 433 957 637 1030; x_wconf 73' lang='grc' dir='ltr'><strong><em>βαθμῷ</em></strong></span> <span class='ocrx_word' id='word_1_65' title='bbox 667 953 768 1027; x_wconf 82' lang='grc' dir='ltr'><strong><em>τὴν</em></strong></span> <span class='ocrx_word' id='word_1_66' title='bbox 803 954 1108 1027; x_wconf 86' lang='grc' dir='ltr'><strong><em>ἐπισκοπὴν</em></strong></span> <span class='ocrx_word' id='word_1_67' title='bbox 1123 953 1359 1028; x_wconf 80' lang='grc' dir='ltr'><strong><em>Ἔρωτος</em></strong></span> <span class='ocrx_word' id='word_1_68' title='bbox 1392 956 1804 1028; x_wconf 80' lang='grc' dir='ltr'><strong><em>διαδεξαμένου.</em></strong></span> 
     </span>
    </p>

    <p class='ocr_par' dir='ltr' id='par_1_8' title="bbox 280 1037 1892 1365">
     <span class='ocr_line' id='line_1_12' title="bbox 409 1037 1891 1117; baseline -0.001 -20"><span class='ocrx_word' id='word_1_69' title='bbox 409 1049 531 1098; x_wconf 86' lang='lat' dir='ltr'><strong>XXI.</strong></span> <span class='ocrx_word' id='word_1_70' title='bbox 589 1049 716 1115; x_wconf 74' lang='lat' dir='ltr'>[Nic.</span> <span class='ocrx_word' id='word_1_71' title='bbox 746 1051 804 1099; x_wconf 90' lang='lat' dir='ltr'><strong><em>H.</em></strong></span> <span class='ocrx_word' id='word_1_72' title='bbox 834 1051 886 1099; x_wconf 87' lang='lat' dir='ltr'><strong><em>E.</em></strong></span> <span class='ocrx_word' id='word_1_73' title='bbox 918 1051 990 1108; x_wconf 87' lang='lat' dir='ltr'><strong><em>lv,</em></strong></span> <span class='ocrx_word' id='word_1_74' title='bbox 1023 1048 1129 1117; x_wconf 83' lang='grc'><strong>19.]</strong></span> <span class='ocrx_word' id='word_1_75' title='bbox 1180 1038 1456 1114; x_wconf 82' lang='grc' dir='ltr'><strong><em>’Ὴκμαζον</em></strong></span> <span class='ocrx_word' id='word_1_76' title='bbox 1490 1040 1550 1096; x_wconf 80' lang='grc' dir='ltr'><strong><em>δὲ</em></strong></span> <span class='ocrx_word' id='word_1_77' title='bbox 1583 1041 1643 1097; x_wconf 92' lang='grc' dir='ltr'><strong><em>ἐν</em></strong></span> <span class='ocrx_word' id='word_1_78' title='bbox 1681 1037 1891 1105; x_wconf 81' lang='grc' dir='ltr'><strong><em>τούτοις</em></strong></span> 
     </span>
     <span class='ocr_line' id='line_1_13' title="bbox 283 1120 1892 1196; baseline 0.001 -19"><span class='ocrx_word' id='word_1_79' title='bbox 283 1123 370 1177; x_wconf 88' lang='grc' dir='ltr'><strong><em>ἐπὶ</em></strong></span> <span class='ocrx_word' id='word_1_80' title='bbox 413 1128 508 1193; x_wconf 85' lang='grc' dir='ltr'><strong><em>τῆς</em></strong></span> <span class='ocrx_word' id='word_1_81' title='bbox 549 1124 839 1195; x_wconf 80' lang='grc' dir='ltr'><strong><em>ἐκκλησίας</em></strong></span> <span class='ocrx_word' id='word_1_82' title='bbox 863 1120 1205 1196; x_wconf 44' lang='grc' dir='ltr'><strong><em>(Ηγήσιππός</em></strong></span> <span class='ocrx_word' id='word_1_83' title='bbox 1244 1148 1331 1194; x_wconf 90' lang='grc' dir='ltr'><strong><em>τε,</em></strong></span> <span class='ocrx_word' id='word_1_84' title='bbox 1371 1120 1438 1181; x_wconf 78' lang='grc' dir='ltr'><strong><em>ὃν</em></strong></span> <span class='ocrx_word' id='word_1_85' title='bbox 1478 1133 1638 1196; x_wconf 76' lang='grc' dir='ltr'><strong><em>ἴσμεν</em></strong></span> <span class='ocrx_word' id='word_1_86' title='bbox 1681 1126 1740 1179; x_wconf 91' lang='grc' dir='ltr'><strong><em>ἐκ</em></strong></span> <span class='ocrx_word' id='word_1_87' title='bbox 1779 1128 1892 1180; x_wconf 78' lang='grc' dir='ltr'><strong><em>τῶν</em></strong></span> 
     </span>
     <span class='ocr_line' id='line_1_14' title="bbox 280 1206 1891 1280; baseline 0.002 -19"><span class='ocrx_word' id='word_1_88' title='bbox 280 1207 594 1278; x_wconf 78' lang='grc' dir='ltr'><strong><em>προτέρων,</em></strong></span> <span class='ocrx_word' id='word_1_89' title='bbox 627 1210 719 1263; x_wconf 86' lang='grc' dir='ltr'><strong><em>καὶ</em></strong></span> <span class='ocrx_word' id='word_1_90' title='bbox 749 1206 1053 1274; x_wconf 76' lang='grc' dir='ltr'><strong><em>Διονύσιος</em></strong></span> <span class='ocrx_word' id='word_1_91' title='bbox 1085 1214 1412 1280; x_wconf 83' lang='grc' dir='ltr'><strong><em>Κορινθίων</em></strong></span> <span class='ocrx_word' id='word_1_92' title='bbox 1444 1211 1758 1278; x_wconf 82' lang='grc' dir='ltr'><strong><em>ἐπίσκοπος,</em></strong></span> <span class='ocrx_word' id='word_1_93' title='bbox 1795 1217 1891 1264; x_wconf 92' lang='grc' dir='ltr'><strong><em>Πι-</em></strong></span> 
     </span>
     <span class='ocr_line' id='line_1_15' title="bbox 283 1287 1891 1365; baseline 0.002 -20"><span class='ocrx_word' id='word_1_94' title='bbox 283 1287 445 1356; x_wconf 84' lang='grc' dir='ltr'><strong><em>νυτός</em></strong></span> <span class='ocrx_word' id='word_1_95' title='bbox 484 1312 542 1346; x_wconf 91' lang='grc' dir='ltr'><strong><em>τε</em></strong></span> <span class='ocrx_word' id='word_1_96' title='bbox 582 1288 744 1357; x_wconf 78' lang='grc' dir='ltr'><strong><em>ἄλλος</em></strong></span> <span class='ocrx_word' id='word_1_97' title='bbox 786 1294 898 1349; x_wconf 75' lang='grc' dir='ltr'><strong><em>τῶν</em></strong></span> <span class='ocrx_word' id='word_1_98' title='bbox 941 1293 1029 1348; x_wconf 85' lang='grc' dir='ltr'><strong><em>ἐπὶ</em></strong></span> <span class='ocrx_word' id='word_1_99' title='bbox 1070 1292 1288 1365; x_wconf 89' lang='grc' dir='ltr'><strong><em>Κρήτης</em></strong></span> <span class='ocrx_word' id='word_1_100' title='bbox 1322 1295 1648 1362; x_wconf 88' lang='grc' dir='ltr'><strong><em>ἐπίσκοπος,</em></strong></span> <span class='ocrx_word' id='word_1_101' title='bbox 1693 1296 1891 1348; x_wconf 90' lang='grc' dir='ltr'><strong><em>Φίλιπ-</em></strong></span> 
     </span>
    </p>

    <p class='ocr_par' dir='ltr' id='par_1_9' title="bbox 215 1371 1892 1702">
     <span class='ocr_line' id='line_1_16' title="bbox 215 1371 1889 1450; baseline 0.002 -20"><span class='ocrx_word' id='word_1_102' title='bbox 215 1388 256 1421; x_wconf 85' lang='lat'><strong><em>15</em></strong></span> <span class='ocrx_word' id='word_1_103' title='bbox 279 1371 379 1439; x_wconf 79' lang='grc' dir='ltr'><strong><em>πός</em></strong></span> <span class='ocrx_word' id='word_1_104' title='bbox 419 1396 477 1430; x_wconf 91' lang='grc' dir='ltr'><strong><em>τε</em></strong></span> <span class='ocrx_word' id='word_1_105' title='bbox 519 1377 608 1431; x_wconf 84' lang='grc' dir='ltr'><strong><em>ἐπὶ</em></strong></span> <span class='ocrx_word' id='word_1_106' title='bbox 648 1373 860 1442; x_wconf 79' lang='grc' dir='ltr'><strong><em>τούτοις</em></strong></span> <span class='ocrx_word' id='word_1_107' title='bbox 913 1379 1004 1433; x_wconf 87' lang='grc' dir='ltr'><strong><em>καὶ</em></strong></span> <span class='ocrx_word' id='word_1_108' title='bbox 1039 1374 1418 1450; x_wconf 87' lang='grc' dir='ltr'><strong><em>Ἀπολινάριος</em></strong></span> <span class='ocrx_word' id='word_1_109' title='bbox 1471 1377 1563 1432; x_wconf 88' lang='grc' dir='ltr'><strong><em>καὶ</em></strong></span> <span class='ocrx_word' id='word_1_110' title='bbox 1606 1380 1889 1448; x_wconf 87' lang='grc' dir='ltr'><strong><em>Μελίτων,</em></strong></span> 
     </span>
     <span class='ocr_line' id='line_1_17' title="bbox 278 1457 1892 1533; baseline 0.001 -19"><span class='ocrx_word' id='word_1_111' title='bbox 278 1457 581 1526; x_wconf 89' lang='grc' dir='ltr'><strong><em>Μουσανός</em></strong></span> <span class='ocrx_word' id='word_1_112' title='bbox 632 1482 691 1516; x_wconf 88' lang='grc' dir='ltr'><strong><em>τε</em></strong></span> <span class='ocrx_word' id='word_1_113' title='bbox 732 1461 823 1516; x_wconf 86' lang='grc' dir='ltr'><strong><em>καὶ</em></strong></span> <span class='ocrx_word' id='word_1_114' title='bbox 865 1460 1186 1533; x_wconf 84' lang='grc' dir='ltr'><strong><em>Μόδεστος,</em></strong></span> <span class='ocrx_word' id='word_1_115' title='bbox 1242 1463 1334 1518; x_wconf 89' lang='grc' dir='ltr'><strong><em>καὶ</em></strong></span> <span class='ocrx_word' id='word_1_116' title='bbox 1377 1461 1465 1517; x_wconf 87' lang='grc' dir='ltr'><strong><em>ἐπὶ</em></strong></span> <span class='ocrx_word' id='word_1_117' title='bbox 1505 1462 1677 1516; x_wconf 75' lang='grc' dir='ltr'><strong><em>πᾶσιν</em></strong></span> <span class='ocrx_word' id='word_1_118' title='bbox 1715 1465 1892 1533; x_wconf 83' lang='grc' dir='ltr'><strong><em>Εἰρη-</em></strong></span> 
     </span>
     <span class='ocr_line' id='line_1_18' title="bbox 278 1534 1888 1618; baseline 0.001 -20"><span class='ocrx_word' id='word_1_119' title='bbox 278 1555 451 1614; x_wconf 82' lang='grc' dir='ltr'><strong><em>ναΐος,</em></strong></span> <span class='ocrx_word' id='word_1_120' title='bbox 484 1534 563 1600; x_wconf 65' lang='grc' dir='ltr'><strong><em>οἷν</em></strong></span> <span class='ocrx_word' id='word_1_121' title='bbox 594 1546 686 1600; x_wconf 87' lang='grc' dir='ltr'><strong><em>καὶ</em></strong></span> <span class='ocrx_word' id='word_1_122' title='bbox 720 1550 797 1610; x_wconf 84' lang='grc' dir='ltr'><strong><em>εἰς</em></strong></span> <span class='ocrx_word' id='word_1_123' title='bbox 828 1540 970 1617; x_wconf 78' lang='grc' dir='ltr'><strong><em>ἡμᾶς</em></strong></span> <span class='ocrx_word' id='word_1_124' title='bbox 1001 1549 1095 1618; x_wconf 81' lang='grc' dir='ltr'><strong><em>τῆς</em></strong></span> <span class='ocrx_word' id='word_1_125' title='bbox 1126 1543 1492 1616; x_wconf 80' lang='grc' dir='ltr'><strong><em>ἀποστολικῆς</em></strong></span> <span class='ocrx_word' id='word_1_126' title='bbox 1523 1542 1888 1618; x_wconf 84' lang='grc' dir='ltr'><strong><em>παραδόσεως</em></strong></span> 
     </span>
     <span class='ocr_line' id='line_1_19' title="bbox 275 1621 1884 1702; baseline 0.001 -20"><span class='ocrx_word' id='word_1_127' title='bbox 275 1621 308 1697; x_wconf 82' lang='grc' dir='ltr'>ἡ</span> <span class='ocrx_word' id='word_1_128' title='bbox 339 1630 435 1699; x_wconf 82' lang='grc' dir='ltr'><strong><em>τῆς</em></strong></span> <span class='ocrx_word' id='word_1_129' title='bbox 464 1625 656 1700; x_wconf 78' lang='grc' dir='ltr'><strong><em>ὑγιοῦς</em></strong></span> <span class='ocrx_word' id='word_1_130' title='bbox 686 1634 923 1696; x_wconf 89' lang='grc' dir='ltr'><strong><em>πίστεως</em></strong></span> <span class='ocrx_word' id='word_1_131' title='bbox 955 1636 1231 1702; x_wconf 79' lang='grc' dir='ltr'><strong><em>ἔγγραφος</em></strong></span> <span class='ocrx_word' id='word_1_132' title='bbox 1261 1632 1540 1702; x_wconf 84' lang='grc' dir='ltr'><strong><em>κατῆλθεν</em></strong></span> <span class='ocrx_word' id='word_1_133' title='bbox 1569 1626 1884 1702; x_wconf 83' lang='grc' dir='ltr'><strong><em>ὀρθοδοξία.</em></strong></span> 
     </span>
    </p>

    <p class='ocr_par' dir='ltr' id='par_1_10' title="bbox 404 1704 1888 1789">
     <span class='ocr_line' id='line_1_20' title="bbox 404 1704 1888 1789; baseline -0.002 -19"><span class='ocrx_word' id='word_1_134' title='bbox 404 1721 549 1772; x_wconf 90' lang='lat' dir='ltr'><strong>XXII.</strong></span> <span class='ocrx_word' id='word_1_135' title='bbox 605 1722 731 1789; x_wconf 85' lang='lat' dir='ltr'>[Nic.</span> <span class='ocrx_word' id='word_1_136' title='bbox 773 1724 830 1773; x_wconf 92' lang='lat' dir='ltr'><strong><em>H.</em></strong></span> <span class='ocrx_word' id='word_1_137' title='bbox 860 1725 911 1774; x_wconf 88' lang='grc' dir='ltr'><strong><em>Ε.</em></strong></span> <span class='ocrx_word' id='word_1_138' title='bbox 941 1725 1017 1782; x_wconf 93' lang='lat' dir='ltr'><strong><em>IV,</em></strong></span> <span class='ocrx_word' id='word_1_139' title='bbox 1050 1723 1122 1789; x_wconf 84' lang='lat'><strong><em>7.]</em></strong></span> <span class='ocrx_word' id='word_1_140' title='bbox 1185 1712 1244 1772; x_wconf 83' lang='lat'><strong><em>‘0</em></strong></span> <span class='ocrx_word' id='word_1_141' title='bbox 1284 1715 1387 1787; x_wconf 77' lang='grc' dir='ltr'><strong><em>μὲν</em></strong></span> <span class='ocrx_word' id='word_1_142' title='bbox 1415 1704 1518 1770; x_wconf 77' lang='grc' dir='ltr'><strong><em>οὖν</em></strong></span> <span class='ocrx_word' id='word_1_143' title='bbox 1550 1710 1888 1784; x_wconf 72' lang='grc' dir='ltr'><strong><em>ἹΙγήσιππος</em></strong></span> 
     </span>
    </p>

    <p class='ocr_par' dir='ltr' id='par_1_11' title="bbox 216 1793 1892 2207">
     <span class='ocr_line' id='line_1_21' title="bbox 216 1793 1888 1871; baseline 0.001 -21"><span class='ocrx_word' id='word_1_144' title='bbox 216 1811 258 1843; x_wconf 83' lang='lat'><strong><em>20</em></strong></span> <span class='ocrx_word' id='word_1_145' title='bbox 284 1796 342 1851; x_wconf 87' lang='grc' dir='ltr'><strong><em>έν</em></strong></span> <span class='ocrx_word' id='word_1_146' title='bbox 366 1798 530 1852; x_wconf 89' lang='grc' dir='ltr'><strong><em>πέντε</em></strong></span> <span class='ocrx_word' id='word_1_147' title='bbox 553 1811 666 1863; x_wconf 81' lang='grc' dir='ltr'><strong><em>τοῖς</em></strong></span> <span class='ocrx_word' id='word_1_148' title='bbox 691 1803 767 1863; x_wconf 82' lang='grc' dir='ltr'><strong><em>εἰς</em></strong></span> <span class='ocrx_word' id='word_1_149' title='bbox 792 1793 932 1871; x_wconf 77' lang='grc' dir='ltr'><strong><em>ἡμᾶς</em></strong></span> <span class='ocrx_word' id='word_1_150' title='bbox 958 1801 1221 1855; x_wconf 77' lang='grc' dir='ltr'><strong><em>ἐλθοῦσιν</em></strong></span> <span class='ocrx_word' id='word_1_151' title='bbox 1243 1795 1602 1870; x_wconf 84' lang='grc' dir='ltr'><strong><em>ὑπομνήμασι</em></strong></span> <span class='ocrx_word' id='word_1_152' title='bbox 1624 1801 1719 1868; x_wconf 82' lang='grc' dir='ltr'><strong><em>τῆς</em></strong></span> <span class='ocrx_word' id='word_1_153' title='bbox 1744 1801 1888 1862; x_wconf 81' lang='grc' dir='ltr'><strong><em>ἰδίας</em></strong></span> 
     </span>
     <span class='ocr_line' id='line_1_22' title="bbox 275 1875 1887 1955; baseline 0.001 -20"><span class='ocrx_word' id='word_1_154' title='bbox 275 1877 496 1952; x_wconf 78' lang='grc' dir='ltr'><strong><em>γνώμης</em></strong></span> <span class='ocrx_word' id='word_1_155' title='bbox 535 1881 919 1955; x_wconf 87' lang='grc' dir='ltr'><strong><em>πληρεστάτην</em></strong></span> <span class='ocrx_word' id='word_1_156' title='bbox 957 1880 1179 1955; x_wconf 87' lang='grc' dir='ltr'><strong><em>μνήμην</em></strong></span> <span class='ocrx_word' id='word_1_157' title='bbox 1219 1884 1643 1953; x_wconf 86' lang='grc' dir='ltr'><strong><em>καταλέλοιπεν,</em></strong></span> <span class='ocrx_word' id='word_1_158' title='bbox 1703 1883 1762 1936; x_wconf 85' lang='grc' dir='ltr'><strong><em>ἐν</em></strong></span> <span class='ocrx_word' id='word_1_159' title='bbox 1805 1875 1887 1947; x_wconf 83' lang='grc' dir='ltr'><strong><em>οἷς</em></strong></span> 
     </span>
     <span class='ocr_line' id='line_1_23' title="bbox 277 1962 1888 2039; baseline 0.002 -21"><span class='ocrx_word' id='word_1_160' title='bbox 277 1968 440 2034; x_wconf 82' lang='grc' dir='ltr'><strong><em>δηλοῖ</em></strong></span> <span class='ocrx_word' id='word_1_161' title='bbox 466 1962 539 2030; x_wconf 75' lang='grc' dir='ltr'><strong><em>ὥς</em></strong></span> <span class='ocrx_word' id='word_1_162' title='bbox 563 1971 838 2033; x_wconf 87' lang='grc' dir='ltr'><strong><em>πλείστοις</em></strong></span> <span class='ocrx_word' id='word_1_163' title='bbox 865 1965 1179 2031; x_wconf 87' lang='grc' dir='ltr'><strong><em>ἐπισκόποις</em></strong></span> <span class='ocrx_word' id='word_1_164' title='bbox 1197 1969 1536 2039; x_wconf 77' lang='grc' dir='ltr'><strong><em>συμμίξειεν,</em></strong></span> <span class='ocrx_word' id='word_1_165' title='bbox 1568 1963 1888 2037; x_wconf 83' lang='grc' dir='ltr'><strong><em>ἀποδημίαν</em></strong></span> 
     </span>
     <span class='ocr_line' id='line_1_24' title="bbox 276 2045 1888 2129; baseline 0.002 -28"><span class='ocrx_word' id='word_1_166' title='bbox 276 2045 627 2119; x_wconf 85' lang='grc' dir='ltr'><strong><em>στειλάμενος</em></strong></span> <span class='ocrx_word' id='word_1_167' title='bbox 679 2051 838 2124; x_wconf 88' lang='grc' dir='ltr'><strong><em>μέχρι</em></strong></span> <span class='ocrx_word' id='word_1_168' title='bbox 882 2048 1118 2123; x_wconf 73' lang='grc' dir='ltr'><strong><em>Ῥώμης,</em></strong></span> <span class='ocrx_word' id='word_1_169' title='bbox 1174 2052 1265 2106; x_wconf 89' lang='grc' dir='ltr'><strong><em>καὶ</em></strong></span> <span class='ocrx_word' id='word_1_170' title='bbox 1319 2049 1391 2129; x_wconf 76' lang='grc' dir='ltr'><strong><em>ᾡς</em></strong></span> <span class='ocrx_word' id='word_1_171' title='bbox 1445 2048 1528 2107; x_wconf 80' lang='grc' dir='ltr'><strong><em>ὅτι</em></strong></span> <span class='ocrx_word' id='word_1_172' title='bbox 1569 2046 1672 2120; x_wconf 82' lang='grc' dir='ltr'><strong><em>τὴν</em></strong></span> <span class='ocrx_word' id='word_1_173' title='bbox 1711 2045 1888 2120; x_wconf 79' lang='grc' dir='ltr'><strong><em>αὐτὴν</em></strong></span> 
     </span>
     <span class='ocr_line' id='line_1_25' title="bbox 275 2128 1892 2207; baseline 0.001 -21"><span class='ocrx_word' id='word_1_174' title='bbox 275 2128 424 2202; x_wconf 74' lang='grc' dir='ltr'><strong><em>παρὰ</em></strong></span> <span class='ocrx_word' id='word_1_175' title='bbox 468 2130 694 2189; x_wconf 90' lang='grc' dir='ltr'><strong><em>πάντων</em></strong></span> <span class='ocrx_word' id='word_1_176' title='bbox 738 2139 1048 2207; x_wconf 84' lang='grc' dir='ltr'><strong><em>παρείληφε</em></strong></span> <span class='ocrx_word' id='word_1_177' title='bbox 1096 2139 1476 2191; x_wconf 87' lang='grc' dir='ltr'><strong><em>διδασκαλίαν.</em></strong></span> <span class='ocrx_word' id='word_1_178' title='bbox 1547 2131 1790 2189; x_wconf 78' lang='grc' dir='ltr'><strong><em>ἀκοῦσαί</em></strong></span> <span class='ocrx_word' id='word_1_179' title='bbox 1823 2133 1892 2204; x_wconf 88' lang='grc' dir='ltr'><strong><em>γέ</em></strong></span> 
     </span>
    </p>

    <p class='ocr_par' dir='ltr' id='par_1_12' title="bbox 211 2213 1886 2629">
     <span class='ocr_line' id='line_1_26' title="bbox 211 2213 1886 2291; baseline 0.002 -21"><span class='ocrx_word' id='word_1_180' title='bbox 211 2228 253 2261; x_wconf 82' lang='lat'><strong><em>25</em></strong></span> <span class='ocrx_word' id='word_1_181' title='bbox 277 2237 359 2270; x_wconf 91' lang='grc' dir='ltr'><strong><em>τοι</em></strong></span> <span class='ocrx_word' id='word_1_182' title='bbox 390 2213 619 2288; x_wconf 86' lang='grc' dir='ltr'><strong><em>πάρεστι</em></strong></span> <span class='ocrx_word' id='word_1_183' title='bbox 648 2215 782 2288; x_wconf 86' lang='grc' dir='ltr'><strong><em>μετά</em></strong></span> <span class='ocrx_word' id='word_1_184' title='bbox 811 2241 936 2274; x_wconf 90' lang='grc' dir='ltr'><strong><em>τινα</em></strong></span> <span class='ocrx_word' id='word_1_185' title='bbox 967 2219 1093 2290; x_wconf 88' lang='grc' dir='ltr'><strong><em>περὶ</em></strong></span> <span class='ocrx_word' id='word_1_186' title='bbox 1125 2222 1220 2290; x_wconf 82' lang='grc' dir='ltr'><strong><em>τῆς</em></strong></span> <span class='ocrx_word' id='word_1_187' title='bbox 1252 2217 1572 2291; x_wconf 86' lang='grc' dir='ltr'><strong><em>Κλήμεντος</em></strong></span> <span class='ocrx_word' id='word_1_188' title='bbox 1603 2215 1740 2289; x_wconf 87' lang='grc' dir='ltr'><strong><em>πρὸς</em></strong></span> <span class='ocrx_word' id='word_1_189' title='bbox 1771 2224 1886 2273; x_wconf 94' lang='grc' dir='ltr'><strong><em>Κο-</em></strong></span> 
     </span>
     <span class='ocr_line' id='line_1_27' title="bbox 277 2299 1886 2378; baseline 0.002 -24"><span class='ocrx_word' id='word_1_190' title='bbox 277 2305 533 2371; x_wconf 86' lang='grc' dir='ltr'><strong><em>ρινθίους</em></strong></span> <span class='ocrx_word' id='word_1_191' title='bbox 567 2302 849 2373; x_wconf 85' lang='grc' dir='ltr'><strong><em>ἐπιστολῆς</em></strong></span> <span class='ocrx_word' id='word_1_192' title='bbox 882 2299 1033 2378; x_wconf 78' lang='grc' dir='ltr'><strong><em>αὐτῷ</em></strong></span> <span class='ocrx_word' id='word_1_193' title='bbox 1058 2303 1316 2375; x_wconf 84' lang='grc' dir='ltr'><strong><em>εἰρημένα</em></strong></span> <span class='ocrx_word' id='word_1_194' title='bbox 1344 2305 1688 2374; x_wconf 88' lang='grc' dir='ltr'><strong><em>ἐπιλέγοντος</em></strong></span> <span class='ocrx_word' id='word_1_195' title='bbox 1714 2304 1886 2357; x_wconf 82' lang='grc' dir='ltr'><strong><em>ταῦτα</em></strong></span> 
     </span>
     <span class='ocr_line' id='line_1_28' title="bbox 275 2380 1884 2461; baseline 0.003 -25"><span class='ocrx_word' id='word_1_196' title='bbox 275 2386 325 2436; x_wconf 82' lang='grc'><strong><em>2.</em></strong></span> <span class='ocrx_word' id='word_1_197' title='bbox 352 2380 484 2439; x_wconf 70' lang='lat' dir='ltr'><strong><em>“nal</em></strong></span> <span class='ocrx_word' id='word_1_198' title='bbox 533 2386 797 2456; x_wconf 85' lang='grc' dir='ltr'><strong><em>ἐπέμενεν</em></strong></span> <span class='ocrx_word' id='word_1_199' title='bbox 846 2381 880 2458; x_wconf 83' lang='grc' dir='ltr'>ἡ</span> <span class='ocrx_word' id='word_1_200' title='bbox 937 2389 1197 2458; x_wconf 88' lang='grc' dir='ltr'><strong><em>ἐκκλησία</em></strong></span> <span class='ocrx_word' id='word_1_201' title='bbox 1238 2385 1272 2459; x_wconf 81' lang='grc' dir='ltr'><em>ἡ</em></span> <span class='ocrx_word' id='word_1_202' title='bbox 1315 2394 1642 2460; x_wconf 81' lang='grc' dir='ltr'><strong><em>Κορινθίων</em></strong></span> <span class='ocrx_word' id='word_1_203' title='bbox 1699 2387 1759 2442; x_wconf 92' lang='grc' dir='ltr'><strong><em>ἐν</em></strong></span> <span class='ocrx_word' id='word_1_204' title='bbox 1785 2387 1884 2461; x_wconf 27' lang='grc' dir='ltr'><strong><em>,τῷ</em></strong></span> 
     </span>
     <span class='ocr_line' id='line_1_29' title="bbox 268 2462 1886 2543; baseline 0.002 -21"><span class='ocrx_word' id='word_1_205' title='bbox 268 2462 462 2542; x_wconf 45' lang='grc' dir='ltr'><strong><em>((ὀρθςὸ</em></strong></span> <span class='ocrx_word' id='word_1_206' title='bbox 505 2466 649 2543; x_wconf 76' lang='grc' dir='ltr'><strong><em>λόγῳ</em></strong></span> <span class='ocrx_word' id='word_1_207' title='bbox 701 2471 858 2542; x_wconf 88' lang='grc' dir='ltr'><strong><em>μέχρι</em></strong></span> <span class='ocrx_word' id='word_1_208' title='bbox 905 2476 1128 2543; x_wconf 90' lang='grc' dir='ltr'><strong><em>Πρίμου</em></strong></span> <span class='ocrx_word' id='word_1_209' title='bbox 1173 2469 1632 2535; x_wconf 83' lang='grc' dir='ltr'><strong><em>ἐπισκοπεύοντος</em></strong></span> <span class='ocrx_word' id='word_1_210' title='bbox 1673 2472 1732 2526; x_wconf 93' lang='grc' dir='ltr'><strong><em>ἐν</em></strong></span> <span class='ocrx_word' id='word_1_211' title='bbox 1771 2477 1886 2527; x_wconf 83' lang='grc' dir='ltr'><strong><em>Κο-</em></strong></span> 
     </span>
     <span class='ocr_line' id='line_1_30' title="bbox 268 2547 1884 2629; baseline 0.002 -23"><span class='ocrx_word' id='word_1_212' title='bbox 268 2547 514 2627; x_wconf 49' lang='grc' dir='ltr'><strong><em>τερίνθῳ·</em></strong></span> <span class='ocrx_word' id='word_1_213' title='bbox 549 2548 630 2618; x_wconf 80' lang='grc' dir='ltr'><strong><em>οἷς</em></strong></span> <span class='ocrx_word' id='word_1_214' title='bbox 662 2555 926 2626; x_wconf 82' lang='grc' dir='ltr'><strong><em>συνέμιξα</em></strong></span> <span class='ocrx_word' id='word_1_215' title='bbox 957 2557 1142 2612; x_wconf 89' lang='grc' dir='ltr'><strong><em>πλέων</em></strong></span> <span class='ocrx_word' id='word_1_216' title='bbox 1175 2560 1254 2621; x_wconf 83' lang='grc' dir='ltr'><strong><em>εἰς</em></strong></span> <span class='ocrx_word' id='word_1_217' title='bbox 1278 2554 1508 2629; x_wconf 77' lang='grc' dir='ltr'><strong><em>Ῥώμην,</em></strong></span> <span class='ocrx_word' id='word_1_218' title='bbox 1540 2550 1642 2610; x_wconf 72' lang='grc' dir='ltr'><em>καῖ</em></span> <span class='ocrx_word' id='word_1_219' title='bbox 1665 2557 1884 2611; x_wconf 86' lang='grc' dir='ltr'><strong><em>συνδιέ-</em></strong></span> 
     </span>
    </p>

    <p class='ocr_par' dir='ltr' id='par_1_13' title="bbox 209 2632 1939 2882">
     <span class='ocr_line' id='line_1_31' title="bbox 209 2632 1885 2711; baseline 0.002 -21"><span class='ocrx_word' id='word_1_220' title='bbox 209 2632 475 2708; x_wconf 79' lang='grc' dir='ltr'><strong><em>30“τριψα</em></strong></span> <span class='ocrx_word' id='word_1_221' title='bbox 505 2649 618 2701; x_wconf 79' lang='grc' dir='ltr'><strong><em>τοῖς</em></strong></span> <span class='ocrx_word' id='word_1_222' title='bbox 651 2645 976 2708; x_wconf 87' lang='grc' dir='ltr'><strong><em>Κορινθίοις</em></strong></span> <span class='ocrx_word' id='word_1_223' title='bbox 1007 2634 1213 2711; x_wconf 82' lang='grc' dir='ltr'><strong><em>ἡμέρας</em></strong></span> <span class='ocrx_word' id='word_1_224' title='bbox 1246 2639 1463 2711; x_wconf 78' lang='grc' dir='ltr'><strong><em>ἱκανὰς,</em></strong></span> <span class='ocrx_word' id='word_1_225' title='bbox 1499 2643 1560 2696; x_wconf 90' lang='grc' dir='ltr'><strong><em>ἐν</em></strong></span> <span class='ocrx_word' id='word_1_226' title='bbox 1591 2634 1676 2705; x_wconf 85' lang='grc' dir='ltr'><strong><em>αἷς</em></strong></span> <span class='ocrx_word' id='word_1_227' title='bbox 1710 2656 1885 2696; x_wconf 91' lang='grc' dir='ltr'><strong><em>συνα-</em></strong></span> 
     </span>
     <span class='ocr_line' id='line_1_32' title="bbox 265 2714 1939 2799; baseline 0.004 -25"><span class='ocrx_word' id='word_1_228' title='bbox 265 2714 587 2792; x_wconf 79' lang='grc' dir='ltr'><strong><em>“νεπάημεν</em></strong></span> <span class='ocrx_word' id='word_1_229' title='bbox 617 2725 692 2796; x_wconf 75' lang='grc' dir='ltr'><strong><em>τῷ</em></strong></span> <span class='ocrx_word' id='word_1_230' title='bbox 724 2717 881 2797; x_wconf 76' lang='grc' dir='ltr'><strong><em>ὀρθῷ</em></strong></span> <span class='ocrx_word' id='word_1_231' title='bbox 911 2720 1072 2799; x_wconf 79' lang='grc' dir='ltr'><strong><em>λόγῳ.</em></strong></span> <span class='ocrx_word' id='word_1_232' title='bbox 1129 2728 1175 2780; x_wconf 83' lang='lat'><strong><em>3.</em></strong></span> <span class='ocrx_word' id='word_1_233' title='bbox 1209 2722 1505 2797; x_wconf 86' lang='grc' dir='ltr'><strong><em>γενόμενος</em></strong></span> <span class='ocrx_word' id='word_1_234' title='bbox 1538 2722 1600 2779; x_wconf 77' lang='grc' dir='ltr'><strong><em>δὲ</em></strong></span> <span class='ocrx_word' id='word_1_235' title='bbox 1626 2725 1686 2779; x_wconf 90' lang='grc' dir='ltr'><strong><em>ἐν</em></strong></span> <span class='ocrx_word' id='word_1_236' title='bbox 1710 2719 1882 2796; x_wconf 74' lang='grc' dir='ltr'><strong><em>Ῥώμῃ</em></strong></span> <span class='ocrx_word' id='word_1_237' title='bbox 1932 2731 1939 2734; x_wconf 73' lang='grc'><strong>”</strong></span> 
     </span>
     <span class='ocr_line' id='line_1_33' title="bbox 270 2798 1883 2882; baseline 0.004 -24"><span class='ocrx_word' id='word_1_238' title='bbox 270 2798 579 2877; x_wconf 76' lang='grc' dir='ltr'><strong><em>“διαδοχὴν</em></strong></span> <span class='ocrx_word' id='word_1_239' title='bbox 611 2804 953 2878; x_wconf 87' lang='grc' dir='ltr'><strong><em>ἐποιησάμην</em></strong></span> <span class='ocrx_word' id='word_1_240' title='bbox 984 2808 1169 2882; x_wconf 87' lang='grc' dir='ltr'><strong><em>μέχρις</em></strong></span> <span class='ocrx_word' id='word_1_241' title='bbox 1193 2805 1503 2880; x_wconf 83' lang='grc' dir='ltr'><strong><em>Ἀνικήτου,</em></strong></span> <span class='ocrx_word' id='word_1_242' title='bbox 1535 2798 1605 2863; x_wconf 75' lang='grc' dir='ltr'><strong><em>οὗ</em></strong></span> <span class='ocrx_word' id='word_1_243' title='bbox 1630 2805 1883 2872; x_wconf 79' lang='grc' dir='ltr'><strong><em>διάκονος</em></strong></span> 
     </span>
    </p>
   </div>
  </div>
 </body>
</html>
