2032 3174
318 113 384 165 38
998 114 1243 157 EUSEBII

317 233 479 303 τῆρος
510 225 831 285 ἀποστόλων
863 235 1034 285 παντί
1059 253 1135 305 τῳ
1160 229 1341 303 σαφὴς
1368 234 1425 287 ἐκ
1449 234 1560 290 τῶν
1586 230 1927 304 εὐαγγελίων

316 312 350 386 ἡ
385 311 704 388 πρόσρησις.
785 315 897 370 τῶν
940 311 993 370 δ’
1031 313 1410 424 ἑβδομήκοντα
1450 323 1718 389 μαθητῶν
1758 315 1924 374 κατά-

316 405 475 470 λογος
515 421 616 470 μεν
657 395 842 462 οὐδεὶς
882 393 1099 470 οὐδαμῆ
1146 400 1402 502 φέρεται·
1459 401 1678 471 λέγεταί
1711 424 1774 473 γε
1817 398 1928 474 μὴν

319 488 396 548 εἱς
429 479 613 539 αὐτῶν
644 480 941 554 Βαρνάβας
971 486 1277 555 γεγονέναι,
1304 484 1369 540 οὐ
1394 482 1671 558 διαφόρως
1701 509 1804 557 μεν
1834 487 1925 542 καὶ

275 587 294 620 5
319 571 378 622 αἱ
397 565 635 640 Πράξεις
666 568 779 622 τῶν
802 562 1122 624 ἀποστόλων
1147 566 1584 640 ἐμνημόνευσαν,
1610 565 1709 641 οὐχ
1732 567 1927 640 ἥκιστα

319 650 379 706 δὲ
411 653 502 707 καὶ
531 646 559 706 ὁ
592 654 815 716 Παῦλος
845 649 1116 717 Γαλάταις
1146 651 1393 726 γράφων.
1456 650 1669 709 τούτων
1702 649 1754 708 δ’
1783 653 1932 709 εἷναί

315 753 451 806 φασι
482 736 572 791 καὶ
609 736 922 808 Σωσθένην
952 734 1047 792 τὸν
1078 734 1189 808 άμα
1219 735 1428 812 Παύλῳ
1454 742 1780 810 Κορινθίοις
1813 740 1925 793 ἐπι-

316 824 622 877 στείλαντα.
685 823 733 876 2.
767 815 800 892 ἡ
834 818 889 875 δ’
930 825 1140 894 ι’στορία
1170 821 1319 927 παρὰ
1350 819 1628 894 Κλήμεντι
1660 819 1796 877 κατὰ
1826 819 1930 892 τὴν

314 903 567 977 πέιιπτην
598 907 709 961 τῶν
731 901 1196 1006 Ὑποτυπῳσεων,
1244 908 1302 962 ἐν
1331 906 1365 979 ᾐ
1405 907 1496 961 καὶ
1528 908 1759 977 Κηφαν,
1803 907 1930 974 περὶ

253 1012 294 1045 10
319 989 384 1044 οῦ
415 1007 588 1061 φησιν
629 1012 657 1044 ο
695 984 968 1054 Παῦλος“
978 987 1067 1045 ότε
1115 989 1176 1046 δε
1206 981 1347 1061 ἦλθε
1382 991 1575 1061 Κηφας
1624 995 1701 1055 εἰς
1725 987 1928 1046 Ἀντιό-

310 1096 497 1146 χειαν,
545 1097 681 1129 κατα
726 1071 1024 1146 πρόσωπον
1070 1070 1218 1150 αὐτῷ
1264 1070 1580 1145 άντέστην,’
1647 1097 1745 1129 ενα
1790 1074 1928 1145 φησὶ

307 1159 604 1228 γεγονέναι
665 1161 777 1214 τῶν
832 1156 1210 1229 ἐβδομήκοντα
1261 1161 1562 1230 μαθητῶν,
1631 1155 1931 1229 ὁμώνυμον

314 1241 510 1318 Πέτρῳ
551 1239 894 1314 τυγχάνοντα
939 1244 1016 1316 τῷ
1054 1240 1356 1318 άποστόλῳ.
1429 1245 1475 1298 3.
1524 1242 1615 1298 καὶ
1656 1246 1930 1298 Ματθίαν

315 1325 375 1381 δὲ
406 1323 502 1382 τὸν
542 1322 665 1382 άντὶ
692 1322 873 1382 Ἰούδα
914 1338 1027 1391 τοῖς
1072 1323 1394 1392 ἀποστόλοις
1427 1325 1926 1396 συγκαταλεγέντα,

252 1430 292 1463 15
316 1409 412 1466 τόν
441 1433 500 1467 τε
532 1408 638 1466 σῦν
670 1407 821 1485 αὐτῷ
850 1415 916 1483 τῇ
947 1408 1108 1485 ὁμοίᾳ
1140 1408 1310 1486 ψήφῳ
1341 1411 1674 1482 τιμηθέντα,
1706 1413 1801 1479 τῆς
1833 1406 1932 1464 αῦ-

315 1496 410 1565 τῆς
440 1497 551 1551 τῶν
596 1493 974 1566 ἑβδομήκοντα
1015 1492 1257 1566 κλήσεως
1299 1491 1568 1566 ἠξιῶσθαι
1600 1494 1812 1566 κατέχει
1844 1491 1930 1548 λό-

314 1602 424 1650 γος.
498 1580 589 1635 καὶ
633 1583 917 1635 Θαδδαῖον
961 1579 1022 1635 δὲ
1062 1581 1159 1635 ἕνα
1201 1582 1313 1635 τῶν
1356 1577 1542 1635 αὐτῶν
1583 1577 1730 1634 εἷναί
1772 1596 1928 1648 φασι,

316 1664 443 1735 περὶ
473 1654 539 1718 οῦ
571 1664 661 1718 καὶ
694 1666 942 1735 ι”στορίαν
976 1665 1255 1718 ἐλθοῦσαν
1288 1667 1364 1728 εἰς
1385 1661 1524 1734 ἡμᾶς
1557 1659 1754 1717 αὐτίκα
1785 1658 1930 1733 μάλα

319 1744 640 1819 ἐκθήσομαι.
704 1750 752 1802 4.
787 1748 878 1802 καὶ
909 1749 1021 1801 τῶν
1053 1745 1433 1818 ἐβδομήκοντα
1479 1746 1538 1802 δὲ
1569 1751 1795 1811 πλειόυς
1827 1747 1928 1800 τοῦ

254 1853 295 1886 20
320 1833 562 1903 σωτῆρος
594 1832 902 1902 πεφηνέναι
941 1828 1194 1902 μαθητὰς
1239 1828 1420 1902 εὕροις
1463 1825 1533 1886 ἂν
1579 1826 1929 1901 ἐπιτηρήσας,

319 1913 557 1990 μάρτυρι
596 1913 873 1988 χρώμενος
889 1916 993 2015 τῳ
1023 1911 1260 1990 Παύλῳ,
1305 1911 1440 1987 μετα
1482 1913 1582 1986 τὴν
1626 1917 1684 1969 ἐκ
1715 1915 1930 1985 νεκρῶν

322 2005 542 2072 ἔγερσιν
585 1992 774 2071 ῶφθαι
832 1994 1003 2054 αὐτὸν
1052 1996 1294 2070 φήσαντι
1339 2001 1558 2071 πρῶτον
1599 2022 1699 2097 μεν
1739 1999 1928 2071 Κηφᾷ,

322 2089 507 2140 ἔπειτα
537 2097 650 2148 τοις
683 2080 900 2139 δώδεκα
919 2126 933 2154 ,
966 2084 1057 2138 καὶ
1087 2083 1221 2154 μετὰ
1251 2080 1482 2187 τούτους
1511 2079 1695 2138 ἐπάνω
1727 2103 1933 2137 πεντα-

322 2172 526 2233 κοσίοις
559 2165 820 2239 ἀδελφοῖς
854 2164 1084 2238 ἐφάπαξ,
1118 2167 1196 2222 ῶν
1227 2190 1378 2231 τινας
1403 2190 1504 2238 μεν
1528 2172 1734 2237 ἔφασκε
1759 2187 1931 2220 κεκοι-

257 2272 298 2306 25
321 2256 560 2324 μῆσθαι,
593 2249 720 2318 τοῦς
751 2256 975 2315 πλείους
1010 2249 1062 2306 δ’
1101 2256 1175 2306 ἐτι
1207 2274 1281 2326 τῳ
1315 2255 1447 2326 βίῳ,
1482 2245 1614 2306 καθ’
1641 2246 1707 2306 ὃν
1738 2247 1933 2321 καιρὸν

322 2333 474 2411 αῦτῳ
517 2340 690 2392 ταῦτα
735 2332 1123 2406 συνετάττετο,
1171 2348 1456 2408 περιεῖναι.
1542 2338 1589 2390 5.
1640 2338 1827 2389 ἔπειτα
1873 2328 1929 2389 δ’

324 2415 515 2492 ῶφθαι
555 2415 723 2476 αὐτὸν
750 2415 990 2493 Ἰακώβῳ
1034 2425 1230 2490 φησίν·
1291 2426 1366 2484 εὶς
1410 2419 1469 2474 δε
1501 2420 1591 2474 καὶ
1632 2441 1790 2483 ουτος
1822 2421 1934 2473 τῶν

324 2506 648 2605 φερομένων
678 2509 774 2561 τοῦ
808 2506 1051 2576 σωτῆρος
1083 2501 1345 2575 ἀδελφῶν
1376 2526 1460 2574 ην.
1534 2499 1644 2558 εἶθ’
1684 2497 1756 2567 ῶς
1787 2500 1934 2573 παρὰ

323 2587 551 2654 τούτους
591 2612 727 2644 κατα
766 2593 997 2660 μίμησιν
1038 2589 1148 2643 τῶν
1202 2585 1419 2643 δῶδεκα
1472 2591 1746 2642 πλείστων
1785 2582 1934 2667 ὅσῳν

260 2691 302 2724 30
325 2671 691 2749 ὑπαρξάντων
722 2669 1066 2742 ἀποστόλων,
1099 2667 1210 2736 οἷος
1235 2672 1325 2727 καὶ
1353 2668 1517 2735 αὐτὸς
1540 2668 1567 2726 ὁ
1598 2672 1819 2734 Παῦλος
1841 2667 1930 2738 ἦν,
1974 2728 2002 2735 Μ

440 2796 466 2849 6
498 2809 645 2851 Galat.
668 2811 709 2862 2,
738 2811 771 2851 1.
963 2810 986 2848 7
1022 2808 1226 2848 Corinth.
1254 2810 1289 2858 ι,
1318 2794 1388 2852 1,·
1540 2808 1591 2846 10
1623 2804 1775 2846 Galat.
1799 2806 1838 2856 2,
1866 2805 1933 2843 11.

330 2867 381 2908 13
413 2866 514 2906 Act.
543 2867 577 2917 1,
604 2868 670 2906 26.
843 2867 894 2904 21
930 2863 1054 2904 Corr.
1082 2866 1145 2915 15,
1170 2867 1209 2905 5.
1316 2890 1318 2894 -
