1986 3152
283 102 385 154 126
953 100 1200 142 EUSEBII

282 216 519 288 ἀπάτης,
551 224 608 273 οἳ
634 218 756 287 καὶ,
789 213 884 271 άτε
911 213 1148 288 μηδενὸς
1180 221 1258 272 ἔτι
1287 218 1398 272 τῶν
1429 213 1749 274 ἀποστόλων
1779 225 1886 274 λει-
1935 267 1938 270 .

281 304 553 373 πομένου,
594 303 778 401 γυμνῇ
820 300 1014 357 λοιπὸν
1043 297 1152 372 ἤδη
1182 303 1248 373 τῇ
1280 305 1492 375 κεφαλῇ
1522 305 1599 378 τῷ
1629 304 1723 374 τῆς
1753 298 1938 374 ἀλη-.

282 392 440 451 θείας
472 383 781 458 κηρύγματι
805 384 906 456 τὴν
938 382 1311 456 ψευδώνυμον
1334 390 1544 455 γνῶσιν
1566 382 1889 460 ἀντικηρύτ·
1935 395 1944 447 ζ

282 493 396 526 τειν
429 472 766 542 ἐπεχείρουν.

1933 469 1960 563 ,ξ

237 581 257 613 5
407 564 618 613 XXXIII.
675 564 803 630 [Nic.
833 565 888 613 H.
919 565 973 613 E.
1002 564 1087 621 III,
1121 561 1228 628 17.]
1294 551 1565 619 Τοσοῦτός
1595 576 1658 625 γε
1688 551 1797 626 μὴν
1830 557 1891 611 ἐν
1936 572 1962 614 ³

279 644 491 695 πλείοσι
522 637 706 704 τόποις
751 635 779 695 ὁ
820 635 953 695 καθ’
998 636 1156 709 ἡμῶν
1198 635 1441 709 ἐπετάθη
1471 635 1593 694 τότε
1627 636 1886 711 διωγμὸς,

279 721 350 788 ὡς
380 730 619 779 Πλίνιον
649 725 974 780 Σεκούνδου
1008 720 1404 793 ἐπισημότατον
1433 719 1749 794 ἡγεμόνων,
1799 724 1888 779 ε’πὶ

277 812 353 882 τῷ
385 805 590 878 πλήθει
619 810 732 864 τοῖν
762 805 1061 880 μαρτύρων
1091 810 1412 878 κινηθέντα,
1445 813 1669 878 βασιλεῖ
1695 804 1888 863 κοινώ-
1932 836 1934 838 ·

278 901 487 947 σασθαι
539 894 665 963 περὶ
719 896 819 949 τοῦ
871 889 1123 963 πλήθους
1175 894 1286 946 τῶν
1337 890 1478 964 ὑπὲρ
1519 895 1614 964 τῆς
1653 896 1889 957 πίστεως

215 1002 255 1033 10
278 973 716 1048 ἀναιρουμένων,
750 973 860 1048 ἅμα
893 973 946 1032 δ’
983 978 1043 1032 ἐν
1072 974 1251 1051 ταύτῷ
1276 981 1539 1047 μηνῦσαι,
1565 975 1742 1047 μηδὲν
1764 970 1889 1032 ἀνό-

178 1052 180 1054 ’
279 1076 402 1120 σιον
431 1061 571 1132 μηδὲ
602 1061 749 1133 παρὰ
779 1060 906 1125 τούς
935 1059 1139 1131 νόμους
1170 1058 1432 1130 πράττειν
1463 1057 1666 1124 αὐτούς
1706 1082 1882 1116 κατει-

279 1145 541 1215 ληφέναι,
585 1142 731 1215 πλὴν
771 1143 832 1200 τό
871 1169 932 1216 γε
975 1142 1087 1216 ἅμα
1117 1147 1183 1216 τῇ
1217 1146 1288 1219 ἕω
1323 1146 1761 1215 διεγειρομένους
1791 1141 1890 1200 τὸν

279 1225 518 1300 Χριστὸν
547 1232 689 1284 θεοῦ
720 1234 882 1300 δίκην
911 1226 1130 1299 ὑμνεῖν,
1163 1226 1222 1284 τὸ
1258 1228 1318 1283 δὲ
1348 1226 1628 1300 μοιχεύειν
1659 1229 1752 1283 καὶ
1783 1251 1890 1298 φο-
1942 1243 1972 1293 ,ἐς

279 1309 464 1369 νεύειν
502 1314 592 1368 καὶ
632 1311 697 1368 τὰ
738 1316 980 1384 συγγενῆ
1021 1310 1232 1377 τούτοις
1285 1310 1521 1384 ἀθέμιτα
1572 1310 1887 1384 πλημμελή-
1944 1339 1972 1385 sj«

213 1422 254 1454 15
277 1420 419 1468 ματα
459 1398 550 1452 καὶ
594 1393 795 1463 αὐτοὺς
835 1394 1235 1470 ἀπαγορεύειν,
1289 1394 1470 1452 πάντα
1517 1418 1576 1452 τε
1627 1393 1891 1468 πράττειν

276 1477 599 1546 ἀκολούθως
649 1496 762 1547 τοῖς
813 1479 1014 1554 νόμοις.
1105 1486 1153 1537 2.
1196 1479 1332 1552 πρὸς
1384 1477 1418 1535 δι’
1467 1479 1563 1537 τὸν
1612 1479 1891 1552 Τραϊανὸν
1959 1503 1972 1547 ’,ἶ

277 1563 454 1638 δόγμα
484 1564 701 1622 τοιόνδε
730 1567 1071 1637 τεθεικέναι,
1110 1562 1170 1621 τὸ
1203 1569 1553 1637 Χριστιανῶν
1592 1568 1774 1636 φῦλον
1802 1562 1878 1636 μή

278 1651 621 1721 ἐκζητεῖσθαι
651 1651 779 1723 μὲν,
814 1648 1053 1722 ἐμπεσὸν
1086 1651 1144 1706 δὲ
1175 1647 1526 1717 κολάζεσθαι·
1560 1640 1630 1705 οὗ
1657 1650 1888 1720 γενομέ-

1942 1461 1972 1518 εη

1962 1508 1967 1531 1

1944 1550 1974 1597 ,ε

1944 1601 1975 1728 ,ξ

275 1757 379 1790 νου
411 1737 592 1800 ποσῶς
622 1735 723 1807 μὲν
753 1739 851 1791 τοῦ
884 1738 1131 1806 διωγμοῦ
1162 1737 1475 1814 σβεσθῆναι
1514 1730 1615 1805 τὴν
1654 1730 1888 1805 ἀπειλὴν

213 1844 254 1876 20
278 1816 626 1890 σφοδρότατα
659 1821 1005 1892 ἐγκειμένου,
1038 1817 1104 1875 οὐ
1134 1816 1386 1891 χείρονάς
1415 1842 1479 1889 γε
1508 1817 1619 1890 μὴν
1649 1830 1762 1883 τοῖς
1793 1840 1887 1873 κα·

276 1917 538 1974 κουργεῖν
581 1905 708 1977 περὶ
748 1902 890 1976 ἡμᾶς
934 1905 1189 1960 ἐθέλουσι
1231 1908 1522 1959 λείπεσθαι
1561 1900 1886 1975 προφάσεις,

278 1985 402 2042 ἔσθ’
436 1983 544 2059 ὅπη
573 1988 676 2059 μὲν
706 1992 819 2045 τῶν
852 1986 1062 2060 δήμων,
1096 1983 1220 2044 ἔσθ’
1254 1983 1361 2059 ὅπη
1394 1987 1456 2043 δὲ
1487 1987 1579 2043 καὶ
1608 1990 1721 2043 τῶν
1750 1985 1891 2042 κατὰ.

276 2068 457 2143 χώρας
487 2068 773 2143 ἀρχόντων
796 2071 892 2138 τὰς
916 2069 1048 2128 καθ’
1076 2070 1234 2144 ἡμῶν
1259 2072 1749 2143 συσκευαζομένων
1774 2073 1887 2126 ε’πι-

276 2151 510 2224 βουλάς,
553 2153 627 2220 ὥς
667 2159 759 2212 καὶ
799 2154 936 2213 ἄνευ
978 2158 1287 2229 προφανῶν
1327 2157 1589 2227 διωγμῶν
1629 2151 1887 2226 μερικούς

212 2263 254 2295 25
279 2235 399 2294 κατ’
449 2241 718 2311 ἐπαρχίαν
759 2239 1117 2311 ἐξάπτεσθαι,
1160 2244 1384 2305 πλείους
1422 2261 1481 2295 τε
1523 2241 1635 2294 τῶν
1674 2240 1890 2294 πιστῶν

277 2320 565 2394 διαφόροις
598 2327 1032 2395 ἐναγωνίζεσθαι
1061 2328 1395 2397 μαρτυρίοις.
1457 2327 1503 2378 3.
1540 2331 1791 2394 εἰληπται
1823 2319 1877 2378 δ

273 2405 408 2480 ἡμῖν
438 2405 471 2479 ἡ
505 2412 717 2482 ιστορία
750 2411 801 2476 ἐξ
833 2409 897 2480 ἧς
928 2406 1184 2482 ἀνωτέρω
1213 2404 1604 2479 δεδηλώκαμεν
1627 2408 1724 2463 τοῦ
1756 2412 1890 2504 Τερ-

1947 1804 1976 1856 '45

1940 2084 1966 2328 wamy-sq..-

274 2494 572 2549 τυλλιανοῦ
591 2490 892 2566 Ρωμαϊκῆς
922 2490 1251 2564 ἀπολογίας,
1293 2492 1356 2564 ῆς
1396 2490 1430 2564 ἡ
1465 2493 1727 2566 ἑρμηνεία
1756 2492 1888 2547 τοῦ-
1947 2534 1950 2540 .

274 2599 371 2633 τον
413 2581 520 2649 ἔχει
559 2574 657 2634 τὸν
695 2575 900 2651 τρόπον
933 2575 1149 2634 “καίτοι
1190 2574 1513 2650 ηὑρήκαμεν
1551 2577 1644 2632 καὶ
1673 2574 1775 2646 τὴν
1806 2579 1889 2639 εἰς

210 2658 448 2732 3οεεῆμᾶς
503 2660 814 2735 ἐπιζήτησιν
865 2663 1271 2735 κεκωλυμένην.
1343 2666 1573 2725 Πλίνιος
1621 2656 1726 2730 γάρ
1779 2666 1889 2715 Σε·

390 2857 412 2895 7
444 2855 625 2896 Plinius
646 2856 793 2909 Epist.
819 2857 891 2907 10,
914 2857 982 2896 96.
1005 2857 1074 2898 97.
1249 2855 1303 2896 28
1335 2853 1611 2896 Tertullian.
1633 2850 1763 2904 Apol.
1786 2851 1829 2890 2.
