2032 3174
345 111 414 164 80
1045 110 1291 152 EUSEBII

338 226 438 284 ‘652
463 235 681 300 Καῖσαρ
701 224 959 297 Ἀλβῖνον
988 231 1064 292 εἰς
1095 225 1196 298 τὴν
1226 222 1501 283 Ἰουδαίαν
1532 232 1798 300 ἔπαρχον,
1833 225 1959 298 Φή-

338 310 510 367 “στου
541 311 642 382 τὴν
671 308 934 381 τελευτὴν
964 307 1295 382 πυθόμενος.
1351 307 1380 366 ὁ
1414 310 1473 366 δε
1505 308 1766 383 νεώτερος
1786 307 1953 368 ’Ἀνα-
2013 310 2032 375 ᾗ,

337 393 496 498 ἱνος,
539 419 605 451 ον
633 392 745 494 ςτὴν
770 392 1207 497 ἀρχιερωσύνην
1258 403 1490 466 εἴπαμεν
1531 397 1951 468 παρειληφέναι,
2008 403 2018 445 '1'

337 477 592 581 :fipaffzbg
623 479 692 550 ἠν
731 478 828 534 τὸν
865 477 1071 550 τρόπον
1111 479 1202 534 καὶ
1246 475 1512 550 τολμητὴς
1557 476 1952 553 διαφερόντως,

302 562 350 618 5‘
356 562 591 637 αι’ρεσιν
624 563 684 619 δε
710 561 895 636 μετῄει
917 560 1020 634 τὴν
1045 567 1481 633 Σαδδουκαίων,
1514 566 1672 634 οἵπερ
1700 565 1803 618 εἰσὶ
1827 563 1952 636 περὶ

339 645 469 712 “vag
502 653 709 719 κρίσεις
742 645 879 719 ωμοὶ
909 669 1056 719 παρα
1087 669 1295 713 παντας
1334 644 1462 713 τους
1487 644 1822 718 Ἰουδαίους,
1855 670 1954 702 κα-

337 729 493 796 “θως
524 729 631 803 ἤδη
664 729 1067 803 δεδηλωκαμεν.
1129 734 1210 786 22.
1245 753 1339 787 ατε
1371 730 1441 802 δὴ
1473 731 1575 787 οὐν
1604 734 1846 796 τοιοῦτος
1878 754 1956 787 ων

336 813 447 834 (Cen

376 839 404 871 0
439 824 683 887 Ανανος,
716 821 947 888 νομίσας
980 821 1126 888 ἔχειν
1156 813 1349 887 καιρὸν
1392 812 1730 887 ἐπιτήδειον,
1775 812 1865 870 δια
1895 813 1954 871 τὸ
2008 839 2020 891 ζ

335 897 643 957 “τεθναναι
673 924 775 972 μεν
808 905 1047 971 Φῆστον,
1075 896 1327 971 Ἀλβῖνον
1354 899 1412 955 δε
1438 905 1514 956 ἐτι
1534 897 1669 955 κατὰ
1693 898 1793 970 τὴν
1822 895 1958 956 ὁδὸν
2007 907 2012 910 ’

339 979 407 1002 ‘C‘

284 1009 325 1040 10
377 982 665 1058 υπάρχειν,
692 990 903 1052 καθίζει
927 985 1224 1058 συνέδριον
1248 987 1469 1056 κριτῶν,
1502 985 1591 1039 καὶ
1617 1005 1955 1056 παραγαγων

339 1065 457 1132 “seg
489 1066 621 1124 αὐτὸ
652 1066 747 1125 τὸν
778 1065 1026 1140 αδελφὸν
1049 1066 1226 1140 Ἰησοῦ
1250 1073 1347 1124 τοῦ
1370 1070 1612 1140 Χριστοῦ
1636 1068 1952 1140 λεγομένου,

341 1147 397 1170 (τ’

391 1149 671 1222 Ιακωβος’
654 1150 827 1224 όνομα
846 1151 1015 1228 αὐτω,
1041 1157 1138 1208 καί
1155 1175 1308 1219 τινας
1335 1154 1554 1224 ἑτέρους
1570 1196 1583 1223 ,
1618 1175 1689 1218 ως
1714 1173 1952 1224 παρανο-

340 1233 676 1307 “μησαντων
723 1242 1058 1307 κατηγορίαν
1103 1254 1468 1308 ποιησαμενος
1511 1237 1802 1307 παρέδωκε
1833 1243 1954 1291 λευ-
2006 1237 2014 1241 ’

338 1317 775 1392 “σθησομένους.
810 1324 892 1376 23.
926 1318 1043 1375 ὅσοι
1077 1319 1136 1376 δὲ
1169 1318 1401 1376 ἐδόκουν
1435 1320 1822 1376 ἐπιεικέστατοι
1845 1321 1956 1375 τῶν

282 1427 325 1458 15
343 1401 518 1461 “κατά
549 1401 651 1475 τὴν
681 1402 843 1460 πόλιν
876 1403 1017 1460 εἶναι
1049 1404 1138 1459 καὶ
1170 1402 1235 1460 τὰ
1267 1404 1392 1478 περὶ
1423 1400 1549 1468 τούς
1579 1401 1782 1475 νόμους
1806 1401 1955 1476 ἀκρι-
1994 1416 2000 1474 j

341 1486 518 1560 “βεῖς,
553 1492 765 1560 βαρέως
791 1485 1032 1560 ἤνεγκαν
1065 1490 1152 1544 ε’πὶ
1175 1486 1370 1564 τούτῳ,
1404 1489 1495 1544 καὶ
1520 1489 1798 1559 πέμπουσι
1822 1485 1956 1560 πρὸς

359 1570 477 1628 τὸν
502 1573 732 1643 βασιλέα
758 1571 961 1647 κρύφα,
989 1575 1438 1645 παρακαλουντες
1463 1570 1634 1628 αὐτὸν
1658 1575 1954 1627 ἐπιστεῖλαι
2021 1575 2029 1630 '2

343 1653 371 1674 Ν
438 1653 504 1674 ’ν’

381 1679 455 1712 τω
502 1654 701 1713 Ανανω
741 1658 931 1728 μηκέτι
963 1661 1188 1712 τοιαῦτα
1223 1671 1520 1762 πρασσειν
1565 1655 1704 1726 μηδε
1749 1679 1852 1728 γαρ
1897 1654 1956 1710 τὸ

343 1737 604 1842 ἶπρωτον
620 1736 804 1812 ὀρθως
830 1737 1000 1796 αὐτὸν
1018 1741 1387 1811 πεποιηκέναι.
1421 1763 1565 1804 τινες
1587 1739 1644 1794 δε
1662 1737 1849 1795 αὐτων
1866 1740 1958 1795 καὶ

287 1821 359 1877 ‘20‘
364 1821 482 1880 τὸν
508 1820 764 1896 Ἀλβῖνον
803 1821 1236 1891 υπαντιαζουσιν
1267 1820 1373 1879 ἀπὸ
1413 1829 1508 1895 τῆς
1538 1820 1953 1897 Ἀλεξανδρείας

345 1903 806 1982 “ὁδοιποροῦντα,
823 1909 913 1964 καὶ
932 1906 1294 1964 διδασκουσιν
1311 1931 1382 1973 ως
1400 1906 1502 1964 οὐκ
1519 1905 1683 1974 ἐξὸν
1658 1931 1727 1979 ην
1745 1903 1956 1964 Ἀνανω

343 1989 548 2064 “χωρὶς
588 1996 683 2064 τῆς
733 1988 904 2049 αυτοῦ
950 2015 1169 2064 γνωμης
1219 1998 1449 2048 καθίσαι
1495 1993 1805 2091 συνέδριον.
1869 1966 1954 2047 24.

342 2071 392 2096 (θ’

343 2157 405 2178 (θ’

286 2265 329 2297 25
344 2241 511 2302 “λων.
588 2245 678 2299 καὶ
725 2241 752 2300 ὁ
785 2241 1045 2314 βασιλευς
1092 2243 1150 2299 δὲ
1176 2239 1475 2314 Ἀγρίππας
1523 2242 1612 2299 δια
1654 2246 1813 2300 τοῦτο
1857 2241 1959 2315 τὴν

342 2325 411 2347 “5

338 2407 374 2430 “
382 2425 560 2483 τρεῖς,
587 2410 802 2483 Ἰησοῦν
831 2409 927 2468 τὸν
956 2417 1053 2469 τοῦ
1084 2417 1382 2484 Λαμμαίου
1414 2410 1780 2513 κατέστησενῖ
1851 2435 1958 2469 τοι·

389 2082 627 2146 Αλβῖνος
671 2077 730 2132 δε
771 2078 1020 2141 πεισθεὶς
1059 2089 1172 2141 τοῖς
1225 2077 1536 2147 λεγομένοις
1587 2098 1790 2149 γραφει
1830 2073 1951 2148 μετ’
1979 2143 1983 2146 γ

382 2164 548 2232 οργῆς
578 2183 652 2215 τω
678 2157 918 2235 Ἀνάνῳ,
953 2158 1230 2231 λήψεσθαι
1255 2155 1384 2232 παρ’
1413 2156 1587 2216 αὐτοῦ
1620 2164 1775 2225 δίκας
1807 2156 1958 2216 ἄπει·
1996 2207 1998 2210 ,

383 2325 799 2400 αρχιερωσύνην
852 2323 1192 2400 αφελόμενος
1248 2351 1421 2383 αυτου
1474 2325 1736 2401 αρξαντος
1783 2325 1999 2400 μῆνας’

355 2518 494 2551 αυτα
525 2496 616 2551 καὶ
647 2519 711 2552 τα
735 2518 870 2551 κατα
894 2493 1174 2567 Ἰακωβον,
1208 2519 1272 2552 ου
1293 2494 1324 2568 ἡ
1353 2495 1540 2570 πρώτη
1562 2521 1673 2553 των
1702 2493 1958 2569 ὀνομαζο-
2007 2538 2010 2539 ⁷

353 2580 536 2652 μένων
567 2582 883 2636 καθολικων
909 2583 1211 2636 ἐπιστολῶν
1230 2579 1370 2637 εἶναι
1395 2582 1622 2652 λέγεται.
1669 2584 1753 2636 25.
1779 2581 1958 2636 ἰστέον

289 2684 334 2717 3ο
360 2664 418 2719 δὲ
451 2659 523 2728 ὡς
555 2662 850 2721 νοθεύεται
881 2664 983 2736 μὲν
1003 2709 1017 2736 ,
1051 2662 1141 2736 (οὐ
1177 2667 1369 2722 πολλοὶ
1399 2668 1536 2737 γοῦν
1565 2669 1677 2720 τῶν
1707 2667 1958 2720 παλαιῶν

1978 2720 2016 2727 ἱ,

355 2743 523 2818 αὐτῆς
557 2747 1003 2821 ἐμνημόνουσαν,
1046 2747 1117 2814 ὡς
1148 2745 1279 2805 οὐδὲ
1308 2755 1404 2821 τῆς
1436 2750 1730 2821 λεγομένης
1757 2744 1957 2819 Ἰούδα,
1991 2813 1994 2817 Α

354 2834 478 2904 μιοῖς
494 2833 583 2888 καὶ
609 2831 775 2904 αὐτῆς
797 2830 964 2904 οὔσης
977 2838 1086 2889 ’τῶν
1102 2831 1235 2889 ἑπτὰ
1259 2835 1572 2906 λεγομένων
1596 2831 1954 2904 καθολικων),
