2032 3174
321 135 409 203 28.
980 135 1227 176 EUSEBII

317 248 569 325 “γραφῆς
622 250 680 307 τὸ
733 252 890 323 γένος
932 247 1162 321 άνάγειν
1213 251 1302 306 ἐπὶ
1346 250 1474 316 τούς
1514 248 1850 324 πατριάρχας
1897 247 1949 323 ἢ

316 332 766 442 ἶπροσηλύτους,
819 333 947 400 τούς
995 358 1054 392 τε
1113 337 1489 406 καλουμένους
1528 332 1761 407 γειώρας
1803 332 1930 401 τούς

314 415 686 524 Ξέπιμίκτους.
761 423 839 476 14.
873 415 1049 491 ὀλίγοι
1092 416 1160 490 δὴ
1190 421 1301 475 τῶν
1347 421 1620 491 ἐπιμελῶν
1651 417 1930 485 ἰδιωτικας

314 502 571 570 “ἑαυτοῑς
584 500 932 577 ἀπογραφάς,
957 498 990 575 ἢ
1003 500 1485 577 μνημονεύσαντες
1502 506 1613 559 τῶν
1624 499 1930 576 ὀνομάτων,

279 583 323 644 5‘
315 584 386 688 ‘137'
409 586 588 654 άλλως
613 594 829 661 ἔχοντες
853 584 961 656 ἐξ’
930 585 1306 662 αντιγράφων,
1327 585 1744 660 ἐναβρύνονται,
1769 595 1931 655 σωζο-

312 667 519 775 ῑζμένης
559 675 624 746 τῇ
665 670 853 746 μνήμῃ
891 677 987 744 τῆς
1029 671 1334 744 εὐγενείας·
1397 672 1475 728 ὠν
1529 669 1832 744 ἐτύγχανον
1879 675 1937 728 oc

312 754 738 830 “προειρημε’νοι
771 755 1104 814 δεσπόσυνοι
1135 753 1494 828 καλούμενοι,
1537 754 1628 812 δια
1666 753 1768 827 τὴν
1796 754 1933 829 πρὸς

314 836 411 897 “vd
443 839 715 914 σωτήριον
746 843 904 914 γένος
934 840 1275 914 συνάφειαν,
1307 838 1415 896 ἀπό
1444 864 1502 897 τε
1534 838 1809 913 Ναζάρων
1840 842 1933 896 καὶ

312 920 595 998 (ςΚωχαβὰ
624 929 827 1000 κωμῶν
860 922 1182 983 Ἰουδαϊκῶν
1191 928 1287 1004 τῇ
1331 928 1496 998 λοιπῇ
1535 928 1605 998 γῇ
1647 922 1934 995 ἐπιφοιτή-

260 1037 300 1066 ιο
330 1007 570 1081 σαντες,
587 1011 678 1065 καὶ
700 1008 803 1082 τὴν
823 1013 1193 1109 προκειμένην
1214 1014 1655 1082 γενεαλογίαν**
1678 1032 1738 1065 εκ
1758 1031 1816 1064 τε
1836 1010 1933 1080 τῆς

314 1088 552 1195 ἶβίβλου
590 1097 703 1150 τῶν
744 1090 963 1168 ἡμερων
1005 1100 1082 1161 εἰς
1123 1091 1256 1151 ὅσον
1297 1095 1614 1161 ἐξικνοῦντο
1665 1091 1934 1165 ἐξηγησά-

313 1173 959 1282 Ξμενοι,15.εἰ’τόὐν
998 1176 1175 1245 οὕτως
1217 1175 1316 1234 εἴτ’
1359 1175 1537 1243 άλλως
1579 1182 1715 1250 ἔχει,
1758 1196 1934 1249 σαφε-
2003 1184 2022 1209 ’5

313 1258 552 1364 ἶστέραν
586 1260 842 1335 ἐξήγησιν
871 1261 976 1320 οὐκ
1006 1259 1076 1319 ἂν
1108 1268 1219 1335 ἔχοι
1258 1285 1338 1328 τις
1369 1258 1531 1326 άλλος
1564 1263 1828 1334 ἐξευρεῖν,
1861 1285 1933 1328 ως
2004 1273 2032 1295 ·’

314 1341 527 1418 “ἔγωγε
567 1352 766 1419 νομίζω
807 1353 913 1413 πᾶς
953 1370 1011 1403 τε
1051 1342 1109 1412 ὃς
1136 1342 1457 1454 εὐγνώμων
1495 1342 1771 1451 τυγχάνει.
1841 1346 1934 1401 καὶ
2011 1367 2016 1378 ²

315 1425 384 1448 ‘e‘

259 1455 298 1486 15
314 1444 487 1531 “ημῑν
517 1429 657 1502 αὕτη
687 1434 923 1503 μελέτω,
973 1436 1023 1487 εἰ
1061 1432 1153 1486 καὶ
1194 1428 1268 1502 μὴ
1301 1427 1643 1503 ἐμμάρτυρός
1674 1432 1815 1501 ἐστι,
1858 1453 1933 1485 τω

314 1509 425 1614 {tw}
457 1520 744 1587 κρείττονα
773 1511 807 1588 ἢ
838 1513 1222 1588 αληθεστέραν
1253 1521 1399 1587 ἔχειν
1423 1519 1615 1580 εἰπεῖν.
1669 1511 1730 1570 τό
1759 1516 1827 1585 γε’
1851 1536 1935 1570 τοι

314 1593 678 1671 “ευαγγέλιον
707 1597 926 1666 πάντως
957 1596 1240 1691 αληθεύει.
1249 1595 1277 1616 ”
1344 1602 1424 1654 16.
1459 1600 1551 1654 καὶ
1584 1599 1672 1653 ἐπὶ
1695 1600 1839 1654 τέλει
1873 1598 1932 1653 δε
2015 1635 2019 1637 -

314 1677 414 1698 ‘Cu

349 1705 445 1755 της
498 1680 668 1754 αυτῆς
711 1686 997 1788 ἐπιστολῆς
1046 1688 1379 1755 προστίθησι
1425 1687 1623 1738 ταῦτα·
1684 1679 1934 1738 Ματθάν

315 1761 380 1822 “ὁ
421 1763 529 1822 ἀπὸ
562 1772 896 1839 Σολομωνος
938 1768 1198 1838 ἐγέννησε
1238 1765 1336 1823 τὸν
1371 1761 1579 1837 Ἰακώβ.
1643 1763 1934 1823 “Ματθαν

260 1845 738 1917 20“ἀποθανόντος
770 1852 954 1951 Μελχὶ
983 1848 1012 1906 6
1043 1847 1150 1906 άπὸ
1182 1847 1391 1906 Νάθαν
1424 1851 1483 1905 ἐκ
1511 1852 1607 1921 τῆς
1638 1847 1806 1922 αὐτῆς
1835 1874 1932 1922 γυ·
1998 1882 2000 1886 ·

313 1932 541 2000 “vahands
574 1937 835 2007 ἐγέννησε
872 1932 969 1992 τὸν
991 1932 1130 1990 Ἡλί.
1201 1931 1519 2007 ὁμομήτριοι
1559 1931 1666 2007 άρα
1697 1932 1932 2007 ἀδελφοὶ

313 2014 468 2075 “Ἡλὶ
488 2020 578 2075 καὶ
596 2017 804 2092 Ἰακώβ.
849 2015 969 2076 ‘Hah
1003 2015 1238 2075 ἀτέκνου
1272 2015 1657 2085 ἀποθανόντος
1691 2015 1932 2091 δἸακῶβ

312 2099 654 2209 ἱζάνέστησεν
685 2101 837 2160 αὐτω
859 2109 1092 2177 σπέρμα,
1127 2101 1400 2175 γεννήσας
1419 2102 1517 2159 τὸν
1541 2099 1762 2175 Ἰωσὴφ,
1795 2101 1933 2160 κατὰ

314 2182 529 2260 “φύσιν
567 2211 669 2260 μεν
710 2211 916 2264 εαυτω,
957 2211 1094 2243 κατα
1131 2185 1303 2260 νόμον
1345 2188 1405 2244 δε
1443 2192 1519 2263 τῷ
1541 2185 1679 2243 ‘HM
1757 2184 1932 2252 οὕτως

259 2271 326 2329 25‘
331 2267 683 2345 ’ἀμφοτέρων
713 2269 833 2338 υιός
864 2263 933 2345 ἦν
962 2270 990 2328 6
1015 2268 1268 2344 Ἰωσήφ.”
1347 2275 1585 2328 τοσαῦτα
1615 2266 1643 2327 6
1669 2267 1933 2344 Ἀφρικα-

323 2353 431 2422 νός.
495 2359 575 2412 17.
609 2357 700 2411 καὶ
735 2355 803 2427 δὴ
833 2361 932 2413 τοῦ
954 2353 1158 2429 Ἰωσὴφ
1201 2348 1313 2412 ωδέ
1340 2377 1455 2422 πως
1497 2356 1932 2427 γενεαλογουμέ-

322 2464 446 2512 νου,
479 2437 712 2512 δυνάμει
744 2441 834 2497 καὶ
864 2436 897 2512 ἡ
927 2446 1119 2514 Μαρία
1149 2439 1257 2497 σὺν
1287 2438 1437 2496 αὐτω
1468 2441 1717 2512 πέφηνεν
1748 2443 1807 2496 ἐκ
1836 2442 1932 2511 τῆς
1998 2483 2001 2485 -

325 2521 494 2596 αὐτῆς
524 2525 661 2580 οὐσα
691 2527 900 2629 φυλῆς,
944 2533 1085 2597 εἴγε
1126 2523 1261 2581 κατὰ
1301 2523 1398 2582 τὸν
1427 2526 1719 2590 Μωυσέως
1758 2521 1932 2596 νόμον

324 2605 428 2664 οὐκ
460 2611 587 2680 ἐξῆν
621 2610 828 2683 ἑτέραις
863 2612 1259 2682 ἐπιμίγνυσθαι
1290 2617 1521 2681 φυλαῖς
1571 2609 1655 2665 ενὶ
1684 2630 1790 2680 γαρ
1819 2611 1931 2663 τῶν
1995 2646 2001 2651 ,ν

326 2886 337 2924 l
441 2832 490 2870 19
510 2823 742 2926 {glatffdcv
763 2828 833 2883 ——]
867 2831 998 2870 Haec
1023 2842 1199 2882 quoque
1223 2830 1269 2869 in
1288 2829 1478 2870 Eusebii
1498 2829 1672 2879 Quaest
1694 2828 1749 2868 ad
1773 2827 1931 2879 Steph.

345 2916 353 2924 .
378 2899 415 2926 e.
443 2900 482 2938 p.
507 2896 529 2926 :-
566 2915 574 2924 .
