1986 3152
587 76 744 116 HIST.
778 74 1030 115 ECCLES.
1064 76 1119 115 V.
1150 78 1218 119 24.
1602 74 1704 127 231

88 189 308 267 ’Ὑερεῦς
338 190 399 248 τὸ
433 192 671 248 πέταλον
700 189 1048 263 πεφορηκώς,
1081 193 1171 247 καὶ
1203 189 1413 264 μάρτυς
1437 194 1530 249 καὶ
1555 191 1708 249 διδα-

85 273 350 343 “σκαλος·
403 268 561 341 οῦτος
595 278 655 332 ἐν
678 272 891 352 Ἐφέσῳ
923 280 1264 348 κεκοίμηται·
1317 279 1366 332 4.
1415 282 1493 333 ἔτι
1527 277 1586 332 δὲ
1618 278 1708 333 καὶ

83 359 497 434 “Πολυ’καρπος
528 357 556 416 ὁ
588 362 648 417 ἐν
665 357 900 432 Σμύρνῃ
926 361 1018 416 καὶ
1044 362 1336 426 ἐπίσκοπος
1363 362 1453 416 καὶ
1477 359 1707 434 μα’ρτυς,

108 441 218 501 καὶ
250 446 498 517 Θρασέας
544 447 842 510 ἐπίσκοπος
883 445 973 499 καὶ
1004 442 1211 517 μάρτυς
1243 441 1350 501 ἀπὸ
1381 441 1707 518 Εῦμενείας,

86 521 187 596 “39
220 532 279 585 ἐν
311 527 550 601 Σμύρνῃ
582 534 914 636 κεκοίμηται.
991 532 1038 584 5.
1087 534 1146 584 τί
1174 529 1235 585 δὲ
1269 534 1353 586 δεῖ
1384 532 1565 601 λέγειν
1595 527 1707 586 Σοί·
1732 545 1751 577 5

83 611 291 686 “γαριν
323 615 625 670 ἐπίσκοπον
654 613 745 669 καὶ
775 635 1059 684 μαρτυρα,
1101 608 1159 678 ὃς
1192 616 1252 669 ἐν
1283 619 1587 690 Λαοδικείᾳ
1618 636 1713 670 κε-

86 696 408 769 “κοίμηται,
464 703 543 753 ἔτι
586 696 648 752 δὲ
688 697 780 751 καὶ
823 701 1105 768 Παπίριον
1144 695 1240 752 τὸν
1278 697 1575 771 μακάριον,
1620 700 1711 754 καὶ

85 779 432 838 “Μελίτωνα
483 778 580 837 τὸν
635 776 934 852 εὐνοῦχον,
987 778 1084 835 τὸν
1138 783 1198 836 ἐν
1249 776 1388 855 ἁγίῳ
1441 780 1713 854 πνεύματι

90 862 308 921 “ποὲντα
348 861 853 966 πολιτευσάμενον,
889 858 948 930 ὀς
989 876 1162 919 κεῖται
1192 867 1252 920 ἐν
1283 863 1530 938 Σαρδεσι
1561 887 1712 938 περι-

84 946 312 1054 Σμένων
351 948 453 1021 τὴν
492 946 598 1004 ἀπὸ
639 954 750 1005 τῶν
788 944 1047 1021 οῦρανῶν
1088 947 1423 1020 ἐπισκοπὴν,
1472 952 1532 1006 ἐν
1572 972 1606 1022 η
1653 952 1711 1006 ἐκ
1737 965 1776 996 10

84 1032 345 1139 Σνεκρων
375 1030 754 1105 ἀναστήσεται.
819 1037 865 1088 6.
893 1032 1046 1088 οὑτοι
1079 1031 1280 1100 πάντες
1313 1031 1586 1106 ἐτήρησαν
1614 1032 1716 1107 τὴν

86 1113 340 1191 “ἡμέραν
380 1121 476 1189 τῆς
516 1114 1114 1190 τεσσαρεσκαιδεκάτης
1145 1119 1246 1174 τοῦ
1274 1135 1458 1191 πασχα
1488 1115 1625 1175 κατα
1654 1117 1714 1175 τὸ

84 1199 480 1275 ’ἐῦαγγέλιοη
523 1202 700 1274 μηδὲν
742 1207 1240 1274 παρεκβαίνοντες,
1282 1198 1422 1258 ἄλλα
1453 1200 1588 1259 κατὰ
1619 1202 1715 1260 τὸν

82 1283 337 1343 ρ’κανόνα
376 1289 471 1359 τῆς
514 1293 748 1353 πίστεως
791 1286 1259 1352 ἀκολουθοῦντες·
1302 1293 1379 1343 ἔτι
1413 1287 1474 1343 δὲ
1504 1285 1654 1358 κάγώ
1685 1282 1714 1343 ὁ

86 1367 447 1474 Σμικρότερος
487 1393 714 1427 παντων
742 1369 901 1442 ὑμῶν
931 1368 1325 1442 Πολυκρατης,
1369 1394 1506 1427 κατα
1537 1393 1709 1444 παρα·
1737 1386 1777 1419 15

91 1452 290 1512 “δοσιν
334 1460 445 1512 τῶν
486 1457 777 1527 συγγενῶν
816 1479 953 1527 μου,
996 1451 1078 1520 οἷς
1119 1478 1210 1510 και
1243 1453 1714 1529 παρηκολούθησά

86 1535 274 1642 Ϊτισιν
304 1537 503 1598 αὐτῶν.
567 1538 703 1595 ἑπτα
731 1564 835 1612 μεν
865 1539 1008 1612 ἦσαν
1039 1552 1327 1611 συγγενεις
1357 1564 1464 1612 μου
1497 1542 1714 1596 ἐπίσκο-

87 1621 240 1695 “ποι,
277 1622 382 1695 ἐγω
416 1625 478 1680 δε
506 1620 728 1695 ὅγδοος
762 1625 854 1680 και
886 1622 1123 1680 πάντοτε
1144 1622 1247 1696 τὴν
1269 1619 1482 1697 ἡμέραν
1506 1620 1716 1696 ἤγαγον

85 1704 187 1765 “oc
227 1723 522 1816 συγγενεῖς
572 1731 711 1780 μου,
762 1705 851 1764 ὅτε
902 1704 930 1764 ὁ
985 1706 1115 1774 λαός
1159 1706 1334 1816 ἥρνυε
1378 1707 1479 1781 τὴν
1525 1707 1712 1780 ζύμην.

87 1789 178 1848 7.
213 1791 318 1864 ἐγώ
349 1784 480 1866 οῦν,
524 1790 788 1864 ἀδελφοὶ,
836 1790 1099 1865 ἕξηκοντα
1141 1796 1304 1850 πέντε
1348 1798 1440 1866 ἔτη
1482 1798 1623 1865 ἔχων
1656 1795 1715 1848 ἐν
1737 1806 1778 1839 20

88 1872 336 1978 Ξῖκυρίῳ,
384 1880 476 1934 καὶ
517 1874 916 1951 συμβεβληκως
957 1890 1071 1942 τοῖς
1116 1873 1223 1934 απὸ
1263 1880 1358 1948 τῆς
1389 1878 1715 1949 οἰκουμένης

88 1956 415 2066 Σᾶδελφοῑς,
449 1963 539 2019 καὶ
572 1965 760 2018 πᾶσαν
789 1957 956 2032 ἁγίαν
986 1960 1211 2035 γραφὴν
1242 1960 1608 2033 διεληλυθώς,
1648 1957 1715 2017 οὐ

90 2041 404 2147 Σπτύρομαι
448 2049 537 2103 ἐπὶ
579 2060 692 2113 τοῖς
735 2047 1288 2119 καταπλησσομένοις.
1363 2050 1420 2102 oc
1447 2043 1551 2118 γὰρ
1585 2048 1717 2118 ἐμοῦ

90 2125 378 2202 “μείζονες
431 2128 681 2206 εἰρήκασι
728 2126 1082 2204 ’πειθαρχεῖν
1136 2136 1225 2187 δεῖ
1264 2132 1385 2205 θεῷ
1428 2133 1638 2203 μᾶλλον
1683 2124 1716 2201 ἢ

90 2210 485 2289 “ἆνθρω’ποις’.
489 2213 517 2233 ”
580 2221 625 2272 8.
662 2213 874 2281 τούτοις
899 2215 1149 2289 ἐπιφέρει
1173 2216 1301 2288 περὶ
1331 2212 1557 2271 πάντων
1587 2212 1716 2287 γρά-
1740 2226 1781 2259 25

98 2321 228 2372 φων
257 2305 370 2358 τῶν
399 2299 810 2373 συμπαρόντων
841 2297 991 2377 αὐτῷ
1023 2301 1114 2356 καὶ
1146 2295 1565 2372 ὁμοδοξοῦντων
1599 2301 1719 2355 ἐπι-

102 2381 330 2441 σκόπων
371 2388 541 2441 ταῦτα
582 2387 759 2457 λέγων
795 2380 1123 2457 “ἐδυναμην
1165 2385 1224 2442 δε
1261 2386 1373 2484 τεῶν
1405 2381 1720 2440 ἐπισκόπων

92 2462 246 2524 “τῶν
276 2467 687 2542 συμπαρόντων
708 2472 1106 2542 μνημονεῦσαι,
1140 2464 1239 2534 οῦς
1273 2463 1430 2540 ὑμεῖς
1453 2464 1718 2539 ἠξιωσατε

93 2548 549 2625 “μετακληθῆναι
580 2549 679 2614 ὑπ’
720 2557 882 2625 ἐμοῦ,
916 2555 1006 2609 καὶ
1038 2550 1510 2626 μετεκαλεσαμην
1546 2552 1625 2608 ὠν
1655 2575 1720 2607 τα

95 2632 378 2709 “ὀνόματα
432 2637 528 2696 εἀν
580 2661 807 2710 γραφω,
861 2635 1036 2693 πολλα
1088 2635 1278 2710 πλήθη
1325 2641 1482 2694 εἰσίν.
1558 2639 1615 2692 οι
1656 2635 1717 2691 δε
1740 2644 1779 2678 30

220 2832 272 2870 24
303 2830 401 2874 Aet.
435 2834 482 2883 5,
518 2833 586 2874 29.
