1986 3152
263 157 365 209 356
934 153 1183 195 EUSEBH

262 272 395 337 τούς
436 270 825 343 πολυτρόπους
873 268 1098 340 ἀγῶνας
1142 268 1328 346 βρόχῳ
1357 269 1460 342 τὴν
1490 271 1634 343 ζωὴν
1663 279 1868 344 μεταλ-

262 355 553 424 λάξαντες,
603 359 701 426 τῆς
745 355 948 411 ἐνθέου
990 359 1149 425 νίκης
1195 351 1579 425 ἀπηνέγκαντο
1617 362 1867 428 βραβεῖα.

262 444 309 496 6.
344 442 405 495 ἐν
433 438 615 514 τούτῳ
646 443 743 510 τῆς
766 437 905 495 κατὰ
929 438 1308 510 Νικομήδειαν
1339 441 1632 510 ἐκκλησίας
1662 438 1691 496 ὁ
1715 465 1869 512 τηνι-

263 528 441 579 καῦτα
471 522 753 595 προεστώς
773 520 1042 595 ’Ἁνθιμος
1075 521 1166 578 διὰ
1196 521 1300 594 τὴν
1332 527 1410 588 εἰς
1442 522 1687 596 Χριστὸν
1724 549 1863 599 μαρ-

221 622 242 655 5
263 613 468 680 τυρίαν
497 606 601 679 τὴν
631 607 881 678 κεφαλὴν
913 604 1304 678 ἀποτέμνεται·
1346 606 1528 683 τούτῳ
1561 607 1623 663 δὲ
1653 611 1871 680 πλῆθος

262 692 486 765 ἄθρουν
538 691 843 764 μαρτύρων
883 696 1276 763 προστίθεται,
1329 689 1435 747 οὐκ
1476 687 1587 747 οἷδ’
1621 691 1771 759 ὅπως
1811 695 1873 749 ἐν

260 789 376 842 τοῖς
407 774 546 832 κατὰ
591 774 696 847 τὴν
727 776 1109 848 Νικομήδειαν
1148 781 1448 847 βασιλείοις
1491 782 1770 849 πυρκαϊᾶς
1811 779 1872 833 ἐν

262 859 457 926 αὐταῖς
490 859 558 931 δὴ
589 872 710 926 ταῖς
741 858 973 934 ἡμέραις
998 858 1304 932 ἀφθείσης,
1338 858 1411 931 ἣν
1434 856 1567 916 καθ’
1593 858 1873 918 ὑπόνοιαν

262 949 444 1013 ψευδῆ
476 942 616 1017 πρὸς
647 949 760 1000 τῶν
791 945 1076 1017 ἡμετέρων
1101 946 1516 1017 ἐπιχειρηθῆναι
1543 944 1715 1015 λόγου
1747 950 1870 1002 δια-

204 1045 245 1078 10
270 1029 566 1099 δοθέντος,
613 1034 864 1100 παγγενῆ
898 1028 1158 1102 σωρηδὸν
1188 1033 1455 1103 βασιλικῷ
1496 1028 1728 1101 νεύματι
1756 1033 1872 1086 τῶν

259 1117 395 1185 τῇδε
437 1118 727 1183 θεοσεβῶν
769 1116 827 1168 οἱ
865 1112 969 1184 μὲν
1010 1115 1156 1184 ξίφει
1193 1112 1663 1185 κατεσφάττοντο,
1717 1117 1775 1170 οἱ
1809 1115 1871 1172 δὲ

260 1197 349 1252 διὰ
391 1196 567 1269 πυρὸς
596 1199 982 1252 ’ἐτελειοῦντό
1045 1196 1077 1252 ὅ
1116 1219 1175 1252 τε
1215 1196 1379 1267 λόγος
1424 1201 1533 1268 ἔχει
1581 1204 1873 1272 προθυμίᾳ

260 1281 370 1336 τινὶ
422 1279 643 1356 ἀρρήτῳ
698 1280 908 1352 ἄνδρας
949 1280 1062 1353 ἅμα
1101 1281 1361 1351 γυναιξὶν
1405 1281 1497 1336 ἐπὶ
1537 1279 1640 1352 τὴν
1682 1281 1873 1354 πυρὰν

262 1364 652 1420 καθάλλεσθαι
670 1380 680 1391 ·
717 1364 986 1436 δήσαντες
1019 1364 1082 1421 δὲ
1113 1369 1171 1421 οἱ
1191 1365 1375 1438 δήμιοι
1404 1363 1541 1421 ἄλλο
1571 1386 1623 1420 τι
1653 1370 1871 1438 πλῆθος

197 1463 239 1497 15
265 1450 355 1505 ἐπὶ
400 1448 633 1521 σκάφαις
672 1461 790 1515 τοῖς
842 1455 1160 1515 θαλαττίοις
1202 1450 1609 1522 ἐναπέρριπτον
1649 1457 1870 1522 βυθοῖς.

263 1538 307 1589 7.
353 1532 486 1599 τούς
518 1535 585 1589 δέ
609 1557 673 1604 γε
702 1534 1020 1604 βασιλικούς
1062 1533 1198 1606 μετὰ
1228 1534 1480 1590 θάνατον
1521 1539 1754 1608 παῖδας,
1796 1541 1871 1610 γῇ

258 1617 394 1689 μετὰ
423 1623 521 1689 τῆς
552 1618 942 1692 προσηκούσης
965 1623 1191 1690 κηδείας
1215 1620 1670 1691 παραδοθέντας,
1703 1613 1872 1686 αὖθις

261 1705 314 1769 ἐξ
356 1701 607 1775 ὑπαρχῆς
649 1701 1020 1776 ἀνορύξαντες
1061 1705 1434 1776 ἐναπορρῖψαι
1471 1703 1734 1778 θαλάσσῃ
1779 1705 1873 1760 καὶ

259 1784 465 1852 αὐτούς
499 1785 674 1862 ᾠόντο
706 1792 829 1844 δεῖν
861 1792 918 1844 οἱ
944 1789 1332 1860 νενομισμένοι
1363 1787 1655 1860 δεσπόται,
1691 1787 1766 1854 ὥς
1797 1786 1871 1845 ὄὶν

197 1887 238 1919 20
261 1870 335 1942 μὴ
379 1873 440 1926 ἐν
491 1871 773 1944 μνήμασιν
825 1868 1226 1945 ἀποκειμένους
1279 1872 1658 1945 προσκυνοῖέν
1708 1895 1871 1945 τινες,

256 1954 433 2020 θεούς
465 1954 533 2026 δὴ
565 1954 801 2028 αὐτούς,
837 1953 911 2022 ὥς
942 1980 1006 2028 γε
1032 1953 1238 2031 ᾧόντο,
1271 1956 1626 2029 λογιζόμενοι.
1681 1957 1775 2013 καὶ
1804 1955 1870 2014 τοὶ

258 2038 361 2109 μὲν
395 2041 485 2094 ἐπὶ
515 2045 611 2110 τῆς
643 2045 1018 2112 Νικομηδείας
1057 2041 1193 2097 κατὰ
1234 2041 1338 2112 τὴν
1377 2039 1559 2115 ἀρχὴν
1601 2040 1868 2098 ἀποτελε-

260 2123 470 2178 σθέντα
499 2146 596 2179 τ-ου
634 2129 883 2196 διωγμοῦ
918 2147 1162 2181 τοιαυτα.
1225 2129 1272 2180 8.
1321 2147 1427 2180 ουκ
1451 2130 1528 2190 εἰς
1559 2125 1777 2198 μακρὸν
1808 2126 1871 2182 δε

261 2206 465 2279 ἑτέρων
504 2230 642 2262 κατα
685 2207 788 2278 τὴν
830 2207 1156 2279 Μελιτηνὴν
1195 2207 1343 2264 οὕτω
1374 2209 1729 2281 καλουμένην
1759 2210 1870 2282 χώ-

197 2305 239 2338 25
262 2313 396 2363 ραν,
430 2291 523 2345 καὶ
555 2284 630 2346 αὖ
661 2291 828 2347 πάλιν
860 2291 1047 2348 α’λλων
1071 2290 1217 2364 ἀμφὶ
1239 2315 1346 2364 την
1373 2298 1596 2365 Συρίαν
1628 2295 1870 2366 ἐπιφυῆ-

258 2398 350 2430 ναι
379 2380 447 2447 τῇ
479 2381 735 2449 βασιλεία
765 2376 1216 2449 πεπειραμένων,
1248 2399 1381 2442 τους
1413 2378 1728 2450 πανταχόσε
1757 2383 1873 2435 τῶν

263 2461 568 2529 ἐκκλησιων
600 2465 953 2531 προεστῶτας
995 2464 1237 2533 ειρκταῖς
1276 2462 1371 2517 καὶ
1406 2466 1632 2534 δεσμοις
1664 2464 1871 2535 ε’νεῐραι

262 2541 590 2615 πρόσταγμα
624 2545 817 2615 ἐφοίτα
856 2545 1159 2616 βασιλικόν.
1236 2550 1284 2602 9.
1331 2547 1425 2601 καὶ
1454 2549 1529 2617 ἠν
1558 2545 1591 2618 ἡ
1621 2548 1730 2603 θέα
1757 2552 1872 2603 τῶν

263 2627 354 2682 ἐπὶ
384 2627 598 2693 τούτοις
630 2629 940 2700 γινομένων
971 2632 1159 2686 πᾶσαν
1183 2627 1440 2702 διήγησιν
1462 2628 1868 2704 υπεραίρουσα,

197 2723 240 2755 30
262 2717 470 2783 μυρίου
525 2712 781 2783 πλήθους
830 2715 891 2769 ἐν
942 2714 1110 2771 παντὶ
1160 2715 1312 2791 τόπῳ
1363 2715 1868 2787 καθειργνυμένου,

261 2796 356 2851 καὶ
385 2795 452 2851 τὰ
485 2801 737 2869 πανταχῆ
770 2799 1143 2871 δεσμωτήρια,
1191 2797 1564 2873 ἀνδροφόνοις
1603 2800 1697 2855 καὶ
1725 2821 1866 2872 τυμ-

263 2879 537 2953 βωρύχοις
568 2879 740 2937 πάλαι
764 2882 1035 2955 πρότερον
1059 2884 1536 2956 ἐπεσκευασμένα,
1568 2883 1694 2941 τότε
1723 2891 1868 2956 πλη-
