1986 3152
264 115 367 167 382
475 116 718 158 EUSEBII
750 117 907 157 HIST.
940 115 1191 156 ECCLES.
1223 115 1355 158 VIII.
1401 116 1655 160 APPEND.

263 236 390 304 τιμῇ
419 252 478 287 τε
507 232 599 286 καὶ
638 228 825 306 χρόνῳ
866 235 980 286 τῶν
1022 237 1312 303 πρωτείων
1350 229 1652 304 ἠξιωμένος
1682 239 1872 309 μακρᾷ

263 316 355 370 καὶ
401 314 774 388 ἐπιλυποτάτῃ
806 319 874 388 τῇ
906 319 1007 370 τοῦ
1040 315 1292 387 σώματος
1329 313 1599 390 ἀσθενείᾳ
1643 321 1867 390 διεργα·

263 399 452 469 σθεὶς,
506 393 534 454 ὁ
579 397 640 454 δὲ
679 397 745 453 τοὶ
777 398 1012 499 δεύτερα
1053 397 1230 455 αὐτοῦ
1272 401 1464 471 φέρων
1502 395 1717 474 ἀγχόνῃ
1764 401 1873 474 τήν

262 482 406 553 ζωήν
437 480 783 554 ἀπορρήξας,
827 482 966 538 κατά
1005 505 1127 539 τινα
1173 488 1471 556 δαιμονίαν
1514 491 1869 557 προσημείω-

221 585 239 616 5
264 584 351 622 σιν
392 571 555 622 τοῦτο
595 565 799 623 παθων
841 565 929 623 διὰ
971 573 1232 632 πλείστας
1273 566 1425 624 αὖτω
1463 570 1872 673 τετολμημένας

264 654 641 753 ραδιουργίας.
740 654 789 706 4.
864 655 978 707 τῶν
1048 650 1111 707 δε
1179 674 1313 724 μετα
1383 650 1619 717 τούτους
1679 647 1708 708 ὁ
1768 677 1873 726 μεν

260 735 523 804 ὕστατος,
575 732 645 790 ὸν
698 733 766 806 δὴ
808 735 902 790 καὶ
945 733 1195 807 ἀρχηγὸν
1245 740 1346 792 τοῦ
1399 734 1608 801 παντὸς
1659 740 1874 810 ἔφαμεν
1940 736 1942 738 ’

261 819 548 891 γεγονέναι
589 823 868 891 διωγμοῦ,
911 825 1139 875 τοιαῦτα
1180 816 1271 876 οἷα
1315 820 1408 875 καὶ
1440 819 1870 892 προδεδηλώκα*

260 927 362 976 μεν
420 904 737 974 πέπονθεν,
796 898 824 959 ὁ
878 902 941 959 δὲ
989 908 1191 960 τοῦτον
1242 903 1508 976 προάγων
1560 904 1869 977 χρηστότα-

201 1005 241 1036 10
263 1011 354 1054 τος
395 987 486 1042 καὶ
533 985 838 1058 ἠπιώτατος
878 987 1140 1058 βασιλεύς
1174 987 1592 1059 Κωνστάντιος,
1636 991 1871 1056 ἐπαξίως

261 1077 357 1143 τῆς
408 1066 710 1143 ἡγεμονίας
763 1070 863 1127 τὸν
915 1069 1135 1128 ἅπαντα
1187 1077 1282 1144 τῆς
1325 1070 1497 1144 ἀρχῆς
1550 1073 1867 1139 διατελέσας

261 1156 498 1227 χρόνον,
542 1153 683 1211 ἄλλα
727 1155 819 1210 καὶ
862 1151 1050 1210 τᾶλλα
1079 1168 1194 1221 τοῖς
1241 1161 1377 1212 πᾶσι
1420 1154 1749 1223 δεξιώτατον
1778 1158 1872 1212 καὶ

262 1239 758 1310 εὐεργετικώτατον
808 1239 1112 1311 παρασχών
1166 1239 1397 1311 ἑαυτὸν,
1451 1238 1591 1313 α’·τάρ
1632 1241 1725 1296 καὶ
1770 1245 1872 1297 τοῦ

261 1321 397 1379 καθ’
431 1317 592 1394 ἡμῶν
636 1325 883 1396 πολέμου
928 1325 1031 1390 ἔξω
1070 1324 1401 1397 γενόμενος,
1461 1325 1554 1380 καὶ
1594 1323 1727 1390 τους
1765 1320 1868 1381 ὑπ’

204 1424 243 1456 15
268 1406 445 1464 αὐτὸν
484 1414 773 1480 θεοσεβεῖς
813 1404 1079 1479 άβλαβεῖς
1121 1409 1213 1464 καὶ
1255 1404 1708 1480 ἀνεπηρεάστους
1748 1413 1868 1465 δια-

261 1492 545 1564 φυλάξας,
587 1493 680 1547 καὶ
720 1490 859 1564 μήτε
900 1492 1031 1558 τούς
1063 1502 1255 1559 οἴκους
1285 1498 1399 1549 τῶν
1432 1495 1739 1565 ἐκκλησιῶν
1768 1516 1870 1549 κα-

259 1576 446 1633 θελών
497 1574 635 1648 μήθ’
686 1576 878 1649 ἕτερόν
918 1601 967 1632 τι
1007 1575 1143 1649 μηδ’
1191 1577 1332 1643 ὅλως
1376 1574 1512 1633 καθ’
1545 1572 1705 1649 ήμῶν
1749 1579 1871 1634 ε’πι-

261 1660 670 1732 καινουργήσας
695 1705 710 1732 ,
778 1663 933 1726 τέλος
994 1660 1264 1734 εὔδαιμον
1324 1662 1418 1717 καὶ
1477 1661 1873 1735 τρισμακάριον

263 1745 439 1811 ὅντως
492 1751 788 1818 κατείληφε
837 1750 942 1802 τοῦ
982 1751 1146 1818 βίου,
1198 1747 1370 1819 μόνος
1425 1746 1514 1802 ἐπὶ
1554 1751 1651 1818 τῆς
1696 1743 1873 1802 αὐτοῦ

198 1846 238 1876 20
261 1835 539 1900 βασιλείας
570 1826 822 1902 εὐμενῶς
864 1830 956 1886 καὶ
1002 1830 1301 1902 ἐπιδόξως,
1356 1831 1445 1886 ἐπὶ
1491 1830 1731 1905 διαδόχῳ
1774 1835 1873 1902 τῆς

260 1920 535 1984 βασιλείας
567 1920 781 1986 γνησίῳ
812 1914 969 1970 παιδὶ
999 1913 1066 1970 τά
1099 1914 1281 1971 πάντα
1312 1914 1755 1990 σωφρονεστάτῳ
1785 1915 1873 1970 καὶ

262 1996 671 2074 εὖσεβεστάτῳ,
713 1999 1074 2071 τελευτήσας·
1147 2004 1195 2055 5.
1244 1997 1306 2064 ὂς
1347 1997 1526 2064 εὐθύς
1566 1997 1873 2071 ἀρχόμενος

261 2082 521 2152 βασιλεύς
563 2082 894 2147 τελειότατος
937 2083 1029 2138 καὶ
1076 2083 1343 2154 σεβαστός
1383 2081 1524 2155 πρός
1554 2088 1671 2139 τῶν
1701 2099 1865 2155 στρα-

261 2166 514 2221 τοπέδων
554 2163 958 2238 ἀναγορευθεὶς
1009 2165 1256 2238 ζηλωτὴν
1299 2165 1496 2222 ἑαυτὸν
1539 2170 1636 2238 τῆς
1675 2186 1870 2238 πατρι-

198 2271 237 2303 25
262 2254 360 2319 κῆς
392 2250 519 2320 περὶ
549 2248 648 2304 τὸν
677 2244 945 2321 ἡμέτερον
975 2248 1146 2319 λόγον
1170 2247 1453 2321 εὐσεβείας
1484 2249 1870 2321 κατεστήσατο.

263 2333 487 2404 τοιαύτη
532 2338 647 2388 τῶν
691 2335 1314 2405 προαναγεγραμμένων
1365 2334 1644 2406 τεττάρων
1693 2329 1727 2405 ἦ
1768 2338 1872 2390 τοῦ

261 2423 388 2488 βίου
423 2422 672 2487 ἔκβασις,
714 2416 852 2473 κατὰ
895 2419 1393 2490 παρηλλαγμένους
1433 2418 1669 2491 χρόνους
1708 2440 1870 2489 γεγε-

262 2501 490 2573 νημένη.
572 2505 620 2556 6.
675 2502 892 2557 τούτων
932 2503 1000 2573 δὴ
1041 2501 1212 2573 μόνος
1266 2508 1343 2559 ἔτι
1393 2499 1572 2558 λιπών
1621 2497 1650 2558 ὁ
1692 2506 1871 2577 μικρῷ

261 2585 514 2657 πρόσθεν
562 2580 700 2657 ἡμῖν
752 2586 1041 2658 εἰρημένος
1083 2584 1194 2642 σύν
1233 2599 1351 2652 τοῖς
1390 2585 1525 2659 μετά
1571 2590 1746 2643 ταῦτα
1790 2591 1871 2651 εἰς

199 2693 239 2726 30
261 2670 362 2741 τὴν
393 2665 572 2742 ἀρχὴν
604 2675 970 2741 εἰσποιηθεῖσι
1001 2669 1105 2742 τήν
1137 2671 1642 2743 προδεδηλωμένην
1674 2672 1868 2741 ἐξομο-

264 2754 498 2826 λόγησιν
531 2752 619 2809 διὰ
651 2758 752 2810 τοῦ
784 2755 1218 2824 προεκτεθέντος
1242 2754 1528 2828 ἐγγράφου
1554 2754 1726 2825 λόγου
1751 2766 1870 2819 τοῖς

263 2844 397 2895 πᾶσι
426 2837 681 2910 φανεράν
710 2838 1096 2909 κατεστήσατο.
