1986 3152
282 117 388 168 466
960 113 1210 155 Eusmm

285 233 442 289 εἶπεν
472 227 501 287 ὁ
526 231 655 297 θεός
682 249 800 287 σου.
846 229 1054 304 χρόνον
1083 228 1283 303 μικρὸν
1308 229 1670 300 ἐγκατέλιπόν
1693 248 1773 301 σε,
1799 233 1892 288 καὶ

286 320 346 373 ἐν
393 317 525 392 ἐλέῳ
569 314 792 391 μεγάλῳ
836 313 1043 386 ε’λεήσω
1087 328 1173 369 σε·
1220 315 1282 369 ἐν
1322 319 1491 390 θυμῷ
1531 320 1708 390 μικρῷ
1750 312 1892 373 άπέ-

285 413 494 474 στρεψα
524 399 586 456 τὸ
613 399 917 472 πρόσωπόν
946 422 1054 470 μου
1086 395 1198 454 ἀπὸ
1234 402 1359 470 σοῦ,
1383 399 1475 454 καὶ
1501 400 1561 454 ἐν
1594 400 1727 476 ἐλέῳ
1753 406 1891 457 αἰω-

282 494 387 562 νίῳ
414 484 621 557 ἐλεήσω
645 503 725 553 σε,
751 482 907 540 εἶπεν
929 480 958 540 ὁ
986 481 1302 556 ῥυσάμενός
1328 499 1388 539 σε
1411 483 1615 555 κύριος.
1663 487 1748 540 50.
1776 487 1891 553 ἐξε-

241 596 260 626 5
287 578 501 644 γείρου,
558 571 837 641 ἐξεγείρου
890 563 923 640 ἡ
978 572 1187 623 πιοῦσα
1242 569 1302 623 ἐκ
1352 566 1531 640 χειρὸς
1583 574 1783 643 κυρίου
1827 569 1891 626 τὸ

282 654 548 728 ποτήριον
577 655 680 709 τοῦ
708 658 900 726 θυμοῦ
933 650 1139 708 αὑτοῦ·
1181 651 1443 724 ποτήριον
1472 650 1580 725 γάρ
1610 655 1707 725 τῆς
1739 653 1892 710 πτώ-

284 757 451 809 σεως,
483 736 544 795 τὸ
575 737 752 794 κόνδυ
784 742 886 793 τοῦ
917 741 1110 809 θυμοῦ
1141 759 1283 809 μου,
1328 738 1531 803 ἐξέπιες
1573 738 1666 793 καὶ
1709 739 1891 806 ἐξεκέ-

281 841 483 889 νωσας.
527 823 622 878 καὶ
653 820 759 878 οῦκ
788 815 860 893 ἦν
885 819 913 877 ὁ
947 825 1287 895 παρακαλαν
1311 838 1373 877 σε
1395 819 1504 877 ἀπὸ
1530 821 1755 878 πάντων
1778 827 1895 879 τῶν
1924 822 1927 824 ’

279 910 492 965 τέκνων
533 925 636 964 σου
679 900 758 962 ὦν
801 911 1008 977 ἔτεκες,
1049 906 1143 961 καὶ
1173 927 1277 962 ουκ
1309 899 1381 977 ἦν
1414 901 1442 961 ὁ
1477 903 1890 980 ἀντιλαμβανό-

222 1019 260 1049 10
282 1015 447 1066 μενος
477 996 573 1064 τῆς
604 990 786 1064 χειρός
820 1007 938 1046 σου.
989 989 1114 1046 ἰδοῦ
1141 998 1343 1063 εἰληφα
1367 992 1426 1046 ἐκ
1455 995 1552 1063 τῆς
1582 991 1762 1065 χειρός
1787 1010 1891 1048 σου

280 1077 342 1134 τὸ
376 1076 641 1150 ποτήριον
670 1080 768 1146 τῆς
801 1074 1090 1146 πτώσεως,
1122 1074 1184 1131 τὸ
1217 1073 1393 1131 κόνδυ
1417 1080 1519 1130 τοῦ
1542 1080 1735 1147 θυμοῦ
1758 1099 1887 1148 μου,

281 1161 374 1217 καὶ
415 1159 483 1216 οῦ
517 1159 859 1233 προσθήσεις
903 1164 982 1215 ἔτι
1023 1172 1174 1215 πιεῖν
1206 1157 1366 1215 αὐτό·
1407 1159 1502 1214 καὶ
1546 1159 1710 1215 δώσω
1751 1157 1890 1216 αὐτὸ

283 1251 362 1311 εἰς
392 1243 489 1310 τὰς
520 1256 708 1318 χεῖρας
749 1247 863 1299 τῶν
894 1241 1280 1315 ἀδικησάντων
1320 1261 1383 1299 σε
1413 1243 1507 1299 καὶ
1544 1249 1659 1300 τῶν
1696 1266 1884 1302 ταπει-

280 1329 587 1387 νωσάντων
619 1347 695 1385 σε.
742 1332 827 1383 51..
862 1330 1159 1402 ἐξεγείρου,
1195 1331 1495 1401 ἐξεγείρου,
1528 1332 1759 1387 ἔνδυσαι
1787 1328 1893 1401 τὴν

219 1440 256 1471 15
284 1413 467 1487 ἰσχῦν,
502 1418 737 1470 ἔνδυσαι
779 1411 882 1485 τὴν
913 1412 1087 1480 δόξαν
1119 1430 1238 1470 σου.
1296 1415 1572 1481 ἐκτίναξαι
1611 1412 1712 1470 τὸν
1750 1419 1892 1486 χοῦν

278 1501 371 1556 καὶ
417 1497 710 1571 ἀνάστηθι.
792 1496 1060 1570 κάθισον,
1109 1503 1339 1555 ἔκλυσαι
1387 1497 1490 1555 τὸν
1536 1497 1744 1571 δεσμὸν
1787 1504 1890 1555 τοῦ

277 1583 555 1657 τραχήλου
588 1601 707 1640 σου.
755 1576 894 1655 ἆρον
923 1583 1110 1659 κύκλῳ
1141 1581 1275 1650 τοῦς
1300 1579 1633 1656 ὀφθαλμούς
1664 1601 1768 1640 σου
1798 1584 1891 1639 καὶ

282 1673 366 1726 ἴδε
398 1670 723 1741 συνηγμένα
752 1666 819 1724 τοὶ
855 1668 1023 1724 τέκνα
1058 1682 1190 1724 σου·
1225 1667 1349 1724 ἰδοῦ
1388 1668 1754 1741 συνήχθησαν
1795 1669 1890 1723 καὶ

278 1747 460 1825 ἦλθον
490 1753 630 1828 πρός
663 1769 753 1810 σε·
797 1757 868 1821 ζῶ
912 1751 1050 1824 ἐγώ,
1094 1755 1242 1824 λέγει
1282 1752 1503 1825 κύριος,
1549 1748 1634 1810 ὅτι
1677 1752 1888 1819 πάντας

205 1863 255 1894 ⁴20
279 1836 488 1904 αύτούς
521 1836 594 1904 ὥς
626 1837 836 1910 κόσμον
871 1838 1082 1911 ἐνδύσῃ
1123 1838 1216 1894 καὶ
1247 1837 1528 1911 περιθήσῃ
1570 1834 1780 1903 αύτούς
1814 1831 1889 1903 (ὃς

276 1923 488 1995 κόσμον
520 1922 773 1996 νύμφης,
817 1921 902 1979 ὅτι
930 1922 996 1979 τά
1030 1922 1206 1995 ἔρημά
1237 1943 1341 1979 σου
1372 1923 1467 1978 καὶ
1507 1921 1575 1979 τοὶ
1607 1926 1885 1995 διεφθαρ-

277 2009 417 2080 μένα
447 2008 541 2064 καὶ
579 2007 645 2063 τὰ
675 2006 1142 2065 καταπεπτωκότα
1182 2012 1294 2064 νῦν
1335 2007 1734 2080 στενοχωρήσει
1774 2004 1883 2062 άπὸ

276 2097 391 2147 τῶν
421 2091 831 2149 κατοικούντων
863 2108 947 2148 σε·
994 2092 1087 2149 καὶ
1116 2091 1610 2165 μακρυνθήσονται
1639 2089 1750 2146 άπό
1783 2094 1887 2146 σοῦ

278 2180 336 2231 oc
361 2178 759 2242 καταπίνοντές
791 2195 868 2233 σε.
929 2180 1013 2232 52.
1058 2179 1248 2249 ἐροῦσι
1277 2176 1384 2249 γάρ
1429 2180 1509 2240 εἰς
1540 2173 1606 2231 τὰ
1640 2168 1753 2230 ὦτά
1783 2193 1886 2230 σου

215 2283 255 2315 25
279 2264 336 2316 οἱ
373 2264 495 2316 υἱοί
537 2277 638 2316 σου
681 2258 779 2326 οὓς
822 2259 1211 2331 ἀπολώλεκας,
1267 2259 1456 2325 στενός
1496 2282 1588 2332 μοι
1628 2254 1656 2315 ὁ
1699 2258 1886 2330 τόπος,

277 2343 514 2416 ποίησόν
542 2367 633 2416 μοι
663 2345 835 2401 τόπον
877 2348 971 2400 ἵνα
1010 2345 1333 2416 κατοικήσω.
1395 2344 1486 2400 καὶ
1533 2347 1675 2418 ἐρεῖς
1719 2346 1778 2400 ἐν
1817 2348 1886 2417 τῇ

277 2433 483 2536 καρδίᾳ
501 2446 622 2500 σου,
647 2436 730 2495 τίς
756 2431 1022 2500 ἐγέννησέ
1038 2454 1131 2502 μοι
1156 2429 1414 2494 τούτους·
1403 2475 1415 2499 ,
1443 2426 1550 2500 ἐγω
1579 2427 1681 2485 δε’
1658 2427 1887 2493 άτεκνος

276 2514 370 2569 καὶ
401 2512 560 2586 χήρα,
593 2514 826 2580 τούτους
857 2514 920 2570 δε
950 2519 1033 2580 τίς
1059 2515 1331 2587 ἐξέθρεψέ
1346 2537 1466 2586 μοι;
1500 2511 1608 2585 ε’γω
1633 2513 1696 2569 δε
1719 2535 1885 2568 κατε-

278 2603 523 2670 λειφθην
551 2596 695 2671 μόνη
714 2642 729 2670 ,
771 2600 923 2655 οῦτοι
953 2601 1022 2654 δέ
1046 2622 1136 2672 μοι
1166 2603 1279 2655 ποῦ
1310 2596 1516 2671 ἡσαν;”
1595 2600 1678 2653 53.
1710 2602 1886 2654 ταῦτα

211 2705 254 2738 30
273 2678 504 2749 “Ησαΐας
536 2684 926 2756 προεθέσπισε,
957 2689 1134 2740 ταῦτα
1165 2683 1446 2757 πρόπαλαι
1477 2683 1605 2757 περὶ
1634 2681 1792 2754 ἡμῶν
1826 2683 1887 2737 ἐν
1934 2734 1956 2743 γ,

391 2880 417 2917 4
447 2878 536 2920 Ies.
570 2879 637 2929 51,
675 2880 739 2918 17.
860 2879 911 2917 14
942 2878 1030 2918 Ies.
1064 2879 1130 2927 52,
1167 2879 1203 2917 1.
1324 2880 1373 2918 17
1406 2878 1490 2917 Ies.
1525 2878 1594 2928 49,
1631 2878 1695 2917 18.
