1986 3152
505 116 586 155 DE
619 115 803 156 MART.
836 115 1126 156 PALAEST.
1157 116 1210 156 V.
1252 117 1326 156 V1.
1626 116 1730 168 393

122 229 258 305 μετὰ
291 228 479 296 δεινὰς
510 232 604 286 καὶ
635 229 806 296 αὐτὸς
838 237 1022 298 αἰκίας
1042 275 1057 302 ,
1090 230 1356 304 μάστιγάς
1386 255 1444 288 τε
1473 240 1729 305 χαλεπω-

123 315 320 386 τάτας,
373 312 487 387 ἅμα
531 316 662 371 κυνὶ
704 318 798 372 καὶ
840 314 1061 386 ἀσπίδι,
1113 321 1191 391 τῷ
1248 316 1448 391 ἰοβόλῳ
1503 319 1729 394 ἑρπετῷ,

126 397 408 473 ωμοβοΐνῃ
448 402 805 472 περιβληθεὶς
846 405 1020 474 δορᾷ,
1065 399 1314 474 θαλάττῃ
1347 405 1728 473 παραδίδοται.

123 483 212 540 διό
240 505 333 555 μοι
365 487 521 539 δοκεῖ
550 486 611 539 ἐν
639 497 756 549 τοῖς
782 483 1091 555 Ἀπφικνου
1129 491 1451 557 μαρτυρίοις
1485 483 1729 557 εὐλόγως

122 567 195 624 ἂν
233 563 370 639 ἡμῖν
419 567 875 640 μνημονεύεσθαι
923 569 1016 624 καὶ
1056 571 1235 633 οὗτος.
1304 572 1352 624 2.
1407 567 1623 640 άδελφα
1666 570 1771 627 δε5

123 657 203 728 τῷ
232 649 520 727 Ἀπφιανῷ
563 652 795 724 σμικρὰν
823 658 901 726 τῷ
931 651 1114 726 χρόνῳ
1154 652 1392 725 ὕστερον
1421 651 1731 725 ὑπομείνας

123 731 151 792 ὁ
185 735 278 808 μὴ,
303 735 480 808 μόνον
521 734 699 791 αὐτοῦ
739 711 878 792 κατά
908 735 1078 806 θεὸν,
1120 737 1213 791 καὶ
1254 736 1461 808 σώματι
1502 738 1564 793 δὲ
1594 733 1730 810 ὁμο-

123 819 348 892 πάτριος
388 818 639 890 άδελφός
675 823 961 890 Αἰδέσιος,
1001 817 1135 892 μετὰ
1175 826 1379 892 μυρίας
1421 820 1554 887 ὅσας
1594 817 1731 893 ὁμο-

126 912 316 976 λογίας
355 904 449 959 καὶ
479 910 890 976 πολυχρονίους
922 906 1144 975 δεσμῶν
1175 903 1440 968 κακώσεις
1470 902 1732 976 ἡγεμονι-

126 988 228 1054 κάς
257 1011 314 1044 τε
347 986 681 1060 ἀποφάσεις,
717 990 777 1044 ἐν
801 985 887 1053 αἶς
917 1000 1033 1053 τοῖς
1063 986 1200 1043 κατά
1225 994 1605 1059 Παλαιστίνην
1635 990 1725 1045 δέ·

130 1077 285 1130 δοται
314 1071 634 1145 μετάλλοις,
667 1073 760 1128 καὶ
782 1072 918 1145 μετά
943 1071 1047 1143 τὴν
1073 1074 1133 1127 ἐν
1156 1077 1290 1128 πᾶσι
1317 1071 1538 1138 τούτοις
1569 1073 1726 1144 φιλό-

128 1174 306 1230 σοφον
339 1159 401 1213 ἐν
430 1162 702 1230 τρίβωνος
744 1157 978 1229 σχήματι
1018 1154 1278 1227 ἀγωγὴν,
1322 1155 1438 1227 (καὶ
1478 1155 1585 1229 γάρ
1625 1151 1733 1213 οὖν

124 1237 301 1306 αὐτὸς
341 1242 513 1297 πλέον
551 1246 648 1311 τῆς
688 1247 790 1297 τοῦ
830 1239 1079 1312 ἀδελφοῦ
1119 1245 1372 1304 παιδειάς
1402 1243 1732 1312 κεκτημένος

125 1326 216 1382 καὶ
249 1324 359 1381 ἀπὸ
391 1325 740 1397 μαθημάτων
770 1324 1096 1396 φιλοσόφων
1129 1319 1405 1397 ὁρμᾶτο),
1459 1328 1507 1380 3.
1538 1332 1731 1381 τελευ-

123 1415 240 1466 τῶν
271 1414 410 1481 δῆτα
456 1410 545 1465 ἐπὶ
580 1414 677 1480 τῆς
714 1407 1121 1478 Ἀλεξανδρέων
1151 1409 1364 1474 πόλεως
1394 1407 1496 1464 τὸν
1526 1404 1731 1465 αὐτόθι

125 1493 372 1551 συνιδών
415 1493 683 1565 δικαστὴν
726 1502 1080 1567 Χριστιανοῖς
1122 1493 1439 1562 δικάζοντα,
1492 1494 1633 1564 πέρα
1673 1515 1733 1549 τε

125 1581 241 1635 τῶν
271 1577 674 1651 προσηκόντων
700 1580 1172 1651 ἐμπαροινοῦντα,
1203 1578 1296 1633 καὶ
1319 1576 1441 1633 τοτὲ
1470 1577 1575 1648 μὲν
1598 1594 1732 1649 σεμ-

130 1676 252 1728 νοῖς
284 1661 524 1735 ἀνδράσι
555 1668 818 1728 ποικίλως
852 1665 1238 1733 ἐνυβρίζοντα,
1281 1661 1404 1717 τοτὲ
1435 1661 1497 1716 δὲ
1528 1673 1731 1731 γυναῖ-

125 1770 226 1814 κας
269 1746 640 1820 σωφροσύνης
681 1751 778 1818 τῆς
820 1745 1086 1803 ἀνωτάτω
1137 1747 1232 1801 καὶ
1273 1743 1733 1818 αὐτοπαρθένους

1756 1009 1797 1040 10

1755 1426 1798 1458 15

125 1830 429 1903 ἄσκητρίας
482 1836 560 1897 εἰς
604 1831 834 1905 αἰσχρὰς
874 1830 1064 1902 ὕβρεις
1104 1828 1508 1903 πορνοτρόφοις
1548 1851 1729 1902 παρα-
1753 1847 1797 1879 20

127 1915 394 1986 διδόντα,
447 1914 654 1971 ταυτὸν
709 1914 1026 1988 ἐγχειρήσας
1081 1918 1159 1989 τῷ
1214 1913 1473 1988 ἀδελφῷ,
1527 1913 1611 1969 ὅτι
1663 1911 1731 1983 δὴ

129 1997 386 2073 άφόρητα
427 1998 568 2056 εἶναι
612 1997 766 2075 αὐτῷ
796 1999 863 2055 τὰ
895 1998 1162 2071 γινόμενα
1194 1998 1400 2068 ἐδόκει,
1444 1997 1730 2102 παραστη-

128 2108 254 2158 ματι
296 2085 596 2160 θαρσαλέῳ
641 2083 921 2156 πρόσεισι,
963 2083 1147 2153 λόγοις
1189 2106 1258 2138 τε
1289 2082 1381 2138 καὶ
1424 2086 1606 2153 ἔργοις
1635 2080 1733 2137 τὸν

126 2168 392 2240 δικαστὴν
423 2168 664 2241 αἰσχύνη
699 2169 790 2224 καὶ
821 2167 1010 2241 ατιμία
1041 2166 1385 2239 περιβαλων,
1428 2162 1567 2222 κάπὶ
1596 2164 1727 2221 τού-

125 2275 236 2318 τοις
266 2258 546 2326 καρτερῶς
587 2256 650 2310 εὐ
691 2252 839 2325 μάλα
869 2252 1134 2324 βασάνων
1165 2249 1553 2321 πολυτρόπους
1583 2270 1727 2305 υπο·
1752 2263 1794 2295 2⁵

126 2343 319 2410 μείνας
359 2342 574 2409 αἰκίας,
617 2336 722 2410 τὴν
752 2335 1060 2409 ἀδελφικὴν
1091 2334 1442 2407 ἀπηνέγκατο
1483 2333 1732 2405 θαλάττῃ

128 2421 471 2494 παραδοθεὶς
520 2421 802 2493 τελευτήν.
885 2418 1028 2477 cmo}
1079 2419 1146 2477 τά
1187 2420 1290 2492 μὲν
1331 2417 1469 2474 κατά
1512 2423 1731 2487 τοῦτον,

130 2500 204 2571 ὥς
236 2503 290 2561 δ’
325 2499 431 2562 οὖν
466 2511 638 2578 ἔφην,
680 2505 912 2579 σμικρὸν
953 2509 1055 2561 τοῦ
1086 2504 1294 2578 χρόνου
1326 2502 1566 2572 ὕστερον
1597 2505 1729 2557 τοῦ-

127 2612 226 2646 τον
261 2589 502 2662 ἐγενήθη
532 2589 634 2646 τὸν
663 2590 888 2663 τρόπον.

256 2686 336 2734 Vl.
406 2674 658 2750 Τετάρτω
698 2697 763 2746 γε
792 2673 904 2747 μὴν
934 2678 1035 2729 τοῦ
1066 2670 1200 2728 καθ’
1235 2669 1395 2743 ἡμων
1426 2675 1532 2726 ἔτει
1562 2673 1797 2737 διωγ-30

128 2762 267 2830 μοῦ,
300 2757 405 2830 πρὸ
437 2758 657 2816 δώδεκα
686 2762 1002 2815 Καλανδῶν
1035 2761 1426 2829 Δεκεμβρίων,
1458 2751 1494 2824 ἣ
1523 2748 1728 2823 γένοιτ’

133 2839 205 2898 άν
243 2842 416 2914 μηνὸς
459 2849 617 2906 Λίου
651 2843 855 2913 εἰκάδι,
899 2840 1291 2914 προσαββάτου
1333 2834 1542 2911 ἡμέρα,
1589 2856 1724 2889 κατα
