1986 3152
589 100 746 141 HIST.
779 100 1029 144 ECCLES.
1064 101 1164 141 v11.
1199 104 1265 143 30.
1619 99 1725 152 335

115 211 389 288 “κρίνειν’
426 221 469 272 7.
505 213 631 274 οὐδ’
665 213 749 273 ὅτι
779 216 1048 290 πρότερον
1077 220 1246 289 πένης
1272 213 1352 274 ὢν
1371 219 1462 274 καὶ
1491 216 1720 291 πτωχὸς,

113 298 241 399 εἶκαὶ
271 298 407 374 μήτε
447 300 595 373 παρὰ
635 303 912 407 πατέρων
928 300 1268 374 παραλαβων
1309 307 1587 375 μηδεμίαν
1629 302 1722 360 εῦ-

113 378 370 484 ἶπορίαν,
410 383 546 458 μήτε
578 389 637 442 ἐκ
667 388 859 458 τέχνης
889 383 924 458 ἥ
955 410 1101 452 τινος
1134 384 1564 458 ἐπιτηδεύματος
1595 411 1720 460 κτη-

111 463 411 572 ἶσαμενος,
453 474 559 527 νῦν
591 476 668 535 εἰς
698 468 1120 542 ὑπερβαλλοντα
1161 473 1402 527 πλοῦτον
1434 470 1718 543 ἐλήλακεν,

111 547 202 622 ’Ἓξ
234 552 481 627 ἆνομιῶν
522 556 613 611 καὶ
657 559 983 626 ἱεροσυλιῶν
1023 556 1114 611 καὶ
1158 578 1238 612 ων
1279 561 1424 612 αἰτεῖ
1461 556 1553 612 καὶ
1586 562 1764 614 σείει5

109 632 274 705 ’ςτούς
305 635 611 711 ἀδελφούς,
656 637 1092 710 καταβραβεύων
1131 639 1260 704 τοὺς
1300 636 1720 712 ἀδικουμένους,

108 719 239 780 “uoci
279 718 719 795 ὑπισχνούμενος
760 721 1070 794 βοηθήσειν
1108 729 1339 795 μισθοῦ,
1379 721 1722 796 ψευδόμενος

109 802 211 864 ετδὲ
241 809 332 864 καὶ
362 805 610 877 τούτους,
643 807 735 862 καὶ
765 805 943 878 μάτην
974 804 1358 879 καρπούμενος
1387 806 1488 878 τὴν
1518 810 1629 864 τῶν
1662 811 1722 864 ἐν

110 885 460 964 ((πράγμασιν
489 887 668 947 ὅντων
708 889 1026 962 ἑτοιμότητα
1066 888 1202 964 πρὸς
1232 891 1292 947 τὸ
1327 889 1544 948 διδόναι
1575 887 1718 961 ὑπὲρ

108 969 465 1046 “ἆπαλλαγῆς
506 977 619 1031 τῶν
662 972 1068 1047 ἐνοχλούντων,
1109 973 1380 1047 πορισμὸν
1410 970 1716 1047 ἡγούμενος
1739 1003 1781 1033 10

107 1053 244 1131 “τὴν
272 1060 627 1130 θεοσέβειαν·
669 1063 715 1116 8.
749 1056 880 1116 οῦτε
913 1056 985 1125 ὡς
1005 1057 1395 1133 ὑψηλοφρονεῖ
1431 1061 1522 1116 καὶ
1553 1057 1721 1132 ὑπερ-

108 1138 303 1216 (εῆρται
334 1141 567 1215 κοσμικά
608 1140 886 1215 ἀξιώματα
925 1141 1339 1216 ὑποδυόμενος,
1386 1146 1478 1200 καὶ
1522 1149 1721 1216 δουκη-

106 1223 333 1302 “νάριος
371 1230 582 1300 μᾶλλον
621 1224 654 1299 ἢ
702 1230 996 1294 ἐπίσκοπος
1035 1228 1223 1285 θέλων
1263 1236 1586 1299 καλεῖσθαι,
1629 1230 1721 1284 καὶ

104 1309 332 1384 “σοβῶν
374 1310 508 1368 κατὰ
561 1310 657 1378 τὰς
699 1308 932 1386 ἀγορὰς,
981 1313 1073 1369 καὶ
1115 1312 1402 1378 ἐπιστολὰς
1447 1308 1718 1384 ἀναγινώ-

105 1391 295 1454 “σκων
335 1398 428 1453 καὶ
468 1394 871 1469 ὑπαγορεύων,
912 1393 1023 1469 ἅμα
1064 1401 1306 1468 βαδίζων
1348 1402 1584 1471 δημοσίᾳ
1626 1398 1717 1452 καὶ
1743 1420 1784 1453 15

105 1475 660 1555 “δορυφορου’μενος,
693 1486 803 1537 τῶν
833 1481 936 1553 μὲν
965 1483 1483 1554 προπορευομένων,
1515 1483 1627 1537 τῶν
1659 1481 1721 1537 δὲ

108 1559 511 1638 “ἐφεπομένων
553 1568 775 1622 πολλῶν
812 1565 910 1622 τὸν
939 1561 1213 1638 ἀριθμὸν,
1257 1563 1330 1632 ὡς
1360 1566 1453 1622 καὶ
1493 1564 1596 1636 τὴν
1628 1571 1721 1621 πί-

106 1644 268 1708 “στιν
311 1659 658 1722 φθονεῖσθαι
698 1651 790 1706 καὶ
829 1659 1116 1722 μισεῖσθαι
1159 1648 1250 1706 διὰ
1288 1647 1385 1707 τὸν
1425 1646 1593 1721 ὄγκον
1623 1645 1719 1706 αῦ-

104 1728 243 1792 “τοῦ
272 1736 363 1791 καὶ
394 1731 495 1806 τὴν
524 1732 918 1807 ὑπερηφανίαν
946 1737 1042 1806 τῆς
1074 1739 1327 1804 καρδίας·
1371 1739 1418 1791 9.
1461 1730 1590 1790 οὔτε
1618 1731 1721 1805 τὴν

103 1813 207 1919 :gv
235 1832 355 1885 ταῖς
388 1821 863 1890 ἐκκλησιαστικαῖς
894 1817 1154 1885 συνόδοις
1179 1824 1486 1892 τερατείαν,
1519 1813 1591 1890 ἢν
1619 1842 1716 1919 μη·
1741 1843 1783 1875 20

103 1897 372 2005 ἶχανᾶται
425 1905 742 1970 δοξοκοπων
793 1904 884 1959 καὶ
936 1921 1429 1976 φαντασιοκοπων,
1482 1903 1572 1958 καὶ
1625 1900 1720 1967 τὰς

104 1982 252 2044 “των
282 1984 686 2059 ἆκεραιοτέρων
716 1985 895 2061 ψυχας
925 2000 1038 2054 τοῖς
1076 1985 1340 2053 τοιούτοις
1382 1984 1718 2058 ἐκπλήττων,

105 2066 292 2171 ἶβῆμα
321 2095 424 2145 μεν
452 2072 546 2128 καὶ
576 2070 790 2146 θρόνον
823 2069 1042 2145 ὑψηλὸν
1082 2074 1261 2148 ἑαυτῷ
1303 2069 1719 2128 κατασκευασά-

103 2150 331 2259 Ξμενος,
385 2152 486 2229 οῦχ
538 2179 614 2222 ως
653 2159 907 2256 Χριστοῦ
957 2155 1242 2229 μαθητὴς,
1306 2153 1582 2229 σήκρητον
1637 2155 1718 2225 δε,

103 2237 329 2341 Ξῶσπερ
369 2244 424 2298 οἱ
461 2243 564 2298 τοῦ
601 2238 812 2314 κόσμου
852 2237 1144 2315 ἄρχοντες,
1187 2247 1328 2313 ε’χων
1367 2262 1426 2296 τε
1464 2241 1558 2296 καὶ
1596 2237 1718 2296 ὀνο·
1738 2263 1779 2296 25

105 2319 355 2397 “μαζων,
395 2330 579 2382 παίων
607 2347 667 2381 τε
706 2348 773 2398 τη
815 2326 958 2399 χειρὶ
987 2349 1085 2382 τον
1114 2323 1312 2398 μηρὸν,
1355 2325 1446 2381 καὶ
1478 2321 1537 2381 τὸ
1569 2329 1719 2396 βῆμα

105 2404 393 2481 “ἆροέττων
443 2422 557 2474 τοῖς
607 2411 767 2481 ποσὶ,
822 2411 914 2466 καὶ
967 2423 1082 2476 τοῖς
1124 2409 1199 2482 μὴ
1247 2411 1535 2467 ἐπαινοῦσι
1579 2408 1719 2507 μηδε

105 2487 328 2565 “ὡ’σπερ
374 2495 433 2549 ἐν
473 2505 586 2559 τοῖς
627 2491 884 2566 θεατροις
929 2499 1284 2551 κατασείουσι
1328 2504 1448 2559 ταῖς
1490 2488 1718 2559 ὀθόναις

103 2576 280 2680 ἱζμηδ’
310 2579 550 2648 ἐκβοωσί
575 2599 635 2634 τε
666 2579 756 2634 καὶ
799 2574 1127 2650 ἆναπηδωσι
1166 2601 1304 2636 κατα
1333 2575 1399 2635 τὰ
1437 2574 1576 2634 αὐτα
1606 2589 1718 2641 τοῖς

104 2656 280 2735 “ἇμφ’
324 2660 499 2720 αὐτὸν
541 2660 868 2728 στασιώταις
913 2659 1152 2735 ἆνδρασι
1203 2684 1262 2720 τε
1307 2663 1398 2719 καὶ
1440 2666 1782 2764 ςγυναίοις,3ο

105 2740 168 2765 (θ’
228 2746 277 2804 Ισ

141 2770 239 2805 ακο
244 2764 392 2821 σμως
443 2743 617 2814 οὕτως
668 2742 1067 2820 ἀκροωμένοις,
1117 2758 1234 2813 τοῖς
1286 2744 1338 2803 δ’
1389 2736 1494 2803 οῦν
1539 2767 1612 2808 ως
1658 2745 1718 2799 ἐν

104 2824 278 2888 “οἵκω
321 2834 460 2890 θεοῦ
506 2849 900 2905 σεμνοπρεπως
951 2833 1042 2889 καὶ
1089 2829 1365 2896 εὐτακτως
1416 2825 1719 2885 ἀκούουσιν
