1986 3152
567 86 722 126 HIST.
755 83 1004 128 ECCLES.
1034 86 1112 127 VI.
1149 87 1214 125 10.
1251 88 1314 125 11.
1637 84 1741 136 253

260 215 341 263 ΧΙ.
420 203 530 258 Καὶ
585 200 652 274 δὴ
693 197 896 274 μηκέθ’
939 207 1061 259 οἴου
1102 225 1160 259 τε
1201 199 1358 269 ὄντος
1400 210 1743 277 λειτουργεῖν

132 287 230 345 διὰ
261 285 499 360 λιπαρὸν
529 292 729 359 γῆρας,
762 285 858 342 τὸν
891 289 1181 360 εἰρημένον
1200 285 1590 360 Ἀλέξανδρον,
1624 289 1745 343 ἐπί-

128 390 342 429 σκοπον
373 371 558 445 ἑτέρας
588 369 908 443 ὑπάρχοντα
938 376 1257 446 παροικίας,
1289 377 1575 445 οἰκονομία
1604 373 1746 429 θεοῦ

139 458 225 513 ἐπὶ
256 455 358 530 τὴν
388 452 498 528 ἅμα
529 459 603 533 τῷ
636 459 939 531 Ναρκίσσῳ
971 461 1322 527 λειτουργίαν
1354 454 1563 527 ἐκάλει,
1607 455 1744 512 κατὰ

133 537 489 608 ἀποκάλυψιν
539 539 757 612 νύκτωρ
809 536 958 615 αὐτῷ
1012 536 1088 596 δι’
1139 535 1406 612 ὁράματος
1451 554 1741 612 φανεῖσαν.
1768 559 1789 592 5

136 630 183 681 2.
216 623 389 699 ταύτῃ
424 620 476 680 δ’
508 619 612 681 οὖν
643 620 716 690 ὥς
747 622 883 680 κατά
914 647 964 679 τι
995 622 1338 695 θεοπρόπιον
1371 627 1430 681 ἐκ
1459 628 1553 697 τῆς
1584 633 1748 682 Καπ-

137 712 402 765 παδοκῶν
432 714 553 779 γῆς,
586 714 729 764 ἔνθα
760 704 819 763 τὸ
844 709 1064 779 πρῶτον
1086 711 1183 779 τῆς
1209 709 1506 780 ἐπισκοπῆς
1530 707 1744 781 ἠξίωτο,

135 790 237 863 τὴν
267 796 499 865 πορείαν
532 793 620 848 ἐπὶ
652 791 717 847 τὰ
742 787 1091 864 Ἱεροσόλυμα
1124 790 1288 863 εὐχῆς
1312 793 1404 847 καὶ
1427 795 1539 848 τῶν
1567 791 1748 849 τόπων

138 882 378 949 ἱστορίας
411 878 603 933 ἕνεκεν
633 875 1002 948 πεποιημένον
1033 877 1511 948 φιλοφρονέστατα
1542 881 1599 932 οἱ
1617 881 1749 950 τῇδε

134 957 511 1032 ὑπολαβόντες
561 958 743 1016 οὐκέτ’
787 964 981 1017 οἴκαδε
1030 967 1387 1017 παλινοστεῖν
1439 961 1588 1036 αὐτῷ
1631 965 1746 1016 ἐπι-
1774 977 1813 1008 10

139 1047 421 1118 τρέπουσι,
448 1041 580 1102 καθ’
609 1047 803 1119 ἑτέραν
826 1040 1181 1113 ἀποκάλυψιν
1206 1046 1296 1100 καὶ
1321 1041 1509 1111 αὐτοῖς
1533 1045 1750 1118 νύκτωρ

137 1128 447 1202 ὀφθεῖσαν,
488 1134 623 1202 μίαν
663 1153 721 1186 τε
761 1128 958 1202 φωνὴν
990 1127 1343 1201 σαφεστάτην
1372 1143 1484 1196 τοῖς
1514 1127 1751 1201 μάλιστα

139 1210 325 1271 αὐτῶν
356 1219 681 1280 σπουδαίοις
710 1212 1019 1287 χρήσασαν·
1077 1212 1280 1286 ἐδήλου
1310 1212 1415 1286 γὰρ
1447 1212 1751 1287 προελθόν-

139 1323 235 1365 τας
289 1301 390 1366 ἔξω
441 1302 635 1355 πυλῶν
683 1297 780 1355 τὸν
827 1300 885 1354 ἐκ
924 1299 1067 1353 θεοῦ
1106 1299 1523 1370 προωρισμένον
1563 1294 1752 1364 αὐτοῖς

143 1386 443 1439 ἐπίσκοπον
481 1378 877 1450 ὑποδέξασθαι.
961 1385 1120 1438 τοῦτο
1164 1383 1224 1438 δὲ
1275 1380 1579 1452 πράξαντες
1618 1380 1752 1454 μετὰ
1776 1399 1815 1431 15

141 1470 330 1539 κοινῆς
368 1469 480 1524 τῶν
523 1465 867 1538 ἐπισκόπων,
909 1473 965 1524 οἳ
1003 1464 1097 1532 τὰς
1127 1470 1281 1539 πέριξ
1317 1471 1532 1523 διεῖπον
1565 1469 1753 1539 ἐκκλη-

141 1557 283 1624 σίας,
316 1550 536 1623 γνώμης
570 1549 872 1623 ἐπάναγκες
905 1547 1075 1608 αὐτὸν
1096 1552 1436 1623 παραμένειν
1459 1548 1751 1623 βιάζονται.

142 1641 190 1692 3.
224 1634 558 1708 μνημονεύει
583 1638 647 1707 γε’
666 1659 747 1692 τοι
772 1638 862 1692 καὶ
887 1632 1050 1701 αὐτὸς
1073 1631 1101 1691 ὁ
1123 1633 1477 1709 Ἀλέξανδρος
1503 1638 1562 1692 ἐν
1590 1641 1755 1701 ἰδίαις

147 1723 455 1786 ἐπιστολαῖς
507 1733 626 1786 ταῖς
680 1717 814 1793 πρὸς
850 1718 1216 1786 Ἀντινοείτας
1265 1721 1429 1777 εἰσέτι
1473 1723 1580 1776 νῦν
1619 1717 1750 1793 παρ’

144 1801 278 1876 ἡμῖν
310 1805 638 1878 σωζομέναις
662 1807 757 1876 τῆς
786 1812 1110 1877 Ναρκίσσου
1136 1802 1241 1861 σὺν
1265 1801 1414 1879 αὐτῷ
1438 1808 1754 1877 προεδρίας,
1778 1821 1820 1852 20

145 1892 318 1945 ταῦτα
367 1882 504 1945 κατὰ
557 1890 836 1957 λέξινέπὶ
878 1890 1019 1945 τέλει
1061 1886 1294 1962 γράφων
1334 1892 1429 1960 τῆς
1473 1890 1759 1960 ἐπιστολῆς

140 1969 474 2041 “ἆσπάζεται
504 1968 648 2046 ὑμᾶς
681 1971 1027 2046 Νάρκισσος,
1060 1968 1088 2028 ὁ
1120 1972 1225 2046 πρὸ
1258 1975 1391 2046 ἐμοῦ
1424 1975 1630 2029 διέπων
1660 1971 1760 2028 τὸν

142 2053 351 2115 “τόπον
380 2064 475 2129 τῆς
509 2061 808 2130 ἐπισκοπῆς
839 2056 935 2116 τὸν
967 2055 1190 2130 ἐνθάδε,
1223 2059 1315 2114 καὶ
1343 2060 1448 2114 νῦν
1473 2059 1759 2124 συνεξετα-

141 2138 400 2214 ((ζόμενός
430 2167 522 2215 μοι
556 2141 646 2198 διὰ
677 2148 788 2200 τῶν
821 2142 1020 2216 εὐχῶν,
1056 2140 1251 2199 ἑκατὸν
1283 2142 1473 2210 δεκαὲξ
1507 2147 1598 2213 ἔτη
1629 2139 1761 2213 ἠνυ-

143 2221 316 2298 “κώς,
369 2229 706 2300 παρακαλῶν
749 2223 891 2300 ὑμᾶς
931 2223 1131 2300 ὁμοίως
1174 2229 1291 2299 ἐμοὶ
1332 2222 1756 2299 ὁμοφρονῆσαι.”
1783 2241 1824 2272 25

151 2315 199 2365 4.
234 2312 326 2366 καὶ
357 2314 529 2368 ταῦτα
558 2312 660 2384 μὲν
690 2309 865 2378 οὕτως
891 2312 1014 2384 εἶχε.
1076 2317 1170 2383 τῆς
1197 2307 1404 2368 δὲ>κατ’
1424 2309 1764 2383 Ἀντιόχειαν

155 2399 444 2466 ἐκκλησίας
480 2401 848 2468 Σαραπίωνος
888 2395 1360 2469 ἀναπαυσαμένου
1399 2393 1502 2468 τὴν
1543 2397 1763 2451 ἐπισκο-

154 2477 266 2549 πὴν
327 2482 632 2552 διαδέχεται
684 2477 1113 2553 Ἀσκληπιάδης,
1178 2483 1238 2537 ἐν
1295 2492 1415 2546 ταῖς
1474 2478 1611 2536 κατὰ
1669 2477 1765 2534 τὸν

158 2563 399 2635 διωγμὸν
428 2561 742 2636 ὁμολογίαις
776 2567 1083 2637 διαπρέψας
1114 2566 1205 2620 καὶ
1236 2561 1418 2631 αὐτός.
1481 2567 1528 2620 5.
1558 2564 1766 2635 μέμνη-

155 2671 244 2703 ται
276 2650 368 2704 καὶ
399 2652 494 2719 τῆς
526 2647 726 2705 τούτου
756 2646 1138 2716 καταστάσεως
1163 2644 1537 2721 Ἀλέξανδρος,
1565 2644 1764 2704 Ἀντιο-
1789 2662 1828 2693 30

157 2734 312 2803 χεῦσι
343 2730 577 2806 γράφων
608 2725 718 2789 ὦδε
740 2731 1158 2805 “Ἀλέξανδρος,
1195 2736 1390 2799 δοῦλος
1422 2734 1511 2788 καὶ
1545 2733 1764 2802 δέσμιος

151 2810 206 2834 (θ’

205 2819 378 2887 Ιησοῦ
407 2819 663 2889 Χριστοῦ,
697 2820 763 2890 τῇ
794 2823 1037 2893 μακαρίᾳ
1070 2821 1329 2892 ἐκκλησία
1353 2815 1675 2887 Ἀντιοχέων
1708 2816 1767 2870 ἐν
