2032 3174
606 107 763 162 ffls'T.
795 119 1043 161 ECCLES.
1074 122 1111 160 1.
1145 124 1183 162 3.
1648 120 1713 172 15

103 239 199 294 καὶ
226 239 492 308 πατρικῆς
526 234 787 308 θεότητος
816 233 1128 337 ἀπειλήφει.
1194 232 1225 292 ὃ
1255 237 1346 292 καὶ
1379 233 1512 293 αὐτὸ
1543 234 1711 293 πάλιν

63 313 323 387 Ἠσαίας
356 318 635 393 διδάσκει,
678 316 831 377 ῶσόιν
862 323 916 387 ἐξ
957 317 1130 377 αὐτοῦ
1161 324 1401 391 Χριστοῦ
1447 311 1560 377 ῶδέ
1595 343 1711 388 πως

103 400 415 478 άναβοῶν“
416 410 640 478 πνεῦμα
671 412 868 477 κυρίου
903 402 985 460 ἐπ’
1025 405 1144 477 ἐμὲ,
1188 405 1254 461 οὐ
1286 408 1498 462 εἵνεκεν
1529 407 1715 478 ἔχρισέ

102 514 196 563 με,
230 488 699 562 εὐαγγελίσασθαι
729 501 964 560 πτωχοῖς
994 484 1306 546 άπέσταλκέ
1340 513 1436 562 με,
1479 491 1711 561 κηρῦξαι

103 574 463 648 αἰχμαλωτοις
493 571 695 646 ἄφεσιν
725 574 819 629 καὶ
847 579 1077 644 τυφλοῖς
1101 569 1466 644 άνάβλεψινῨ
1511 577 1589 630 14.
1618 576 1709 629 καὶ
1732 596 1753 629 5

103 682 171 716 ου
201 657 367 732 μόνος
396 680 462 758 γε
485 653 738 728 Ἡσαΐας,
779 654 937 712 ἀλλὰ
959 658 1050 712 καὶ
1084 659 1276 728 Δαβὶδ
1319 663 1397 723 εἰς
1436 655 1494 714 τὸ
1538 654 1711 714 αὐτοῦ

102 742 400 815 πρόσωπον
429 738 720 814 άναφωνεῑ
746 739 958 812 λέγων
964 737 1010 796 6
1044 741 1250 814 θρόνος
1274 760 1407 813 σου,
1439 739 1598 813 θεὸς,
1633 747 1710 808 εἰς

100 827 196 883 τὸν
226 830 402 883 αἰῶνα
443 829 541 882 τοῦ
582 827 811 897 αἰῶνος,
855 823 1061 898 ῥάβδος
1102 820 1407 897 εὐθύτητος
1437 821 1470 897 ἡ
1504 824 1710 898 ῥάβδος

99 915 505 983 τῆς-βασιλείας
536 927 653 966 σου.
726 907 1027 982 ἠγάπησας
1056 908 1420 981 δικαιοσύνην
1459 911 1551 965 καὶ
1594 913 1712 982 ἐμί-

54 1043 58 1046 .
101 1013 270 1068 σησας
309 993 572 1067 ἀνομίαν·
630 991 722 1050 διὰ
763 999 922 1051 τοῦτο
962 998 1144 1067 ἕχρισέ
1183 1012 1245 1051 σε
1284 991 1312 1051 6
1344 992 1476 1061 θεὸς
1517 989 1708 1061 ὁθεός
1732 1019 1772 1050 10

100 1085 427 1136 σουὲλαιον
465 1076 840 1150 ἀγαλλιάσεως
881 1077 1029 1151 παρά
1067 1076 1195 1146 τοὺς
1239 1076 1501 1151 μετόχους
1546 1076 1705 1135 σου,”

102 1166 160 1221 ἐν
189 1159 272 1230 οἷς
301 1162 329 1220 6
361 1161 521 1235 λόγος
561 1165 622 1220 ἐν
655 1163 764 1236 ’μὲν
792 1161 870 1240 τῷ
909 1160 1107 1239 πρῶτῳ
1149 1170 1317 1240 στίχῳ
1359 1162 1497 1220 θεὸν
1539 1161 1710 1220 αὐτὸν

101 1250 439 1321 ἐπιφημίζει,
493 1249 553 1305 ἐν
608 1247 669 1303 δὲ
719 1250 796 1323 τῷ
843 1249 1086 1323 δευτέρῳ
1130 1246 1392 1324 σκήπτρῳ
1441 1252 1708 1322 βασιλικῷ

100 1337 246 1407 τιμᾷ,
288 1337 368 1387 15.
396 1329 504 1388 εἷθ’
537 1333 673 1402 ἑξῆς
689 1327 903 1402 ὑποβὰς
927 1329 1063 1405 μετὰ
1085 1330 1186 1403 τὴν
1210 1338 1411 1389 ἔνθεον
1435 1333 1526 1388 καὶ
1553 1338 1709 1403 βασι-

101 1413 262 1487 λικὴν
293 1413 532 1488 δύναμιν
570 1421 727 1488 τρίτῃ
770 1414 917 1482 τάξει
950 1415 1192 1488 Χριστὸν
1232 1414 1402 1472 αὐτὸν
1441 1415 1707 1488 γεγονότα
1732 1442 1772 1474 15

103 1503 295 1575 ἐλαίῳ,
328 1496 394 1556 οὐ
422 1499 503 1574 τῷ
532 1502 585 1567 ἐξ
615 1496 751 1571 ὕλης
781 1497 1081 1573 σωμάτων,
1125 1499 1265 1556 ἀλλὰ
1294 1503 1368 1575 τῷ
1403 1502 1581 1574 ἐνθέῳ
1612 1504 1708 1572 τῆς

98 1582 471 1656 ἀγαλλιάσεως
493 1579 825 1656 ἠλειμμένον
848 1591 1164 1656 παρίστησι,
1196 1581 1340 1656 παρὰ
1362 1586 1453 1640 καὶ
1477 1582 1537 1640 τὸ
1564 1587 1711 1652 ἐξαί-

99 1690 259 1738 ρετον
308 1663 482 1724 αὐτοῦ
520 1669 611 1724 καὶ
665 1666 808 1724 πολὺ
860 1681 1110 1741 κρεῖττον
1150 1670 1242 1724 καὶ
1285 1666 1556 1741 διάφορον
1596 1670 1708 1724 τῶν

32 1762 35 1763 ’
99 1750 267 1810 πάλαι
300 1750 393 1817 διὰ
421 1748 799 1808 τῶνείκόνων
831 1750 1287 1825 σ’ωματικῶτερον
1331 1753 1707 1825 κεχρισμένων

97 1832 476 1910 υποσημαίνει.
552 1840 646 1892 16.
667 1838 759 1892 και
799 1834 1041 1910 ἀλλαχοῦ
1085 1837 1145 1893 δε
1185 1832 1213 1893 6
1244 1836 1409 1903 αὐτὸς
1451 1827 1566 1892 ῶδέ
1590 1859 1705 1902 πως
1729 1862 1771 1894 20

99 1944 178 1977 τα
194 1923 338 1994 περὶ
348 1918 524 1977 αὐτοῦ
551 1925 717 1993 δηλοῖ
743 1919 975 1994 λέγων“
985 1919 1141 1978 εἶπεν
1170 1918 1198 1977 6
1221 1919 1410 1993 κύριος
1431 1924 1505 1996 τῷ
1530 1926 1706 2020 κυρίῳ

99 2027 240 2077 μους
259 2001 448 2062 κάθου
478 2008 551 2062 ε’κ-
570 2007 768 2073 δεξιῶν
797 2030 924 2078 μου,
958 2008 1060 2071 ε’ως
1089 2002 1162 2062 ἂν
1190 2008 1278 2062 θῶ
1309 2004 1442 2072 τούς
1470 2002 1708 2077 ἐχθρούς

100 2107 201 2146 σου
242 2084 550 2152 υποπόδιον
600 2094 715 2146 τῶν
765 2093 954 2147 ποδῶν
1006 2108 1127 2191 σου,
1138 2086 1167 2107 ”
1210 2091 1301 2146 καὶ
1334 2087 1434 2146 “ε’κ
1473 2088 1707 2162 γαστρὸς

98 2171 202 2246 πρὸ
243 2171 532 2246 ἑωσφόρον
571 2173 850 2247 ἐγέννησά
881 2192 958 2233 σε.
1042 2172 1222 2247 ῶμοσε
1271 2172 1457 2247 κύριος
1509 2174 1599 2229 καὶ
1640 2169 1707 2229 οὐ

97 2257 631 2330 μεταμεληθήσεται·
680 2277 750 2315 συ
790 2258 843 2316 εἶ
881 2258 1060 2333 ἱερεὺς
1102 2264 1180 2325 εἰς
1221 2256 1317 2316 τὸν
1361 2260 1538 2315 αἰῶνα
1569 2254 1706 2314 κατὰ
1727 2285 1768 2317 25

98 2339 199 2413 τὴν
234 2340 416 2409 τάξιν
426 2339 838 2416 Μελχισεδε’κ.”
908 2348 986 2408 17.
1018 2345 1178 2410 οὗτος
1220 2343 1282 2399 δε
1328 2341 1603 2414 εἰσάγεται
1644 2345 1705 2398 ἐν

98 2433 232 2490 τοῖς
230 2425 415 2514 ,ἱεροῖς
437 2419 634 2533 λόγοις
637 2426 681 2484 6
684 2427 1066 2500 ιΜελχισεδεκ,
1098 2432 1280 2501 ιερευς
1309 2430 1407 2484 τοῦ
1436 2431 1576 2484 θεου
1606 2428 1704 2482 τοῦ

101 2507 365 2580 ὑψίστου,
380 2505 520 2572 οὐκ
532 2513 613 2568 ἐν
612 2518 907 2588 &nevam-93
947 2520 1057 2569 τινι
1097 2518 1351 2587 χρίσματι
1381 2508 1703 2581 ἀναδεδειγ-

99 2595 288 2665 μένος,
320 2589 441 2650 ἀλλ’
465 2591 608 2652 ουδε
642 2600 876 2670 διαδοχῇ
904 2600 1102 2668 γένους
1141 2593 1454 2669 προσήκων
1469 2598 1536 2669 τῇ
1566 2591 1696 2650 καθ’

93 2672 381 2750 Εβραιόυς,
411 2677 701 2754 ἱερωσύνῃ.
732 2679 1006 2737 fiebam}
1035 2680 1138 2752 τὴν
1168 2677 1339 2737 αὐτοῦ
1370 2677 1541 2750 τάξιν,
1574 2675 1696 2733 ἀλλ’
1726 2704 1766 2735 3ο

111 2866 129 2882 ²
156 2871 236 2910 3
252 2856 506 2922 21·e{1.;-61‚51.
648 2874 694 2912 <7
719 2874 795 2917 Pe.
818 2874 872 2913 44
894 2871 1066 2925 (45),·7.
1212 2875 1263 2912 21
1297 2873 1371 2911 ΡΒ.
1398 2871 1477 2911 109
1501 2868 1634 2920 (110),
1662 2870 1698 2909 ι’.
