1986 3152
242 59 346 110 232
915 53 1159 94 EUSEBII

232 171 486 235 “Mdv-css
537 168 631 225 τὸν
675 165 872 241 μικρόν
915 191 1022 240 μου
1063 164 1369 238 ἄνθρωπον
1414 163 1851 238 συνηυδόκησαν

234 255 339 328 “τῇ
378 255 666 325 ἐπιστολῇ,
714 249 919 316 εἰδότες
960 248 1041 307 ὅτι
1083 253 1205 322 εἰκῆ
1245 247 1438 316 πολιὰς
1477 245 1579 305 οὐκ
1618 246 1844 323 ἤνεγκα,

234 334 408 393 “duda
441 339 500 393 ἐν
530 342 706 412 κυρίῳ
726 332 902 407 Ἰησοῦ
927 332 1161 392 πάντοτε
1185 328 1626 405 πεπολίτευμαι.”
1684 338 1730 390 9.
1757 336 1847 391 ἐπὶ

239 420 451 486 τούτοις
480 415 508 476 ὁ
540 420 641 492 μὲν
668 423 763 490 τῆς
780 413 1060 491 Ῥωμαίων
1083 414 1363 489 προεστώς
1386 423 1602 490 Βίκτωρ
1626 413 1852 491 ἀθρόως

197 527 216 557 5
240 509 332 579 τῆς
369 500 549 569 Ἀσίας
602 501 779 575 πάσης
823 499 932 575 ἅμα
977 517 1095 570 ταῖς
1134 498 1355 575 ὁμόροις
1399 505 1710 573 ἐκκλησίαις
1751 501 1852 568 τὰς
1916 492 1927 507 1

239 594 526 662 παροικίας
557 583 914 660 ἀποτέμνειν,
946 583 1097 644 ὦσαν
1131 583 1576 659 ἐτεροδοξούσας,
1607 589 1702 656 τῆς
1732 609 1852 642 κοι-

242 675 336 745 νῆς
379 670 627 737 ἑνώσεως
667 674 951 745 πειρᾶται,
996 673 1088 728 καὶ
1120 667 1426 744 στηλιτεύει
1455 692 1518 741 γε
1552 668 1644 726 διὰ
1673 693 1849 743 γραμ-

238 755 454 828 μάτων,
515 753 923 828 ἀκοινωνήτους
982 753 1190 822 πάντας
1249 752 1426 826 ἄρδην
1485 753 1612 821 τοὺς
1674 756 1853 812 ἐκεῖσε

239 837 634 912 ἀνακηρύττων
675 836 968 912 ἀδελφούς.
1048 845 1127 896 10.
1175 835 1302 896 ἀλλ’
1347 836 1414 895 οὐ
1456 841 1600 895 πᾶσί
1634 862 1697 909 γε
1735 850 1853 905 τοῖς

177 944 217 974 10
243 922 556 990 ἐπισκόποις
579 922 732 980 ταῦτ’
762 920 1038 996 ἠρέσκετο.
1085 921 1681 998 ἀντιπαρακελεύονται
1707 927 1853 995 δῆτα

240 1006 390 1083 αὐτῷ
441 1006 506 1064 τὰ
555 1010 649 1080 τῆς
701 1006 922 1081 εἰρήνης
968 1009 1060 1064 καὶ
1111 1014 1208 1082 τῆς
1258 1004 1395 1081 πρὸς
1445 1003 1575 1073 τούς
1613 1014 1851 1079 πλησίον

240 1089 487 1158 ἑνώσεώς
533 1114 605 1168 τε.
637 1093 729 1148 καὶ
770 1090 985 1164 ἀγάπης
1025 1105 1273 1164 φρονεῖν.
1351 1093 1615 1165 φέρονται
1659 1091 1718 1148 δὲ
1758 1092 1850 1148 καὶ

240 1180 301 1231 αί
327 1173 538 1233 τούτων
569 1177 773 1247 φωναὶ,
805 1175 1247 1284 πληκτικοότερον
1277 1177 1721 1246 καθαπτομένων
1750 1179 1853 1231 τοῦ

238 1265 513 1331 Βίκτορος.
580 1263 658 1316 11.
695 1262 754 1315 ἐν
793 1267 875 1325 οἱς
917 1262 1008 1316 καὶ
1047 1255 1077 1316 ὁ
1109 1267 1410 1335 Εἰρηναῖος
1452 1263 1512 1316 ἐκ
1550 1257 1854 1332 προσώπου

177 1364 217 1395 15
242 1367 319 1400 ων
373 1339 560 1415 ἡγεῖτο
614 1366 750 1400 κατα
791 1341 893 1415 τὴν
933 1349 1180 1402 Γαλλίαν
1230 1342 1493 1415 ἀδελφῶν
1544 1345 1856 1410 ἐπιστείλας

239 1434 566 1499 παρίσταται
615 1428 718 1500 μὲν
768 1433 843 1503 τῷ
888 1433 1010 1485 δεῖν
1055 1431 1114 1485 ἐν
1153 1428 1297 1502 μόνῃ
1342 1430 1412 1500 τῇ
1450 1431 1546 1500 τῆς
1588 1430 1853 1501 κυριακῆς

240 1507 414 1586 ἡμέρᾳ
456 1511 515 1568 τὸ
557 1514 653 1584 τῆς
692 1517 792 1570 τοῦ
831 1518 1032 1586 κυρίου
1075 1511 1429 1578 ἀναστάσεως
1475 1515 1858 1570 ἐπιτελεῖσθαι

238 1593 576 1667 μυστήριον,
620 1601 696 1672 τῷ
726 1621 790 1668 γε
819 1595 931 1669 μὴν
959 1604 1184 1671 Βίκτορι
1214 1595 1630 1671 προσηκόντως,
1673 1593 1746 1662 ὥς
1776 1594 1855 1669 μὴ
1932 1667 1939 1670 .

239 1675 544 1736 ἀποκόπτοι
588 1677 717 1747 ὅλας
751 1683 1039 1753 ἐκκλησίας
1071 1685 1240 1754 θεοῦ,
1286 1679 1520 1754 άρχαιόυ
1552 1688 1719 1748 ἔθους
1751 1703 1854 1737 πα-

178 1782 219 1814 :20
246 1762 480 1837 ράδοσιν
524 1764 914 1839 ἐπιτηρούσας,
956 1774 1189 1823 πλεῖστα
1229 1769 1388 1834 ἕτερα
1427 1780 1716 1839 παραινεῖ,
1759 1766 1852 1821 καὶ

239 1845 425 1913 αὐτοῖς
466 1845 670 1921 ῥήμασι
711 1848 843 1906 τάδε
887 1852 1160 1922 ἐπιλέγων
1204 1855 1282 1908 12.
1322 1845 1492 1906 ((ούδὲ
1532 1847 1637 1922 γάρ
1677 1847 1857 1922 μόνον

228 1926 395 2003 “περὶ
439 1935 533 2003 τῆς
574 1928 778 2006 ἡμέρας
823 1935 973 1990 ἐστὶν
1013 1930 1047 2006 ἡ
1089 1931 1525 2007 ἀμφισβήτησις,
1579 1931 1719 1991 ἀλλὰ
1759 1933 1852 1990 καὶ
1930 1981 1934 1986 .

231 2012 396 2086 “περὶ
442 2018 543 2071 τοῦ
587 2022 769 2083 εἴδους
815 2014 988 2074 αὐτοῦ
1028 2021 1123 2090 τῆς
1163 2024 1437 2092 νηστείας.
1509 2023 1568 2074 οἱ
1601 2018 1706 2089 μὲν
1745 2016 1855 2089 γὰρ
1927 2034 1934 2043 ’·

231 2096 478 2156 “οἴονται
519 2105 653 2171 μίαν
693 2096 905 2173 ἡμέραν
951 2106 1072 2160 δεῖν
1115 2098 1315 2169 αὐτοὺς
1347 2100 1663 2174 νηστεύειν,
1706 2105 1763 2158 οἱ
1789 2101 1853 2157 δὲ
1923 2143 1934 2147 κ

177 2200 218 2232 25
234 2177 403 2252 “Ov'o,
447 2185 503 2239 οἱ
541 2184 600 2240 δε
642 2186 735 2240 καὶ
764 2190 1049 2252 πλειῃονας
1091 2191 1149 2243 οι
1177 2186 1239 2243 δε
1267 2204 1675 2261 τεσσαρακοντα
1707 2183 1857 2257 ω’ρας

233 2261 306 2284 CC?

230 2265 538 2368 “ημερινάς
568 2290 627 2323 τε
659 2269 750 2324 καὶ
774 2268 1098 2369 νυκτερινὰς
1123 2273 1494 2343 συμμετροῦσι
1517 2294 1620 2368 την
1642 2268 1857 2376 ἡμέραν
1925 2275 1928 2278 ’

230 2347 471 2452 :Zabram
554 2355 632 2407 13.
676 2353 767 2409 καὶ
807 2351 1038 2459 τοιαύτη
1076 2378 1178 2427 μεν
1221 2362 1463 2412 ποικιλία
1509 2379 1622 2412 των
1666 2357 1847 2426 ἐπιτη-

234 2431 526 2537 ἶῖρούντων
556 2431 621 2492 ού
652 2442 761 2493 νῦν
792 2433 883 2509 ἐφ
916 2433 1074 2511 ἡμων
1102 2454 1384 2511 γεγονυῖα,
1416 2437 1554 2496 ἀλλα
1585 2439 1676 2495 καὶ
1707 2434 1855 2495 πολύ

234 2515 545 2592 “πρότερον
579 2522 667 2576 ἐπὶ
697 2545 810 2578 των
841 2521 945 2592 πρὸ
976 2517 1164 2596 ἡμων,
1197 2547 1308 2581 των
1338 2547 1485 2597 παρα
1515 2523 1574 2580 τὸ
1605 2518 1847 2594 ἀκριβὲς,

234 2599 312 2620 ‘e‘

178 2619 219 2651 30
276 2625 348 2668 ως
383 2602 546 2675 εἰκὸς,
587 2602 939 2676 κρατούντων
969 2605 1071 2678 τὴν
1101 2605 1232 2664 καθ’
1269 2603 1547 2680 ἁπλότητα
1576 2608 1667 2664 καὶ
1701 2609 1851 2662 ἰδιω-

353 2797 403 2836 21
438 2797 558 2840 Iren.
593 2797 754 2850 fragm.
787 2811 828 2851 p.
862 2801 943 2840 340
973 2800 1113 2842 Mass.
