1986 3152
654 115 810 158 HIST.
843 115 1092 159 ECCLES.
1124 118 1179 158 x.
1211 120 1249 162 5.
1662 118 1767 170 479

164 232 537 305 διοριζόμενοι,
563 231 646 287 ὅτι
676 231 745 304 δὴ
778 232 886 306 ἄρα
917 231 1093 304 ὀλίγοι
1123 234 1268 299 τινες
1298 232 1396 301 τὰς
1418 235 1643 308 γνῶμας
1673 237 1766 292 καὶ

158 317 255 384 τοὶς
286 313 589 390 ἀποφάσεις
625 317 842 373 ἑαυτῶν
876 317 1193 389 ἐξήνεγκαν,
1219 316 1254 391 ἢ
1279 320 1371 375 καὶ
1394 318 1468 392 μὴ
1492 319 1764 394 πρότερον

158 400 422 458 ἁπάντων
451 405 565 457 τῶν
596 398 940 472 ὀφειλόντων
970 408 1269 474 ζητηθῆναι
1300 404 1540 477 ἀκριβῶς
1574 407 1761 472 ἐξετα-

159 488 414 543 σθέντων
445 483 586 559 πρὸς
616 483 678 540 τὸ
711 484 813 556 τὴν
843 492 1027 559 κρίσιν
1062 489 1335 560 ἐξενέγκαι
1375 488 1526 544 πάνυ
1557 491 1762 561 ταχέως

157 572 250 627 καὶ
282 566 449 638 ὀξέως
482 575 790 639 ἔσπευσαν,
834 575 893 626 ε”κ
922 593 980 627 τε
1009 571 1227 628 τούτων
1271 570 1535 628 ἁπάντων
1579 576 1761 629 ἐκεῖνα

158 662 451 728 συμβαίνει
473 657 757 727 γενέσθαι,
775 654 833 711 τὸ
850 655 943 710 καὶ
967 655 1200 722 τούτους
1224 655 1429 722 αὐτούς
1453 653 1762 730 ἀδελφικὴν

155 741 247 796 καὶ
279 739 569 814 ὁμόφρονα
608 734 936 811 ὀφείλοντας
980 745 1121 812 ἔχειν
1152 734 1470 814 ὁμοψυχίαν
1502 744 1760 815 αἰσχρῶς,

155 830 368 898 μᾶλλον
400 824 461 881 δὲ
492 828 747 898 μυσερῶς
779 822 1038 896 ἀλλήλων
1068 821 1489 896 ἀποδιεστάναι,
1523 829 1615 882 καὶ
1644 839 1760 893 τοῖς

158 906 479 983 ἀνθρώποις
509 922 622 975 τοῖς
654 905 950 981 ἀλλοτρίας
984 914 1172 981 ἔχουσι
1194 908 1292 974 τας
1318 908 1497 981 ψυχάς
1521 908 1631 966 ἀπὸ
1665 915 1760 982 τῆς

155 989 462 1066 ἁγιωτάτης
491 1001 796 1068 θρησκείας
825 994 1028 1065 ταύτης
1060 994 1344 1067 πρόφασιν
1373 993 1573 1065 χλεύης
1604 994 1759 1050 διδό-

156 1103 276 1151 ναι,
313 1113 379 1118 —-
423 1079 563 1136 ὅθεν
605 1083 947 1151 προνοητέον
976 1101 1066 1150 μοι
1107 1080 1351 1149 ἐγένετο,
1384 1077 1534 1144 ὅπως
1573 1083 1758 1150 τοῦτο,

155 1163 293 1236 ὅπερ
327 1165 496 1237 ἐχρῆν
534 1162 670 1236 μετὰ
711 1163 814 1235 τὴν
855 1166 1240 1235 ἐξενεχθεῖσαν
1277 1161 1383 1236 ἤδη
1425 1169 1610 1236 κρίσιν
1652 1161 1758 1218 αύ-

151 1249 392 1324 θαιρέτῳ
450 1250 856 1319 συγκαταθέσει
907 1252 1258 1319 πεπαῦσθαι,
1310 1243 1415 1303 κᾶν
1465 1252 1577 1303 νῦν
1628 1247 1759 1303 ποτὲ

154 1336 381 1407 δυνηθῇ
404 1338 630 1390 πολλῶν
653 1333 950 1405 παρόντων
971 1333 1164 1398 τέλους
1187 1346 1397 1404 τυχεῖν.
1454 1334 1538 1387 23.
1572 1330 1756 1403 ἐπειδὴ

151 1424 347 1474 τοίνυν
381 1424 676 1483 πλείστους
710 1421 767 1474 ἐκ
800 1417 1087 1491 διαφόρων
1117 1418 1210 1472 καὶ
1233 1413 1539 1489 ἀμυθήτων
1569 1415 1757 1472 τόπων

154 1502 489 1568 ἐπισκόπους
523 1508 600 1568 εἰς
623 1502 725 1574 τὴν
746 1498 1147 1576 Ἀρελατησίων
1178 1500 1340 1557 πόλιν
1372 1510 1503 1558 εἵσω
1530 1507 1754 1556 Καλαν-

152 1591 270 1643 δῶν
315 1586 667 1658 Αύγούστων
713 1594 1016 1643 συνελθεῖν
1070 1585 1469 1658 ἐκελεύσαμεν,
1523 1585 1615 1639 καὶ
1668 1585 1755 1640 σοὶ

152 1671 363 1744 γράψαι
396 1675 747 1745 ἐνομίσαμεν,
779 1676 874 1728 ’ἵνα
904 1668 1095 1742 λαβῶν
1125 1669 1275 1743 παρὰ
1301 1673 1405 1726 τού
1435 1668 1755 1742 λαμπροτά-

68 1819 78 1829 ,
150 1779 248 1812 του
268 1763 666 1830 Λατρωνιανοῦ
688 1762 790 1812 τοῦ
813 1755 1180 1830 κορρήκτορος
1208 1762 1470 1820 Σικελίας
1489 1751 1756 1826 δημόσιον

1785 591 1804 624 5

1786 1014 1823 1045 10

1782 1433 1821 1465 15

151 1840 359 1914 ὄχημα,
403 1842 666 1909 συζεύξας
707 1845 924 1917 σεαυτῷ
967 1841 1057 1897 καὶ
1101 1840 1205 1896 δύο
1246 1842 1313 1911 γέ
1348 1862 1499 1904 τινας
1539 1842 1652 1894 τῶν
1694 1839 1752 1891 ἐκ
1776 1855 1816 1886 20

149 1931 250 1982 τοῦ
282 1928 546 1996 δευτέρου
576 1924 826 1999 θρόνου,
861 1923 960 1991 οὓς
991 1923 1062 1981 ὂὶν
1093 1923 1162 1980 σύ
1196 1923 1366 1989 αὐτὸς
1400 1923 1754 1989 ἐπιλέξασθαι

149 2017 377 2084 κρίνῃς,
421 2005 564 2066 ἀλλά
594 2010 707 2084 μὴν
736 2012 830 2066 καὶ
860 2023 1009 2082 τρεῖς
1040 2013 1245 2074 παῖδας
1274 2007 1406 2074 τούς
1438 2008 1752 2078 δυνησομέ-

148 2118 284 2160 νους
307 2091 446 2168 ὑμῖν
470 2095 606 2152 κατά
630 2093 734 2169 τήν
758 2094 895 2152 ὁδὸν
911 2089 1370 2168 ύπηρετήσασθαι
1391 2088 1751 2164 παραλαβών,

150 2188 282 2236 εἴσω
321 2185 417 2252 τῆς
459 2179 633 2253 αὐτῆς
673 2175 881 2253 ἡμέρας
925 2180 1014 2236 ἐπὶ
1053 2185 1130 2255 τῶ
1173 2178 1555 2252 προειρημένῳ
1597 2173 1751 2250 τόπῳ

148 2263 498 2336 ἀπάντησον,
541 2269 625 2322 24.
670 2260 743 2330 ῶς
785 2263 857 2320 ἀν
898 2264 989 2320 διά
1019 2287 1077 2320 τε
1114 2267 1210 2335 τῆς
1252 2266 1352 2334 σῆς
1394 2259 1749 2332 στερρότητος
1774 2275 1814 2307 25

148 2349 241 2403 καὶ
288 2348 378 2404 διά
422 2354 519 2421 τῆς
562 2352 758 2422 λοιπῆς
811 2353 925 2406 τῶν
967 2348 1280 2405 συνιόντων
1331 2341 1617 2419 ὁμοψύχου
1660 2344 1752 2399 καὶ

149 2432 464 2508 ὁμόφρονος
497 2437 776 2500 συνέσεως
807 2435 900 2490 καὶ
930 2437 1113 2503 τοῦτο,
1138 2431 1274 2504 ὅπερ
1301 2427 1427 2503 ἄχρι
1456 2434 1554 2485 τοῦ
1580 2431 1750 2501 δεῦρο

147 2518 378 2590 φαύλως
421 2515 499 2574 δι’
533 2518 762 2592 αἰσχράς
793 2542 946 2584 τινας
986 2523 1318 2590 ζυγομαχίας
1359 2514 1743 2587 παραμεμένη-

147 2626 275 2674 κεν,
320 2601 720 2660 ἀκουσθέντων
760 2603 987 2660 πάντων
1029 2607 1143 2658 τῶν
1183 2599 1501 2674 μελλόντων
1543 2595 1747 2668 λεχθή-

149 2697 348 2744 σεσθαι
405 2687 557 2759 παρὰ
615 2693 728 2745 τῶν
787 2693 897 2745 νῦν
949 2685 1045 2743 ἀπ’
1103 2682 1359 2757 ἀλλήλων
1419 2681 1745 2749 διεστώτων,
1769 2694 1810 2726 30

148 2772 361 2848 οὕσπερ
406 2772 608 2845 ὁμοίως
650 2786 907 2848 παρεῖναι
958 2770 1353 2842 ἐκελεύσαμεν,
1401 2766 1627 2838 δυνηθῇ
1671 2768 1746 2829 είς

145 2857 253 2930 τὴν
294 2860 665 2931 ὀφειλομένην
704 2863 1013 2933 θρησκείαν
1053 2857 1146 2911 καὶ
1177 2860 1393 2922 πίστιν,
1435 2847 1745 2921 ἀδελφικήν
