1986 3152
255 89 362 141 454
889 89 1137 131 EUSEBII

259 203 450 278 ἰατρός
481 205 573 259 καὶ
604 203 868 275 βασιλεύς
900 206 994 262 καὶ
1016 205 1205 278 κύριος
1221 249 1244 277 ,»
1268 204 1296 262 ὁ
1322 205 1556 279 Χριστὸς
1580 211 1681 262 τοῦ
1706 211 1863 264 θεοῦ.

258 292 338 344 13.
370 286 512 344 ἀλλά
541 287 664 344 τότε
693 288 797 360 μὲν
827 287 971 356 ἅπαξ
1016 291 1076 345 ἐν
1106 291 1269 346 νυκτὶ
1311 295 1516 365 ζοφερᾷ
1557 291 1660 345 καὶ
1682 290 1863 366 σκότῳ

253 379 451 444 βαθεῖ,
493 370 779 445 δαιμόνων
830 370 1131 447 ἀλιτηρίων
1172 373 1405 440 πλάναις
1450 375 1544 431 καὶ
1583 379 1865 445 θεομισῶν

251 455 588 529 πνευμάτων
630 458 930 529 ἐνεργείαις
971 462 1085 514 πᾶν
1112 456 1173 515 τὸ
1207 463 1322 515 τῶν
1350 455 1673 533 ἀνθρώπων
1696 458 1864 530 γένος

214 564 235 595 5
259 542 780 614 κατορωρυγμένον,
812 540 950 598 αὐτὸ
975 541 1150 615 μόνον
1178 543 1486 615 ἐπιφανεὶς,
1512 540 1665 599 ῶσάν
1684 547 1863 615 ,κηροῦ
1946 585 1950 588 -

251 627 602 692 διατακέντος
631 638 752 689 ταῖς
784 624 963 685 αὐτοῦ
994 633 1190 698 βολαῖς
1221 629 1327 683 τοῦ
1355 626 1540 699 φωτὸς
1561 625 1661 692 τοὶς
1684 634 1862 682 πολυ-

254 711 449 775 δέτους
501 714 617 766 τῶν
675 710 1040 784 ἀσεβημάτων
1099 709 1259 783 ἡμῶν
1312 710 1500 785 σειράς
1552 710 1862 768 διελύσατο.

256 798 335 850 14.
367 798 479 851 νῦν
511 792 564 849 δ’
601 796 688 851 ἐπὶ
720 799 790 868 τῇ
818 794 1063 870 τοσαύτῃ
1084 795 1273 870 7χάριτι
1303 797 1396 852 καὶ
1438 793 1731 870 εὐεργεσίᾳ
1761 797 1865 851 τοῦ

248 878 551 951 μισοκάλου
576 879 801 951 φθόνου
827 880 922 936 καὶ
944 880 1334 954 φιλοπονήρου
1361 885 1634 952 δαίμονος
1652 902 1863 952 μονον-

189 986 229 1019 10
252 964 378 1036 ουχὶ
420 964 939 1037 διαρρηγνυμένου,
971 964 1066 1020 καὶ
1108 965 1291 1031 πάσας
1336 961 1515 1021 αὐτοῦ
1545 962 1644 1030 τάς
1674 971 1861 1020 θανα-

249 1045 509 1113 τοποιοῦς
539 1046 672 1103 καθ’
705 1046 868 1120 ἡμῶν
910 1048 1397 1121 ἐπιστρατεύοντος
1427 1047 1725 1120 δυνάμεις,
1748 1048 1860 1103 ,καὶ

249 1124 316 1188 τά
347 1131 451 1203 μὲν
483 1136 675 1204 πρῶτα
706 1130 881 1198 κυνὸς
912 1135 1077 1203 δίκην
1101 1137 1443 1204 λυττῶντος,
1468 1130 1600 1197 τούς
1622 1129 1861 1197 ὀδόντας

251 1217 343 1272 ἐπὶ
372 1212 505 1281 τούς
547 1213 884 1288 ἀφιεμένους
925 1214 1048 1272 κατ’
1084 1212 1262 1272 αὐτοῦ
1288 1215 1507 1282 ’λίθους’
1541 1216 1854 1290 προσαράτ-

248 1323 474 1371 τοντος,
515 1301 608 1355 καὶ
649 1299 749 1359 τὸν
790 1299 929 1357 κατά
969 1305 1084 1357 τῶν
1125 1299 1496 1374 ἀμυνομένων
1534 1299 1730 1373 θυμὸν
1771 1301 1861 1357 ἐπὶ

186 1407 227 1440 15
250 1384 315 1441 τά
349 1383 539 1457 ἄψυχα
570 1384 824 1458 βλήματα
853 1387 1173 1458 καθιέντος,
1198 1398 1327 1452 ’τοῖς
1356 1390 1471 1443 τῶν
1511 1403 1860 1460 προσευκτη-

249 1476 389 1543 ρίων
419 1476 599 1535 λίθοις
629 1470 722 1527 καὶ
751 1482 872 1536 ταῖς
915 1475 1030 1527 τῶν
1071 1479 1243 1527 οἴκων
1285 1468 1520 1543 ἀψύχοις
1560 1469 1718 1536 ὕλαις
1758 1469 1861 1541 τὴν

247 1553 503 1628 θηριώδη
534 1561 743 1627 μανίαν
776 1557 1182 1629 ἐπερείσαντος,
1216 1557 1450 1629 ἐρημίαν
1479 1578 1558 1626 τε,
1589 1552 1663 1620 ὥς
1694 1577 1758 1625 γε
1789 1552 1857 1625 δὴ

248 1637 419 1704 αὐτὸς
453 1640 631 1715 ἑαυτῷ
663 1638 828 1715 ῶετο,
868 1642 984 1696 τῶν
1027 1642 1334 1712 ἐκκλησιῶν
1375 1637 1859 1713 ἀπεργασαμένου,

231 1722 367 1780 ,εἶτα
414 1722 476 1779 δὲ
525 1723 676 1780 δεινά
726 1730 1039 1797 συρίγματα
1092 1725 1186 1780 καὶ
1229 1723 1327 1790 τάς
1373 1721 1634 1796 ὀφιώδεις
1680 1718 1858 1779 αὐτοῦ

185 1831 227 1863 20
250 1806 474 1880 φωνάς,
505 1808 642 1865 ,τοτὲ
681 1809 786 1881 μὲν
817 1807 1039 1881 ἀσεβῶν
1078 1808 1375 1883 τυράννων
1416 1806 1695 1878 ἀπειλαῖς,
1738 1806 1860 1862 τοτὲ

249 1893 312 1949 δὲ
328 1892 676 1966 βλασφήμοις
693 1898 989 1966 δυσσεβῶν
1006 1891 1298 1968 ἀρχόντων
1322 1892 1635 1960 διατάξεσιν
1657 1890 1857 1964 ἀφιέν-

247 2000 369 2048 τος,
401 1978 495 2033 καὶ
527 1980 756 2052 προσέτι
785 1977 887 2035 τὸν
918 1976 1097 2045 αὐτοῦ
1119 1977 1373 2035 θάνατον
1405 1977 1857 2050 ἐξερευγομένου,

246 2062 341 2118 καὶ
381 2074 498 2127 τοῖς
537 2062 744 2121 «ίῶδεσι
778 2063 890 2120 ,καὶ
934 2062 1325 2136 ψυχοφθόροις
1359 2066 1718 2134 ,δηλητηρίοις
1752 2058 1858 2124 ἴτοὶς

247 2143 611 2218 ἁλισκομένας
650 2145 789 2218 πρὸς
833 2145 1013 2205 αὐτοῦ
1042 2144 1237 2219 -ψυχάς
1276 2145 1722 2219 φαρμάττοντος,
1751 2144 1858 2198 ,καὶ

184 2252 226 2285 25
248 2230 551 2302 μονονουχὶ
582 2234 919 2303 νεκροῠντος
949 2242 1072 2296 ταῖς
1089 2235 1216 2287 τῶν
1245 2234 1463 2303 νεκρῶν
1490 2227 1739 2285 εἰδώλων
1763 2250 1857 2283 νε-

248 2325 532 2386 κροποιοῖς
561 2319 819 2385 θυσίαις,
848 2313 1049 2371 ,πάντα
1088 2336 1147 2370 τε
1179 2312 1858 2386 ἀνθρωπόμορφονθῆρα

248 2398 341 2454 καὶ
380 2396 562 2454 πάντα
603 2397 814 2471 τρόπον
855 2395 1052 2471 ἄγριον
1092 2397 1226 2454 καθ’
1260 2393 1423 2470 ἡμῶν
1463 2394 1857 2453 ὑποσαλεύον-

247 2506 370 2554 τος,
427 2486 506 2538 15.
550 2478 721 2548 αὖθις
766 2485 819 2550 ἐξ
859 2481 1115 2556 ὑπαρχῆς
1157 2481 1187 2539 ὁ
1230 2487 1326 2555 τῆς
1365 2481 1606 2555 μεγάλης
1635 2483 1857 2552 βουλῆς

250 2566 503 2638 ἅγγελος,
536 2562 565 2622 ὁ
597 2568 769 2639 μέγας
801 2565 1237 2641 ἀρχιστράτηγος
1267 2571 1368 2623 τοῦ
1398 2567 1562 2637 θεοῦ,
1588 2562 1857 2637 μετά-,τὴν

184 2675 227 2708 30
253 2647 505 2724 αὐτάρκη
548 2655 1011 2724 διαγυμνασιάν,
1041 2649 1114 2724 ἣν
1157 2655 1214 2708 οἰ
1259 2650 1640 2724 μέγιστοίτῆς
1667 2645 1857 2704 ἀὐτοῦ

249 2737 539 2808 βασιλείας
563 2738 889 2809 στρατιῶται
922 2736 1014 2792 διά
1037 2740 1132 2808 τῆς
1163 2734 1304 2809 πρὸς
1328 2731 1547 2790 ἅπαντα
1570 2732 1857 2805 ὑπομονῆς

251 2821 344 2876 καὶ
374 2827 667 2896 καρτερίας
701 2823 1066 2892 ἐνεδείξαντο,
1101 2818 1322 2894 ἀθρόως
1354 2818 1531 2884 οὕτως
1562 2818 1760 2890 φανεὶς
1791 2814 1857 2878 τὰ
