2032 3174
310 136 380 186 24
969 133 1217 176 EUSEBH

312 273 411 318 σας
451 250 557 308 ὑπὸ
605 255 755 307 ι’δίαν
801 255 1084 323 σφραγῖδα
1131 254 1457 322 πεποίηται,
1508 248 1696 323 μηκέτ’
1745 249 1924 324 αὐτὴν

310 350 422 401 τοῖς
453 332 805 407 ἀρχιερεῦσιν
836 339 981 406 ἔχειν
1010 329 1112 406 ὑφ’
1143 332 1373 400 ἑαυτοὺς
1399 336 1719 407 ἐπιτρέψας·
1752 333 1925 392 ταῦτὰ

312 421 374 475 δὲ
419 421 510 474 καὶ
555 417 651 475 τὸν
695 415 811 490 μετ’
863 415 1036 475 αὐτὸν
1073 415 1368 490 Ἀρχέλαον
1413 419 1504 473 καὶ
1547 417 1683 490 μετὰ
1722 423 1924 476 τοῦτον

304 499 600 575 Ῥωμαίους
634 500 1058 575 διαπράξασθαι.
1101 506 1182 558 11.
1207 503 1298 558 καὶ
1328 505 1501 558 ταῦτα
1531 499 1586 558 δ’
1609 500 1742 575 ἡμῖν
1775 502 1920 576 εἰρή-

268 614 288 643 5
313 598 434 645 σθω
468 593 544 652 εἰς
578 588 771 658 ἑτέραν
811 583 1095 653 ἀπόδειξιν
1125 591 1463 659 προφητείας
1494 583 1630 642 κατὰ
1668 586 1770 658 τὴν
1804 591 1922 644 ε’πι-

311 670 550 742 φάνειαν
580 674 678 727 τοῦ
720 674 963 743 σωτῆρος
1002 666 1160 776 ἡμῶν
1191 668 1368 742 Ἰησοῦ
1400 675 1641 744 Χριστοῦ
1679 692 1923 744 πεπερα-

310 759 529 827 σμένης.
604 756 920 827 σαφέστατα
950 757 1090 827 γοῦν
1122 757 1182 811 ἐν
1211 778 1300 811 τω
1319 753 1538 826 Δανιὴλ
1591 753 1928 828 εβδομαδωυ

310 843 481 896 τινῶν
532 837 775 912 ἀριθμὸν
837 836 1141 924 ὀνομαστὶ,
1155 841 1255 905 ἕως
1306 841 1549 911 Χριστοῦ
1609 838 1924 912 ἡγουμένου

311 921 629 995 περιλαβών
658 923 686 980 ὁ
718 921 907 996 λόγος,
940 925 1067 997 περὶ
1098 915 1176 979 ὠν
1208 926 1268 980 ἐν
1301 924 1504 996 ἑτέροις
1536 921 1924 996 διειλήφαμεν,

248 1032 289 1062 10
311 1032 445 1080 μετα
475 1007 535 1064 τὸ
577 1006 790 1065 τούτων
833 1009 1202 1081 συμπέρασμα
1242 1006 1825 1082 έξολοθρευθήσεσθαι
1862 1005 1925 1064 τὰ

312 1090 459 1166 παρα
494 1089 782 1157 Ἰουδαίοις
828 1106 1032 1165 χρῖσμα
1073 1090 1425 1164 προφητεύει.
1508 1093 1600 1148 καὶ
1649 1095 1810 1148 τοῦτο
1862 1091 1926 1148 δὲ

313 1181 503 1248 σαφῶς
534 1175 671 1232 κατὰ
701 1174 797 1232 τὸν
820 1173 1015 1247 καιρὸν
1044 1178 1140 1247 τῆς
1169 1178 1268 1232 τοῦ
1294 1178 1539 1249 σωτῆρος
1561 1173 1721 1249 ἡμῶν
1743 1174 1925 1248 Ἰησοῦ

313 1266 555 1331 Χριστοῦ
596 1262 864 1332 γενέσεως
908 1257 1306 1317 ἀποδείκνυται
1358 1262 1923 1334 συμπεπληρωμένον.

310 1347 480 1401 ταῦτα
523 1342 573 1400 δ’
622 1342 758 1416 ἡμῖν
797 1341 1113 1416 ἀναγκαίως
1156 1349 1232 1410 εἰς
1278 1342 1626 1416 παράστασιν
1679 1348 1774 1415 τῆς
1813 1348 1928 1401 τῶν

250 1451 288 1481 15
311 1427 528 1501 χρόνων
558 1425 824 1500 ἀληθείας
855 1425 1304 1501 προτετηρήσθω.

398 1523 492 1571 VII.
552 1520 675 1590 [Nic.
703 1523 761 1572 H.
791 1522 844 1571 E.
873 1523 909 1580 I,
938 1521 1154 1588 7—11.]
1197 1509 1416 1583 Ἐπειδὴ
1447 1512 1508 1568 δὲ
1538 1509 1640 1584 τὴν
1669 1514 1796 1585 περὶ
1825 1514 1929 1569 τοῦ

310 1599 558 1668 Χριστοῦ
586 1602 948 1668 γενεαλογίαν
980 1595 1260 1668 διαφόρως
1291 1592 1426 1668 ἡμῖν
1464 1594 1495 1652 ὅ
1537 1618 1596 1652 τε
1627 1605 1925 1662 Ματθαῖος

311 1682 403 1735 καὶ
442 1678 470 1736 ὁ
512 1683 734 1746 Λουκᾶς
776 1677 1250 1752 εὐαγγελιζόμενοι
1290 1677 1749 1753 παραδεδώκασι,
1806 1685 1927 1736 δια·

311 1776 525 1836 φωνεῖν
563 1787 622 1820 τε
666 1769 977 1836 νομίζονται
1016 1776 1130 1829 τοῖς
1175 1770 1427 1836 πολλοῖς,
1472 1765 1585 1821 τῶν
1623 1787 1683 1820 τε
1714 1766 1929 1822 πιστῶν

248 1868 290 1899 20
314 1850 538 1914 ἕκαστος
578 1844 776 1923 ἀγνοίᾳ
816 1843 1096 1919 τάληθοῦς
1137 1843 1518 1920 εὖρησιλογεῖν
1562 1854 1639 1913 εἰς
1679 1846 1808 1915 τούς
1838 1846 1926 1905 τό-

311 1954 451 1999 πους
475 1938 917 2004 πεφιλοτίμηται,
949 1933 1085 2004 φέρε
1107 1933 1198 1988 καὶ
1218 1930 1322 2003 τὴν
1343 1933 1470 2006 περὶ
1492 1931 1705 1990 τούτων
1735 1939 1924 1990 κατελ-

312 2021 531 2074 θοῦσαν
567 2022 645 2082 εἰς
675 2014 816 2089 ἡμᾶς
859 2021 1106 2087 ιστορίαν
1137 2014 1553 2088 παραθώμεθα,
1595 2040 1666 2088 ην
1697 2015 1772 2074 δι’
1811 2020 1924 2074 ε’πι-

313 2103 508 2171 στολῆς
544 2096 851 2173 Ἀριστείδῃ
902 2123 1136 2174 γραφων
1185 2102 1311 2174 περὶ
1361 2107 1689 2174 συμφωνίας
1729 2103 1823 2172 τῆς
1865 2105 1928 2157 ἐν

311 2191 425 2250 τοῖς
466 2181 805 2255 εὐαγγελίοις
847 2191 1202 2256 γενεαλογίας
1233 2181 1261 2241 ὅ
1292 2208 1468 2260 μικρω
1509 2183 1723 2257 πρόσθε
1725 2209 1760 2241 ν
1791 2180 1926 2257 ἡμῖν

247 2289 290 2322 25
317 2268 592 2340 δηλωθεὶς
618 2264 947 2342 ’Λφρικανὸς
979 2267 1383 2341 ἐμνημόνευσε,
1413 2292 1508 2335 τας
1538 2276 1640 2341 μὲν
1670 2292 1783 2325 των
1814 2276 1918 2326 λοι-

314 2355 435 2409 πων
466 2349 629 2419 δόξας
662 2347 812 2408 ωσάν
832 2358 1048 2423 βιαίους
1070 2355 1162 2409 καὶ
1184 2356 1584 2426 διεψευσμένας
1603 2349 1922 2425 ἄπελέγξας,

318 2433 385 2506 ἣν
433 2433 487 2492 δ’
533 2433 695 2504 αὐτὸς
745 2443 1089 2510 παρείληφεν
1146 2441 1421 2511 ἱστορίαν,
1476 2435 1687 2504 τούτοις
1739 2433 1926 2502 αὐτοῖς

316 2523 665 2591 ἐκτιθέμενος
705 2534 818 2587 τοῖς
863 2519 1101 2594 ῥήμασιν
1131 2519 1364 2593 “ε’πειδὴ
1408 2519 1512 2594 γὰρ
1563 2520 1628 2578 τὰ
1681 2519 1924 2594 ὀνόματα

433 2716 455 2754 7
486 2713 672 2755 Daniel.
696 2715 735 2764 9,
762 2716 830 2755 2.ss
1055 2715 1106 2754 10
1138 2708 1189 2755 ἐν
1211 2706 1407 2766 ετέροις]
1441 2715 1568 2754 Dem.
1593 2713 1770 2765 Evang.
1793 2712 1921 2754 VIII

314 2783 357 2822 p.
376 2771 471 2811 381.
562 2771 615 2809 ’29
639 2745 806 2822 ἐπειδὴ
829 2791 883 2796 -
906 2763 1193 2822 διηγήσομαι
1217 2767 1278 2822 (p.
1300 2771 1369 2819 25,
1392 2766 1486 2823 22)]
1510 2769 1636 2809 Idem
1660 2774 1923 2820 excerptum

315 2825 435 2878 apud
456 2826 737 2866 Eusebium
726 2839 772 2865 m
784 2826 1141 2875 Quaestxombus
1163 2826 1221 2866 ad
1245 2826 1536 2878 Stephanum,
1561 2826 1608 2864 in
1625 2825 1737 2865 Maii
1752 2824 1921 2876 Script.

314 2884 418 2924 Vet.
441 2883 556 2924 Nov.
581 2882 770 2922 Colleet.
794 2882 885 2922 vol.
912 2885 946 2924 1.
969 2896 1012 2936 p.
1038 2884 1105 2924 22.
