1986 3152
275 77 379 129 482
905 73 1151 116 EUSEBII

276 197 632 264 λειτουργιῶν
671 190 944 262 βούλομαι
985 188 1446 262 ἀλειτουργήτους
1488 194 1886 261 διαφυλαχθῆ-

275 300 397 346 ναι,
430 275 578 340 ὅπως
607 274 681 347 μὴ
715 274 804 329 διά
825 297 972 339 τινος
1003 272 1216 344 πλάνης
1247 271 1282 344 ἢ
1316 273 1711 345 ἐξολισθήσεως
1736 278 1886 346 ἱερο-

276 358 451 416 σύλου
485 357 595 414 άπὸ
630 362 727 430 τῆς
756 363 1061 431 θεραπείας
1091 362 1187 428 τῆς
1217 362 1285 430 τῇ
1316 356 1560 428 θειότητι
1591 355 1885 430 ὀφειλομέ-

275 467 372 515 νης
404 439 774 515 άφέλκωνται,
805 439 946 498 ἀλλὰ
978 446 1191 514 μᾶλλον
1215 440 1352 497 ἄνευ
1376 438 1523 507 τινός
1549 441 1887 513 ἐνοχλήσεως

231 552 250 582 5
274 534 351 602 τῷ
387 532 514 602 ἰδίῳ
545 526 699 603 νόμῳ
734 529 1201 606 ἐξυπηρετῶνται,
1246 519 1431 597 ὦνπερ
1461 531 1728 597 μεγίστην
1759 526 1888 596 περὶ

273 612 334 668 τὸ
376 620 541 667 θεῖον
583 617 844 683 λατρείαν
897 612 1248 680 ποιουμένων
1290 617 1551 665 πλεῖστον
1592 609 1728 665 ὅσον
1771 622 1887 674 τοῖς

273 708 479 761 κοινοῖς
511 695 794 768 πράγμασι
818 701 1101 750 συνοίσειν
1125 698 1292 749 δοκεῖ.
1350 699 1582 766 ἔρρωσο,
1610 692 1887 764 Ἀνυλῖνε,

272 779 557 852 τιμιώτατε
587 781 679 835 καὶ
711 778 1073 835 ποθεινότατε
1102 773 1285 850 ἡμῖν.”

402 873 523 923 νιιι.
578 872 702 939 [Nic.
745 874 803 922 Η.
830 873 882 921 Ε.
925 873 1022 928 vu,
1059 871 1162 938 44.]
1213 863 1452 918 Τοιαῦτα
1481 862 1586 934 μὲν
1616 855 1888 934 οὖν-ἡμῖν

212 944 307 1020 1οὴ
339 954 470 1004 θεία
501 949 592 1002 καὶ
624 946 885 1020 οὐράνιος
927 951 1025 1017 τῆς
1064 951 1165 1002 τοῦ
1198 951 1444 1018 σωτῆρος
1484 941 1644 1018 ἡμῶν
1685 948 1887 1018 ἐπιφα-

273 1039 425 1098 νείας
459 1034 717 1103 ἐδωρεῖτο
747 1031 929 1103 χά-ρις,
970 1030 1210 1101 τοσαύτη
1240 1053 1299 1086 τε
1330 1029 1540 1087 ἅπασιν
1569 1029 1889 1103 ἀνθρώποις
1960 1058 1963 1100 j

275 1116 510 1187 ἆγαθων
563 1115 815 1200 ἀφθονία
869 1114 959 1169 δια
1010 1119 1107 1189 τῆς
1158 1113 1425 1187 ἡμετέρας
1480 1113 1888 1184 ἐπρυτανεύετο

275 1200 513 1272 εἰρήνης.
569 1200 662 1254 καὶ
694 1201 802 1254 ὦδε
831 1221 936 1271 μεν
965 1221 1031 1254 τα
1072 1194 1208 1254 καθ’
1242 1193 1387 1270 ἡμᾶς
1419 1201 1479 1254 ἐν
1511 1194 1889 1272 ευφροσύναις

272 1286 365 1340 καὶ
397 1282 778 1381 πανηγύρεσιν
811 1286 1061 1338 ἐτελεῖτο.
1117 1286 1165 1337 2.
1208 1281 1314 1338 οὐκ
1343 1284 1416 1353 ἠν
1447 1281 1563 1338 δε’
1541 1282 1649 1354 άρα
1687 1286 1765 1358 τῷ
1795 1306 1887 1354 μι-

211 1392 249 1423 15
275 1368 492 1425 σοκάλω
523 1366 756 1444 φθόνω,
797 1391 873 1423 τω
905 1389 963 1439 τε
993 1366 1352 1442 φιλοπονήρω
1395 1371 1616 1439 δαίμονι
1644 1365 1888 1439 φορητός
1959 1406 1962 1411 -

271 1448 303 1524 ἡ
336 1476 451 1508 των
475 1450 778 1524 ὁρωμένων
801 1452 928 1520 θέα,
954 1450 1140 1525 ω’σπερ
1165 1453 1270 1507 οὐν
1294 1449 1430 1507 ούδε
1453 1457 1717 1526 Λικιννίῳ
1743 1449 1886 1523 πρὸς

272 1537 538 1611 σώφρονα
570 1535 840 1609 λογισμὸν
871 1535 1177 1608 ἐτύγχανεν
1202 1533 1451 1608 αὐτάρκη
1474 1558 1538 1591 τα
1564 1548 1681 1601 τοῖς
1706 1534 1886 1607 πρόσ-

271 1630 377 1677 θεν
428 1622 830 1693 δεδηλωμένοις
881 1621 1177 1693 τυράννοις
1239 1619 1650 1692 συμβεβηκότα·
1704 1617 1766 1684 ὂς
1823 1642 1885 1674 ευ
1944 1647 1953 1696 ¹·

274 1707 585 1779 φερομένης
635 1711 733 1776 τῆς
775 1704 945 1778 ἀρχῆς
988 1703 1166 1780 αὐτῷ,
1219 1710 1487 1775 βασιλέως
1535 1727 1595 1759 τε
1641 1702 1885 1776 μεγάλου

211 1815 251 1846 20
275 1796 711 1846 Κωνσταντίνου
745 1794 1076 1861 δευτερείων
1105 1794 1282 1860 τιμῆς,
1316 1790 1677 1861 ἐπιγαμβρίας
1706 1810 1766 1843 τε
1794 1788 1889 1842 καὶ

274 1881 604 1945 συγγενείας
643 1878 740 1945 τῆς
784 1871 1047 1929 ἀνωτάτω
1087 1871 1414 1945 ἠξιωμένος,
1467 1872 1743 1945 μιμήσεως
1783 1864 1892 1943 μὲν
1962 1940 1964 1960 ι

270 1965 367 2030 τῆς
397 1963 510 2014 τῶν
549 1962 738 2014 καλῶν
779 1956 1218 2029 άπελιμπάνετο,
1263 1959 1359 2028 τῆς
1405 1957 1468 2012 δε
1505 1979 1619 2012 των
1659 1954 1882 2026 ασεβων
1962 1973 1964 1988 ³

271 2042 566 2115 τυράννων
605 2048 918 2114 μοχθηρίας
963 2039 1153 2112 ἐζήλου
1205 2040 1310 2113 τὴν
1349 2046 1753 2114 κακοτροπίαν,
1793 2041 1887 2094 καὶ
1962 2090 1964 2094 ,

276 2149 357 2181 ων
378 2132 478 2181 τοῦ
503 2132 631 2196 βίου
655 2126 758 2197 τὴν
779 2125 1171 2223 καταστροφὴν
1201 2127 1420 2180 ἐπεῖδεν
1444 2123 1636 2189 αὐτοῖς
1660 2122 1884 2195 ὀφθαλ-

210 2233 252 2264 25
274 2222 428 2281 μοῖς,
482 2209 698 2265 τούτων
734 2213 969 2265 ε’πεσθαι
1007 2214 1079 2281 τῇ
1119 2209 1313 2280 γνώμῃ
1345 2212 1559 2280 μᾶλλον
1598 2232 1631 2279 η
1672 2212 1742 2280 τῇ
1784 2210 1884 2262 τοῦ

272 2299 584 2365 κρείττονος
640 2295 895 2365 ἐμμένειν
937 2299 1096 2366 φιλία
1145 2315 1204 2347 τε
1245 2293 1337 2347 καὶ
1378 2293 1627 2348 διαθέσει
1677 2287 1884 2364 ᾑρεῖτο.

272 2381 321 2433 3.
376 2381 784 2449 διαφθονηθείς
837 2378 906 2447 γε’
947 2399 1028 2432 τοι
1079 2381 1156 2451 τῷ
1209 2378 1587 2450 πανευεργέτῃ
1641 2375 1885 2448 πόλεμον

274 2465 492 2533 δυσαγῆ
523 2463 615 2516 καὶ
647 2461 966 2517 δεινότατον
997 2460 1138 2535 πρὸς
1170 2459 1346 2516 αὐτὸν
1379 2461 1647 2562 ἐκφέρει,
1667 2457 1734 2516 ού
1753 2457 1883 2565 ‘qm'-

273 2565 410 2611 σεως
439 2544 630 2618 νόμων
662 2546 1016 2618 φεισάμενος,
1049 2543 1152 2617 οὐχ
1176 2540 1556 2618 ὁρκωμοσιων,
1581 2543 1684 2616 οὐχ
1717 2547 1884 2615 αἵμα-

209 2655 251 2686 3ο
272 2653 392 2701 τος,
435 2628 501 2686 οὐ
533 2636 838 2701 συνθηκων
867 2629 1091 2702 μνήμην
1133 2632 1192 2685 ἐν
1223 2634 1442 2703 διανοίᾳ
1473 2627 1675 2700 λαβων.
1751 2631 1800 2682 4.
1854 2622 1882 2682 6

274 2738 376 2786 μεν
428 2714 535 2786 γὰρ
589 2712 743 2770 αύτω
797 2711 887 2770 οἷα
938 2714 1266 2785 πανάγαθος
1316 2712 1606 2785 βασιλευς,
1660 2710 1884 2776 εὐνοίας
1920 2749 1963 2781 t*

272 2800 532 2871 παρέχων
577 2795 828 2870 ἀληθοῦς
885 2798 1168 2871 σύμβολα,
1221 2804 1548 2868 συγγενείας
1599 2799 1695 2867 τῆς
1748 2794 1936 2867 πρὸς
1925 2774 1960 2813 ⁴

1941 2459 1950 2463 ι
1938 2415 1955 2446 *vv

1955 2301 1965 2406 ›e—-v-1.
1962 2262 1964 2286 „-
1962 2231 1965 2256 ⁷„
