<?xml version="1.0" encoding="UTF-8"?>
<!DOCTYPE html PUBLIC "-//W3C//DTD XHTML 1.0 Transitional//EN"
    "http://www.w3.org/TR/xhtml1/DTD/xhtml1-transitional.dtd">
<html xmlns="http://www.w3.org/1999/xhtml" xml:lang="en" lang="en">
 <head>
  <title>
</title>
<meta http-equiv="Content-Type" content="text/html;charset=utf-8" />
  <meta name='ocr-system' content='tesseract 3.04.00' />
  <meta name='ocr-capabilities' content='ocr_page ocr_carea ocr_par ocr_line ocrx_word'/>
</head>
<body>
  <div class='ocr_page' id='page_1' title='image "./operaeusebius04euseuoft_0275.png"; bbox 0 0 1986 3152; ppageno 0'>
   <div class='ocr_carea' id='block_1_1' title="bbox 559 98 1718 150">
    <p class='ocr_par' dir='ltr' id='par_1_1' title="bbox 559 98 1718 150">
     <span class='ocr_line' id='line_1_1' title="bbox 559 98 1718 150; baseline 0.008 -9"><span class='ocrx_word' id='word_1_1' title='bbox 559 100 714 141; x_wconf 70' lang='lat' dir='ltr'>ffls‘r.</span> <span class='ocrx_word' id='word_1_2' title='bbox 746 99 995 141; x_wconf 80' lang='lat' dir='ltr'><strong>ECOLES.</strong></span> <span class='ocrx_word' id='word_1_3' title='bbox 1018 100 1070 142; x_wconf 85' lang='lat' dir='ltr'><strong><em>v.</em></strong></span> <span class='ocrx_word' id='word_1_4' title='bbox 1097 101 1275 140; x_wconf 84' lang='lat'>14—16.</span> <span class='ocrx_word' id='word_1_5' title='bbox 1614 98 1718 150; x_wconf 82' lang='lat'><strong><em>215</em></strong></span> 
     </span>
    </p>
   </div>
   <div class='ocr_carea' id='block_1_2' title="bbox 106 212 1793 2814">
    <p class='ocr_par' dir='ltr' id='par_1_2' title="bbox 106 212 1793 2814">
     <span class='ocr_line' id='line_1_2' title="bbox 115 212 1718 291; baseline -0.001 -17"><span class='ocrx_word' id='word_1_6' title='bbox 115 230 260 287; x_wconf 78' lang='grc' dir='ltr'><strong><em>ζεται</em></strong></span> <span class='ocrx_word' id='word_1_7' title='bbox 287 218 427 287; x_wconf 88' lang='grc' dir='ltr'><strong><em>γοῦν</em></strong></span> <span class='ocrx_word' id='word_1_8' title='bbox 455 220 652 273; x_wconf 86' lang='grc' dir='ltr'><strong><em>τοῦτον</em></strong></span> <span class='ocrx_word' id='word_1_9' title='bbox 681 213 777 272; x_wconf 84' lang='grc' dir='ltr'><strong><em>τὸν</em></strong></span> <span class='ocrx_word' id='word_1_10' title='bbox 816 214 1020 291; x_wconf 81' lang='grc' dir='ltr'><strong><em>τρόπον</em></strong></span> <span class='ocrx_word' id='word_1_11' title='bbox 1063 215 1157 272; x_wconf 80' lang='lat'><strong><em>3.‘</em></strong></span> <span class='ocrx_word' id='word_1_12' title='bbox 1160 212 1243 272; x_wconf 57' lang='grc' dir='ltr'><strong><em>’ἐκ</em></strong></span> <span class='ocrx_word' id='word_1_13' title='bbox 1283 220 1543 273; x_wconf 83' lang='grc' dir='ltr'><strong><em>πλείστου</em></strong></span> <span class='ocrx_word' id='word_1_14' title='bbox 1584 232 1718 272; x_wconf 88' lang='grc' dir='ltr'><strong><em>οσου</em></strong></span> 
     </span>
     <span class='ocr_line' id='line_1_3' title="bbox 111 296 1718 381; baseline -0.001 -24.977"><span class='ocrx_word' id='word_1_15' title='bbox 111 297 239 356; x_wconf 61' lang='grc' dir='ltr'><strong><em>’καὶ</em></strong></span> <span class='ocrx_word' id='word_1_16' title='bbox 285 297 628 356; x_wconf 77' lang='grc' dir='ltr'><strong><em>ἱκανωτάτου</em></strong></span> <span class='ocrx_word' id='word_1_17' title='bbox 678 298 911 374; x_wconf 85' lang='grc' dir='ltr'><strong><em>χρόνου,</em></strong></span> <span class='ocrx_word' id='word_1_18' title='bbox 954 297 1198 381; x_wconf 77' lang='grc' dir='ltr'><strong><em>άγαπητὲ</em></strong></span> <span class='ocrx_word' id='word_1_19' title='bbox 1244 296 1515 371; x_wconf 84' lang='grc' dir='ltr'><strong><em>Ἀουίρκιε</em></strong></span> <span class='ocrx_word' id='word_1_20' title='bbox 1560 298 1718 374; x_wconf 89' lang='grc' dir='ltr'><strong><em>Μάρ-</em></strong></span> 
     </span>
     <span class='ocr_line' id='line_1_4' title="bbox 107 380 1719 456; baseline 0 -15"><span class='ocrx_word' id='word_1_21' title='bbox 107 380 333 455; x_wconf 75' lang='grc' dir='ltr'><strong><em>“κελλε,</em></strong></span> <span class='ocrx_word' id='word_1_22' title='bbox 387 386 701 456; x_wconf 81' lang='grc' dir='ltr'><strong><em>ἐπιταχθεὶς</em></strong></span> <span class='ocrx_word' id='word_1_23' title='bbox 741 382 849 441; x_wconf 80' lang='grc' dir='ltr'><strong><em>ὑπὸ</em></strong></span> <span class='ocrx_word' id='word_1_24' title='bbox 890 389 993 442; x_wconf 87' lang='grc' dir='ltr'><strong><em>σοῦ</em></strong></span> <span class='ocrx_word' id='word_1_25' title='bbox 1034 384 1350 456; x_wconf 83' lang='grc' dir='ltr'><strong><em>συγγράψαι</em></strong></span> <span class='ocrx_word' id='word_1_26' title='bbox 1389 382 1514 440; x_wconf 79' lang='grc' dir='ltr'><strong><em>τινὰ</em></strong></span> <span class='ocrx_word' id='word_1_27' title='bbox 1554 383 1719 456; x_wconf 89' lang='grc' dir='ltr'><strong><em>λόγον</em></strong></span> 
     </span>
     <span class='ocr_line' id='line_1_5' title="bbox 107 467 1718 541; baseline -0.001 -15.945"><span class='ocrx_word' id='word_1_28' title='bbox 107 467 226 535; x_wconf 65' lang='lat' dir='ltr'><strong><em>“sig</em></strong></span> <span class='ocrx_word' id='word_1_29' title='bbox 265 467 368 540; x_wconf 83' lang='grc' dir='ltr'><strong><em>τὴν</em></strong></span> <span class='ocrx_word' id='word_1_30' title='bbox 407 491 521 524; x_wconf 90' lang='grc' dir='ltr'><strong><em>των</em></strong></span> <span class='ocrx_word' id='word_1_31' title='bbox 570 467 706 524; x_wconf 82' lang='grc' dir='ltr'><strong><em>κατὰ</em></strong></span> <span class='ocrx_word' id='word_1_32' title='bbox 748 467 1068 540; x_wconf 74' lang='grc' dir='ltr'><strong><em>Μιλτιάδην</em></strong></span> <span class='ocrx_word' id='word_1_33' title='bbox 1118 471 1432 541; x_wconf 85' lang='grc' dir='ltr'><strong><em>λεγομένων</em></strong></span> <span class='ocrx_word' id='word_1_34' title='bbox 1484 472 1718 540; x_wconf 87' lang='grc' dir='ltr'><strong><em>αίρεσιν,</em></strong></span> 
     </span>
     <span class='ocr_line' id='line_1_6' title="bbox 106 550 1762 626; baseline -0.002 -16"><span class='ocrx_word' id='word_1_35' title='bbox 106 550 581 625; x_wconf 80' lang='grc' dir='ltr'><strong><em>“ε’φεκτικω’τερόν</em></strong></span> <span class='ocrx_word' id='word_1_36' title='bbox 623 575 738 619; x_wconf 93' lang='grc' dir='ltr'><strong><em>πως</em></strong></span> <span class='ocrx_word' id='word_1_37' title='bbox 768 556 925 626; x_wconf 86' lang='grc' dir='ltr'><strong><em>μέχρι</em></strong></span> <span class='ocrx_word' id='word_1_38' title='bbox 965 556 1073 610; x_wconf 82' lang='grc' dir='ltr'><strong><em>νῦν</em></strong></span> <span class='ocrx_word' id='word_1_39' title='bbox 1106 557 1406 625; x_wconf 88' lang='grc' dir='ltr'><strong><em>διεκείμην,</em></strong></span> <span class='ocrx_word' id='word_1_40' title='bbox 1447 550 1548 609; x_wconf 86' lang='grc' dir='ltr'><strong><em>οὐκ</em></strong></span> <span class='ocrx_word' id='word_1_41' title='bbox 1578 550 1714 608; x_wconf 81' lang='grc' dir='ltr'><strong><em>ἀπο·</em></strong></span> <span class='ocrx_word' id='word_1_42' title='bbox 1743 573 1762 605; x_wconf 84' lang='grc'>5</span> 
     </span>
     <span class='ocr_line' id='line_1_7' title="bbox 109 633 1721 711; baseline -0.001 -18"><span class='ocrx_word' id='word_1_43' title='bbox 109 633 243 711; x_wconf 75' lang='grc' dir='ltr'><strong><em>“ρία</em></strong></span> <span class='ocrx_word' id='word_1_44' title='bbox 274 639 374 693; x_wconf 79' lang='grc' dir='ltr'><strong><em>τοῦ</em></strong></span> <span class='ocrx_word' id='word_1_45' title='bbox 403 634 689 693; x_wconf 84' lang='grc' dir='ltr'><strong><em>δυ’νασθαι</em></strong></span> <span class='ocrx_word' id='word_1_46' title='bbox 723 639 965 709; x_wconf 79' lang='grc' dir='ltr'><strong><em>ἐλέγχειν</em></strong></span> <span class='ocrx_word' id='word_1_47' title='bbox 1004 636 1106 708; x_wconf 74' lang='grc' dir='ltr'><strong><em>μὲν</em></strong></span> <span class='ocrx_word' id='word_1_48' title='bbox 1146 635 1206 693; x_wconf 88' lang='grc' dir='ltr'><strong><em>τὸ</em></strong></span> <span class='ocrx_word' id='word_1_49' title='bbox 1237 639 1472 708; x_wconf 77' lang='grc' dir='ltr'><strong><em>ψεῦδος,</em></strong></span> <span class='ocrx_word' id='word_1_50' title='bbox 1514 655 1721 709; x_wconf 80' lang='grc' dir='ltr'><strong><em>μαρτυ-</em></strong></span> 
     </span>
     <span class='ocr_line' id='line_1_8' title="bbox 111 717 1723 825; baseline 0 -49"><span class='ocrx_word' id='word_1_51' title='bbox 111 717 276 825; x_wconf 51' lang='grc' dir='ltr'><strong><em>ἶρεϊν</em></strong></span> <span class='ocrx_word' id='word_1_52' title='bbox 310 720 371 776; x_wconf 77' lang='grc' dir='ltr'><strong><em>δὲ</em></strong></span> <span class='ocrx_word' id='word_1_53' title='bbox 400 722 469 791; x_wconf 80' lang='grc' dir='ltr'><strong><em>τῇ</em></strong></span> <span class='ocrx_word' id='word_1_54' title='bbox 498 718 763 795; x_wconf 78' lang='grc' dir='ltr'><strong><em>ἀληθείᾳ,</em></strong></span> <span class='ocrx_word' id='word_1_55' title='bbox 808 719 1004 786; x_wconf 76' lang='grc' dir='ltr'><strong><em>δεδιώς</em></strong></span> <span class='ocrx_word' id='word_1_56' title='bbox 1035 720 1097 776; x_wconf 89' lang='grc' dir='ltr'><strong><em>δε</em></strong></span> <span class='ocrx_word' id='word_1_57' title='bbox 1127 721 1219 776; x_wconf 88' lang='grc' dir='ltr'><strong><em>καὶ</em></strong></span> <span class='ocrx_word' id='word_1_58' title='bbox 1261 718 1723 792; x_wconf 81' lang='grc' dir='ltr'><strong><em>ἐξευλαβούμενος</em></strong></span> 
     </span>
     <span class='ocr_line' id='line_1_9' title="bbox 108 800 1724 908; baseline -0.001 -47.973"><span class='ocrx_word' id='word_1_59' title='bbox 108 803 224 908; x_wconf 52' lang='grc' dir='ltr'><strong><em>τζμή</em></strong></span> <span class='ocrx_word' id='word_1_60' title='bbox 255 826 331 875; x_wconf 89' lang='grc' dir='ltr'><strong><em>πη</em></strong></span> <span class='ocrx_word' id='word_1_61' title='bbox 364 801 504 870; x_wconf 79' lang='grc' dir='ltr'><strong><em>δόξω</em></strong></span> <span class='ocrx_word' id='word_1_62' title='bbox 534 805 681 860; x_wconf 88' lang='grc' dir='ltr'><strong><em>τισὶν</em></strong></span> <span class='ocrx_word' id='word_1_63' title='bbox 713 802 1150 878; x_wconf 83' lang='grc' dir='ltr'><strong><em>ἐπισυγγράφειν</em></strong></span> <span class='ocrx_word' id='word_1_64' title='bbox 1172 800 1206 876; x_wconf 77' lang='grc' dir='ltr'><strong><em>ἢ</em></strong></span> <span class='ocrx_word' id='word_1_65' title='bbox 1232 802 1724 861; x_wconf 84' lang='grc' dir='ltr'><strong><em>ἐπιδιατάσσεσθαι</em></strong></span> 
     </span>
     <span class='ocr_line' id='line_1_10' title="bbox 108 878 1725 990; baseline -0.001 -45.952"><span class='ocrx_word' id='word_1_66' title='bbox 108 888 224 990; x_wconf 52' lang='lat' dir='ltr'><em>:vc-5</em></span> <span class='ocrx_word' id='word_1_67' title='bbox 259 891 356 959; x_wconf 85' lang='grc' dir='ltr'><strong><em>τῆς</em></strong></span> <span class='ocrx_word' id='word_1_68' title='bbox 394 890 492 943; x_wconf 86' lang='grc' dir='ltr'><strong><em>τοῦ</em></strong></span> <span class='ocrx_word' id='word_1_69' title='bbox 534 885 860 959; x_wconf 80' lang='grc' dir='ltr'><strong><em>εὐαγγελίου</em></strong></span> <span class='ocrx_word' id='word_1_70' title='bbox 899 891 1091 961; x_wconf 85' lang='grc' dir='ltr'><strong><em>καινῆς</em></strong></span> <span class='ocrx_word' id='word_1_71' title='bbox 1137 885 1412 960; x_wconf 79' lang='grc' dir='ltr'><strong><em>διαθήκης</em></strong></span> <span class='ocrx_word' id='word_1_72' title='bbox 1452 886 1626 963; x_wconf 77' lang='grc' dir='ltr'><strong><em>λόγῳ,</em></strong></span> <span class='ocrx_word' id='word_1_73' title='bbox 1681 878 1725 963; x_wconf 77' lang='grc' dir='ltr'><em>ςὸ</em></span> 
     </span>
     <span class='ocr_line' id='line_1_11' title="bbox 109 967 1788 1047; baseline -0.001 -18.951"><span class='ocrx_word' id='word_1_74' title='bbox 109 967 284 1045; x_wconf 83' lang='grc' dir='ltr'><strong><em>“μη’τε</em></strong></span> <span class='ocrx_word' id='word_1_75' title='bbox 314 980 645 1044; x_wconf 81' lang='grc' dir='ltr'><strong><em>προσθεῖναι</em></strong></span> <span class='ocrx_word' id='word_1_76' title='bbox 674 970 798 1044; x_wconf 87' lang='grc' dir='ltr'><strong><em>μήτ’</em></strong></span> <span class='ocrx_word' id='word_1_77' title='bbox 836 967 1068 1045; x_wconf 83' lang='grc' dir='ltr'><strong><em>άφελεῖν</em></strong></span> <span class='ocrx_word' id='word_1_78' title='bbox 1107 970 1350 1029; x_wconf 88' lang='grc' dir='ltr'><strong><em>δυνατὸν</em></strong></span> <span class='ocrx_word' id='word_1_79' title='bbox 1389 974 1464 1047; x_wconf 77' lang='grc' dir='ltr'><strong><em>τῷ</em></strong></span> <span class='ocrx_word' id='word_1_80' title='bbox 1495 995 1632 1027; x_wconf 86' lang='grc' dir='ltr'><strong><em>κατα</em></strong></span> <span class='ocrx_word' id='word_1_81' title='bbox 1664 971 1723 1026; x_wconf 88' lang='grc' dir='ltr'><strong><em>τὸ</em></strong></span> <span class='ocrx_word' id='word_1_82' title='bbox 1747 990 1788 1023; x_wconf 80' lang='lat'><strong><em>10</em></strong></span> 
     </span>
     <span class='ocr_line' id='line_1_12' title="bbox 107 1035 1724 1133; baseline -0.001 -20"><span class='ocrx_word' id='word_1_83' title='bbox 107 1052 476 1128; x_wconf 79' lang='grc' dir='ltr'><strong><em>“εὐαγγέλιον</em></strong></span> <span class='ocrx_word' id='word_1_84' title='bbox 497 1053 630 1112; x_wconf 85' lang='grc' dir='ltr'><strong><em>αὐτὸ</em></strong></span> <span class='ocrx_word' id='word_1_85' title='bbox 651 1055 1045 1114; x_wconf 82' lang='grc' dir='ltr'><strong><em>πολιτεύεσθαι</em></strong></span> <span class='ocrx_word' id='word_1_86' title='bbox 1069 1035 1452 1133; x_wconf 78' lang='grc' dir='ltr'><strong><em>προῃρημένῳ.</em></strong></span> <span class='ocrx_word' id='word_1_87' title='bbox 1490 1059 1537 1111; x_wconf 82' lang='lat'><strong><em>4.</em></strong></span> <span class='ocrx_word' id='word_1_88' title='bbox 1558 1073 1724 1130; x_wconf 90' lang='grc' dir='ltr'><strong><em>προσ-</em></strong></span> 
     </span>
     <span class='ocr_line' id='line_1_13' title="bbox 109 1137 1723 1217; baseline -0.001 -21"><span class='ocrx_word' id='word_1_89' title='bbox 109 1138 335 1214; x_wconf 82' lang='grc' dir='ltr'><strong><em>“φάτως</em></strong></span> <span class='ocrx_word' id='word_1_90' title='bbox 368 1139 431 1196; x_wconf 77' lang='grc' dir='ltr'><strong><em>δὲ</em></strong></span> <span class='ocrx_word' id='word_1_91' title='bbox 459 1137 754 1213; x_wconf 86' lang='grc' dir='ltr'><strong><em>γενόμενος</em></strong></span> <span class='ocrx_word' id='word_1_92' title='bbox 787 1143 846 1198; x_wconf 89' lang='grc' dir='ltr'><strong><em>ἐν</em></strong></span> <span class='ocrx_word' id='word_1_93' title='bbox 881 1137 1121 1217; x_wconf 78' lang='grc' dir='ltr'><strong><em>Ἀγκύρᾳ</em></strong></span> <span class='ocrx_word' id='word_1_94' title='bbox 1160 1145 1256 1212; x_wconf 83' lang='grc' dir='ltr'><strong><em>τῆς</em></strong></span> <span class='ocrx_word' id='word_1_95' title='bbox 1286 1143 1590 1210; x_wconf 83' lang='grc' dir='ltr'><strong><em>Γαλατίας,</em></strong></span> <span class='ocrx_word' id='word_1_96' title='bbox 1632 1140 1723 1195; x_wconf 86' lang='grc' dir='ltr'><strong><em>καὶ</em></strong></span> 
     </span>
     <span class='ocr_line' id='line_1_14' title="bbox 110 1220 1723 1296; baseline -0.001 -15"><span class='ocrx_word' id='word_1_97' title='bbox 110 1220 482 1296; x_wconf 74' lang='grc' dir='ltr'><strong><em>“καταλαβῶν</em></strong></span> <span class='ocrx_word' id='word_1_98' title='bbox 529 1222 631 1296; x_wconf 87' lang='grc' dir='ltr'><strong><em>τὴν</em></strong></span> <span class='ocrx_word' id='word_1_99' title='bbox 681 1223 817 1282; x_wconf 71' lang='grc' dir='ltr'><strong><em>κατὰ</em></strong></span> <span class='ocrx_word' id='word_1_100' title='bbox 857 1223 1080 1282; x_wconf 91' lang='grc' dir='ltr'><strong><em>Πόντον</em></strong></span> <span class='ocrx_word' id='word_1_101' title='bbox 1134 1227 1428 1296; x_wconf 85' lang='grc' dir='ltr'><strong><em>ἐκκλησίαν</em></strong></span> <span class='ocrx_word' id='word_1_102' title='bbox 1470 1221 1579 1279; x_wconf 81' lang='grc' dir='ltr'><strong><em>ὑπὸ</em></strong></span> <span class='ocrx_word' id='word_1_103' title='bbox 1629 1226 1723 1295; x_wconf 88' lang='grc' dir='ltr'><strong><em>τῆς</em></strong></span> 
     </span>
     <span class='ocr_line' id='line_1_15' title="bbox 111 1304 1725 1382; baseline -0.002 -16"><span class='ocrx_word' id='word_1_104' title='bbox 111 1305 278 1375; x_wconf 57' lang='grc' dir='ltr'><strong><em>ε’νέας</em></strong></span> <span class='ocrx_word' id='word_1_105' title='bbox 307 1307 530 1380; x_wconf 79' lang='grc' dir='ltr'><strong><em>ταύτης,</em></strong></span> <span class='ocrx_word' id='word_1_106' title='bbox 562 1306 682 1381; x_wconf 81' lang='grc' dir='ltr'><strong><em>οὐχ,</em></strong></span> <span class='ocrx_word' id='word_1_107' title='bbox 716 1307 789 1376; x_wconf 76' lang='grc' dir='ltr'><strong><em>ὡς</em></strong></span> <span class='ocrx_word' id='word_1_108' title='bbox 819 1308 984 1366; x_wconf 82' lang='grc' dir='ltr'><strong><em>αὐτοί</em></strong></span> <span class='ocrx_word' id='word_1_109' title='bbox 1003 1328 1159 1382; x_wconf 87' lang='grc' dir='ltr'><strong><em>φασι,</em></strong></span> <span class='ocrx_word' id='word_1_110' title='bbox 1193 1314 1552 1381; x_wconf 84' lang='grc' dir='ltr'><strong><em>προφητείας,</em></strong></span> <span class='ocrx_word' id='word_1_111' title='bbox 1584 1304 1725 1363; x_wconf 71' lang='grc' dir='ltr'><strong><em>πολὺ</em></strong></span> 
     </span>
     <span class='ocr_line' id='line_1_16' title="bbox 113 1388 1787 1466; baseline -0.002 -16"><span class='ocrx_word' id='word_1_112' title='bbox 113 1389 212 1450; x_wconf 67' lang='lat'><strong><em>“632</em></strong></span> <span class='ocrx_word' id='word_1_113' title='bbox 242 1398 480 1466; x_wconf 80' lang='grc' dir='ltr'><strong><em>μᾶλλον,</em></strong></span> <span class='ocrx_word' id='word_1_114' title='bbox 525 1388 598 1458; x_wconf 74' lang='grc' dir='ltr'><strong><em>ὥς</em></strong></span> <span class='ocrx_word' id='word_1_115' title='bbox 632 1392 1013 1466; x_wconf 83' lang='grc' dir='ltr'><strong><em>δειχθήσεται,</em></strong></span> <span class='ocrx_word' id='word_1_116' title='bbox 1058 1398 1574 1466; x_wconf 83' lang='grc' dir='ltr'><strong><em>ψευδοπροφητείας</em></strong></span> <span class='ocrx_word' id='word_1_117' title='bbox 1608 1396 1722 1448; x_wconf 84' lang='grc' dir='ltr'><strong><em>δια·</em></strong></span> <span class='ocrx_word' id='word_1_118' title='bbox 1748 1408 1787 1441; x_wconf 88' lang='lat'><strong><em>15</em></strong></span> 
     </span>
     <span class='ocr_line' id='line_1_17' title="bbox 109 1473 1726 1578; baseline -0.002 -43.924"><span class='ocrx_word' id='word_1_119' title='bbox 109 1473 590 1578; x_wconf 51' lang='grc' dir='ltr'><strong><em>ἶτεθρυλημένην,</em></strong></span> <span class='ocrx_word' id='word_1_120' title='bbox 624 1474 759 1534; x_wconf 85' lang='grc' dir='ltr'><strong><em>καθ’</em></strong></span> <span class='ocrx_word' id='word_1_121' title='bbox 792 1497 924 1535; x_wconf 92' lang='grc' dir='ltr'><strong><em>οσον</em></strong></span> <span class='ocrx_word' id='word_1_122' title='bbox 957 1477 1226 1550; x_wconf 83' lang='grc' dir='ltr'><strong><em>δυνατὸν,</em></strong></span> <span class='ocrx_word' id='word_1_123' title='bbox 1259 1481 1355 1534; x_wconf 84' lang='grc' dir='ltr'><strong><em>τοῦ</em></strong></span> <span class='ocrx_word' id='word_1_124' title='bbox 1386 1481 1587 1548; x_wconf 90' lang='grc' dir='ltr'><strong><em>κυρίου</em></strong></span> <span class='ocrx_word' id='word_1_125' title='bbox 1619 1498 1726 1531; x_wconf 91' lang='grc' dir='ltr'><strong><em>πα-</em></strong></span> 
     </span>
     <span class='ocr_line' id='line_1_18' title="bbox 113 1558 1727 1666; baseline -0.001 -49.975"><span class='ocrx_word' id='word_1_126' title='bbox 113 1558 486 1666; x_wconf 52' lang='grc' dir='ltr'><strong><em>ἶρασχόντος,</em></strong></span> <span class='ocrx_word' id='word_1_127' title='bbox 528 1563 653 1632; x_wconf 86' lang='grc' dir='ltr'><strong><em>περὶ</em></strong></span> <span class='ocrx_word' id='word_1_128' title='bbox 686 1559 873 1619; x_wconf 81' lang='grc' dir='ltr'><strong><em>αυτῶν</em></strong></span> <span class='ocrx_word' id='word_1_129' title='bbox 903 1585 963 1618; x_wconf 87' lang='grc' dir='ltr'><strong><em>τε.</em></strong></span> <span class='ocrx_word' id='word_1_130' title='bbox 992 1561 1203 1619; x_wconf 84' lang='grc' dir='ltr'><strong><em>τούτων</em></strong></span> <span class='ocrx_word' id='word_1_131' title='bbox 1243 1563 1335 1618; x_wconf 88' lang='grc' dir='ltr'><strong><em>καὶ</em></strong></span> <span class='ocrx_word' id='word_1_132' title='bbox 1365 1564 1476 1618; x_wconf 78' lang='grc' dir='ltr'><strong><em>τῶν</em></strong></span> <span class='ocrx_word' id='word_1_133' title='bbox 1507 1582 1727 1633; x_wconf 90' lang='grc' dir='ltr'><strong><em>προτει-</em></strong></span> 
     </span>
     <span class='ocr_line' id='line_1_19' title="bbox 111 1638 1724 1747; baseline -0.001 -45.95"><span class='ocrx_word' id='word_1_134' title='bbox 111 1642 401 1747; x_wconf 47' lang='grc' dir='ltr'><strong><em>Ξζνομένων</em></strong></span> <span class='ocrx_word' id='word_1_135' title='bbox 439 1638 537 1699; x_wconf 86' lang='grc' dir='ltr'><strong><em>υπ’</em></strong></span> <span class='ocrx_word' id='word_1_136' title='bbox 574 1641 758 1702; x_wconf 80' lang='grc' dir='ltr'><strong><em>αὐτων</em></strong></span> <span class='ocrx_word' id='word_1_137' title='bbox 789 1645 954 1703; x_wconf 80' lang='grc' dir='ltr'><strong><em>ε’καςά</em></strong></span> <span class='ocrx_word' id='word_1_138' title='bbox 993 1669 1052 1703; x_wconf 85' lang='grc' dir='ltr'><strong><em>τε</em></strong></span> <span class='ocrx_word' id='word_1_139' title='bbox 1094 1648 1456 1719; x_wconf 85' lang='grc' dir='ltr'><strong><em>διελέχθημεν</em></strong></span> <span class='ocrx_word' id='word_1_140' title='bbox 1497 1639 1724 1717; x_wconf 80' lang='grc' dir='ltr'><strong><em>ἡμέραις</em></strong></span> 
     </span>
     <span class='ocr_line' id='line_1_20' title="bbox 111 1726 1727 1806; baseline -0.001 -19.952"><span class='ocrx_word' id='word_1_141' title='bbox 111 1726 400 1786; x_wconf 76' lang='grc' dir='ltr'><strong><em>“πλείοσιν</em></strong></span> <span class='ocrx_word' id='word_1_142' title='bbox 453 1730 513 1784; x_wconf 89' lang='grc' dir='ltr'><strong><em>ἐν</em></strong></span> <span class='ocrx_word' id='word_1_143' title='bbox 555 1732 621 1802; x_wconf 84' lang='grc' dir='ltr'><strong><em>τῆ</em></strong></span> <span class='ocrx_word' id='word_1_144' title='bbox 669 1732 956 1806; x_wconf 86' lang='grc' dir='ltr'><strong><em>ἐκκλησία,</em></strong></span> <span class='ocrx_word' id='word_1_145' title='bbox 1011 1755 1084 1797; x_wconf 90' lang='grc' dir='ltr'><strong><em>ως</em></strong></span> <span class='ocrx_word' id='word_1_146' title='bbox 1127 1727 1228 1802; x_wconf 87' lang='grc' dir='ltr'><strong><em>τὴν</em></strong></span> <span class='ocrx_word' id='word_1_147' title='bbox 1272 1753 1375 1802; x_wconf 87' lang='grc' dir='ltr'><strong><em>μεν</em></strong></span> <span class='ocrx_word' id='word_1_148' title='bbox 1428 1732 1727 1800; x_wconf 84' lang='grc' dir='ltr'><strong><em>ἐκκλησίαν</em></strong></span> 
     </span>
     <span class='ocr_line' id='line_1_21' title="bbox 113 1810 1787 1888; baseline -0.001 -18"><span class='ocrx_word' id='word_1_149' title='bbox 113 1810 597 1886; x_wconf 57' lang='grc' dir='ltr'><strong><em>τεοἷγαλλιασθῆναι</em></strong></span> <span class='ocrx_word' id='word_1_150' title='bbox 628 1816 720 1870; x_wconf 86' lang='grc' dir='ltr'><strong><em>καὶ</em></strong></span> <span class='ocrx_word' id='word_1_151' title='bbox 751 1813 884 1888; x_wconf 80' lang='grc' dir='ltr'><strong><em>πρὸς</em></strong></span> <span class='ocrx_word' id='word_1_152' title='bbox 927 1815 1031 1887; x_wconf 81' lang='grc' dir='ltr'><strong><em>τὴν</em></strong></span> <span class='ocrx_word' id='word_1_153' title='bbox 1061 1813 1335 1886; x_wconf 76' lang='grc' dir='ltr'><strong><em>ἀλήθειαν</em></strong></span> <span class='ocrx_word' id='word_1_154' title='bbox 1368 1815 1723 1887; x_wconf 83' lang='grc' dir='ltr'><strong><em>ἐπιρρωσθῆ-</em></strong></span> <span class='ocrx_word' id='word_1_155' title='bbox 1747 1829 1787 1860; x_wconf 81' lang='lat'><strong><em>20</em></strong></span> 
     </span>
     <span class='ocr_line' id='line_1_22' title="bbox 153 1894 1726 1972; baseline -0.002 -17"><span class='ocrx_word' id='word_1_156' title='bbox 153 1923 268 1970; x_wconf 90' lang='grc' dir='ltr'><strong><em>ναι,</em></strong></span> <span class='ocrx_word' id='word_1_157' title='bbox 297 1895 424 1963; x_wconf 79' lang='grc' dir='ltr'><strong><em>τοὺς</em></strong></span> <span class='ocrx_word' id='word_1_158' title='bbox 447 1894 498 1953; x_wconf 86' lang='grc' dir='ltr'><strong><em>δ’</em></strong></span> <span class='ocrx_word' id='word_1_159' title='bbox 527 1899 632 1965; x_wconf 82' lang='grc' dir='ltr'><strong><em>ἐξ’</em></strong></span> <span class='ocrx_word' id='word_1_160' title='bbox 606 1905 858 1966; x_wconf 84' lang='grc' dir='ltr'><strong><em>εναντίας</em></strong></span> <span class='ocrx_word' id='word_1_161' title='bbox 883 1899 1018 1970; x_wconf 84' lang='grc' dir='ltr'><strong><em>πρὸς</em></strong></span> <span class='ocrx_word' id='word_1_162' title='bbox 1041 1897 1099 1955; x_wconf 79' lang='grc' dir='ltr'><strong><em>τὸ</em></strong></span> <span class='ocrx_word' id='word_1_163' title='bbox 1124 1897 1302 1972; x_wconf 84' lang='grc' dir='ltr'><strong><em>παρὸν</em></strong></span> <span class='ocrx_word' id='word_1_164' title='bbox 1332 1894 1726 1970; x_wconf 81' lang='grc' dir='ltr'><strong><em>ἆποκρουσθῆ-</em></strong></span> 
     </span>
     <span class='ocr_line' id='line_1_23' title="bbox 112 1978 1726 2085; baseline -0.002 -45.926"><span class='ocrx_word' id='word_1_165' title='bbox 112 1978 264 2085; x_wconf 34' lang='grc' dir='ltr'><strong><em>ἱεναι,</em></strong></span> <span class='ocrx_word' id='word_1_166' title='bbox 295 1982 388 2038; x_wconf 85' lang='grc' dir='ltr'><strong><em>καὶ</em></strong></span> <span class='ocrx_word' id='word_1_167' title='bbox 418 2004 546 2047; x_wconf 90' lang='grc' dir='ltr'><strong><em>τους</em></strong></span> <span class='ocrx_word' id='word_1_168' title='bbox 585 1980 881 2051; x_wconf 80' lang='grc' dir='ltr'><strong><em>ἀντιθέους</em></strong></span> <span class='ocrx_word' id='word_1_169' title='bbox 920 1986 1259 2056; x_wconf 81' lang='grc' dir='ltr'><strong><em>λυπηθῆναι.</em></strong></span> <span class='ocrx_word' id='word_1_170' title='bbox 1324 1986 1371 2039; x_wconf 75' lang='lat'><strong><em>5.</em></strong></span> <span class='ocrx_word' id='word_1_171' title='bbox 1422 1978 1726 2050; x_wconf 76' lang='grc' dir='ltr'><strong><em>ἀξιούντων</em></strong></span> 
     </span>
     <span class='ocr_line' id='line_1_24' title="bbox 115 2062 1726 2142; baseline -0.002 -18.918"><span class='ocrx_word' id='word_1_172' title='bbox 115 2062 263 2124; x_wconf 71' lang='grc' dir='ltr'><strong><em>“οὐν</em></strong></span> <span class='ocrx_word' id='word_1_173' title='bbox 291 2071 402 2123; x_wconf 78' lang='grc' dir='ltr'><strong><em>τῶν</em></strong></span> <span class='ocrx_word' id='word_1_174' title='bbox 432 2064 569 2122; x_wconf 80' lang='grc' dir='ltr'><strong><em>κατὰ</em></strong></span> <span class='ocrx_word' id='word_1_175' title='bbox 607 2065 783 2125; x_wconf 88' lang='grc' dir='ltr'><strong><em>τόπον</em></strong></span> <span class='ocrx_word' id='word_1_176' title='bbox 823 2069 1246 2142; x_wconf 84' lang='grc' dir='ltr'><strong><em>πρεσβυτέρων,</em></strong></span> <span class='ocrx_word' id='word_1_177' title='bbox 1292 2088 1440 2132; x_wconf 90' lang='grc' dir='ltr'><strong><em>οπως</em></strong></span> <span class='ocrx_word' id='word_1_178' title='bbox 1483 2070 1594 2122; x_wconf 79' lang='grc' dir='ltr'><strong><em>τῶν</em></strong></span> <span class='ocrx_word' id='word_1_179' title='bbox 1636 2072 1726 2121; x_wconf 91' lang='grc' dir='ltr'><strong><em>λε-</em></strong></span> 
     </span>
     <span class='ocr_line' id='line_1_25' title="bbox 114 2147 1726 2227; baseline -0.003 -18.898"><span class='ocrx_word' id='word_1_180' title='bbox 114 2149 406 2224; x_wconf 82' lang='grc' dir='ltr'><strong><em>“χθέντων</em></strong></span> <span class='ocrx_word' id='word_1_181' title='bbox 446 2173 583 2207; x_wconf 89' lang='grc' dir='ltr'><strong><em>κατα</em></strong></span> <span class='ocrx_word' id='word_1_182' title='bbox 622 2155 735 2208; x_wconf 76' lang='grc' dir='ltr'><strong><em>τῶν</em></strong></span> <span class='ocrx_word' id='word_1_183' title='bbox 775 2149 1308 2225; x_wconf 77' lang='grc' dir='ltr'><strong><em>ἄντιδιατιθεμένων</em></strong></span> <span class='ocrx_word' id='word_1_184' title='bbox 1347 2154 1422 2227; x_wconf 81' lang='grc' dir='ltr'><strong><em>τῷ</em></strong></span> <span class='ocrx_word' id='word_1_185' title='bbox 1462 2153 1556 2221; x_wconf 84' lang='grc' dir='ltr'><strong><em>τῆς</em></strong></span> <span class='ocrx_word' id='word_1_186' title='bbox 1597 2147 1726 2220; x_wconf 91' lang='grc' dir='ltr'><strong><em>αλη-</em></strong></span> 
     </span>
     <span class='ocr_line' id='line_1_26' title="bbox 116 2230 1792 2311; baseline -0.003 -19"><span class='ocrx_word' id='word_1_187' title='bbox 116 2230 311 2301; x_wconf 40' lang='grc' dir='ltr'><strong><em>((θείας</em></strong></span> <span class='ocrx_word' id='word_1_188' title='bbox 342 2232 487 2311; x_wconf 76' lang='grc' dir='ltr'><strong><em>λόγῳ</em></strong></span> <span class='ocrx_word' id='word_1_189' title='bbox 508 2230 811 2309; x_wconf 74' lang='grc' dir='ltr'><strong><em>ὑπόμνημά</em></strong></span> <span class='ocrx_word' id='word_1_190' title='bbox 834 2262 882 2294; x_wconf 93' lang='grc' dir='ltr'><strong><em>τι</em></strong></span> <span class='ocrx_word' id='word_1_191' title='bbox 903 2243 1309 2310; x_wconf 86' lang='grc' dir='ltr'><strong><em>καταλίπωμεν,</em></strong></span> <span class='ocrx_word' id='word_1_192' title='bbox 1342 2233 1612 2309; x_wconf 87' lang='grc' dir='ltr'><strong><em>παρόντος</em></strong></span> <span class='ocrx_word' id='word_1_193' title='bbox 1636 2234 1726 2289; x_wconf 87' lang='grc' dir='ltr'><strong><em>καὶ</em></strong></span> <span class='ocrx_word' id='word_1_194' title='bbox 1750 2257 1792 2288; x_wconf 87' lang='lat'><strong><em>52</em></strong></span> 
     </span>
     <span class='ocr_line' id='line_1_27' title="bbox 115 2314 1728 2395; baseline -0.002 -19"><span class='ocrx_word' id='word_1_195' title='bbox 115 2314 254 2376; x_wconf 60' lang='lat' dir='ltr'><strong><em>“voi</em></strong></span> <span class='ocrx_word' id='word_1_196' title='bbox 296 2323 792 2393; x_wconf 87' lang='grc' dir='ltr'><strong><em>συμπρεσβυτέρου</em></strong></span> <span class='ocrx_word' id='word_1_197' title='bbox 836 2320 994 2395; x_wconf 79' lang='grc' dir='ltr'><strong><em>ἡμῶν</em></strong></span> <span class='ocrx_word' id='word_1_198' title='bbox 1025 2324 1273 2379; x_wconf 85' lang='grc' dir='ltr'><strong><em>Ζωτικοῦ</em></strong></span> <span class='ocrx_word' id='word_1_199' title='bbox 1313 2323 1410 2376; x_wconf 83' lang='grc' dir='ltr'><strong><em>τοῦ</em></strong></span> <span class='ocrx_word' id='word_1_200' title='bbox 1450 2315 1728 2391; x_wconf 84' lang='grc' dir='ltr'><strong><em>Ότρηνοῦ,</em></strong></span> 
     </span>
     <span class='ocr_line' id='line_1_28' title="bbox 116 2399 1729 2479; baseline -0.002 -19"><span class='ocrx_word' id='word_1_201' title='bbox 116 2399 317 2460; x_wconf 61' lang='lat' dir='ltr'>“rotho</span> <span class='ocrx_word' id='word_1_202' title='bbox 356 2403 460 2476; x_wconf 73' lang='grc' dir='ltr'><strong><em>μὲν</em></strong></span> <span class='ocrx_word' id='word_1_203' title='bbox 500 2400 602 2460; x_wconf 78' lang='grc' dir='ltr'><strong><em>οὐκ</em></strong></span> <span class='ocrx_word' id='word_1_204' title='bbox 645 2404 985 2479; x_wconf 72' lang='grc' dir='ltr'><strong><em>ἐπράξαμεν,</em></strong></span> <span class='ocrx_word' id='word_1_205' title='bbox 1030 2402 1475 2478; x_wconf 72' lang='grc' dir='ltr'><strong><em>ἐπηγγειλάμεθα</em></strong></span> <span class='ocrx_word' id='word_1_206' title='bbox 1508 2402 1599 2473; x_wconf 74' lang='grc' dir='ltr'><strong><em>δὲ,</em></strong></span> <span class='ocrx_word' id='word_1_207' title='bbox 1646 2404 1729 2457; x_wconf 86' lang='grc' dir='ltr'><strong><em>ἐν·</em></strong></span> 
     </span>
     <span class='ocr_line' id='line_1_29' title="bbox 116 2482 1730 2562; baseline -0.002 -17"><span class='ocrx_word' id='word_1_208' title='bbox 116 2482 300 2545; x_wconf 64' lang='lat' dir='ltr'><em>“mide</em></span> <span class='ocrx_word' id='word_1_209' title='bbox 329 2485 642 2561; x_wconf 78' lang='grc' dir='ltr'><strong><em>γράψαντες</em></strong></span> <span class='ocrx_word' id='word_1_210' title='bbox 683 2492 783 2546; x_wconf 79' lang='grc' dir='ltr'><strong><em>τοῦ</em></strong></span> <span class='ocrx_word' id='word_1_211' title='bbox 825 2497 1022 2562; x_wconf 86' lang='grc' dir='ltr'><strong><em>κυρίου</em></strong></span> <span class='ocrx_word' id='word_1_212' title='bbox 1063 2487 1316 2555; x_wconf 89' lang='grc' dir='ltr'><strong><em>διδόντος</em></strong></span> <span class='ocrx_word' id='word_1_213' title='bbox 1359 2487 1450 2544; x_wconf 83' lang='grc' dir='ltr'><strong><em>διὰ</em></strong></span> <span class='ocrx_word' id='word_1_214' title='bbox 1482 2487 1730 2556; x_wconf 81' lang='grc' dir='ltr'><strong><em>σπουδῆς</em></strong></span> 
     </span>
     <span class='ocr_line' id='line_1_30' title="bbox 119 2566 1731 2644; baseline -0.002 -17"><span class='ocrx_word' id='word_1_215' title='bbox 119 2566 393 2644; x_wconf 75' lang='grc' dir='ltr'><strong><em>“πέμψειν</em></strong></span> <span class='ocrx_word' id='word_1_216' title='bbox 424 2568 663 2639; x_wconf 77' lang='grc' dir='ltr'><strong><em>αὐτοῖς.”</em></strong></span> <span class='ocrx_word' id='word_1_217' title='bbox 738 2578 786 2630; x_wconf 85' lang='grc'><strong><em>6.</em></strong></span> <span class='ocrx_word' id='word_1_218' title='bbox 820 2578 994 2631; x_wconf 85' lang='grc' dir='ltr'><strong><em>ταῦτα</em></strong></span> <span class='ocrx_word' id='word_1_219' title='bbox 1033 2575 1125 2631; x_wconf 86' lang='grc' dir='ltr'><strong><em>καὶ</em></strong></span> <span class='ocrx_word' id='word_1_220' title='bbox 1170 2576 1292 2644; x_wconf 82' lang='grc' dir='ltr'><strong><em>ἑξῆς</em></strong></span> <span class='ocrx_word' id='word_1_221' title='bbox 1323 2570 1540 2636; x_wconf 78' lang='grc' dir='ltr'><strong><em>τούτοις</em></strong></span> <span class='ocrx_word' id='word_1_222' title='bbox 1572 2572 1731 2639; x_wconf 80' lang='grc' dir='ltr'><strong><em>ἕτερα</em></strong></span> 
     </span>
     <span class='ocr_line' id='line_1_31' title="bbox 126 2652 1793 2731; baseline -0.002 -20"><span class='ocrx_word' id='word_1_223' title='bbox 126 2652 248 2712; x_wconf 86' lang='grc' dir='ltr'><strong><em>κατ’</em></strong></span> <span class='ocrx_word' id='word_1_224' title='bbox 280 2654 450 2729; x_wconf 75' lang='grc' dir='ltr'><strong><em>ἀρχὰς</em></strong></span> <span class='ocrx_word' id='word_1_225' title='bbox 481 2656 654 2714; x_wconf 79' lang='grc' dir='ltr'><strong><em>εἰπὼν</em></strong></span> <span class='ocrx_word' id='word_1_226' title='bbox 683 2661 782 2714; x_wconf 87' lang='grc' dir='ltr'><strong><em>τοῦ</em></strong></span> <span class='ocrx_word' id='word_1_227' title='bbox 813 2656 1012 2731; x_wconf 88' lang='grc' dir='ltr'><strong><em>λόγου,</em></strong></span> <span class='ocrx_word' id='word_1_228' title='bbox 1052 2657 1148 2715; x_wconf 84' lang='grc' dir='ltr'><strong><em>τὸν</em></strong></span> <span class='ocrx_word' id='word_1_229' title='bbox 1178 2667 1356 2714; x_wconf 77' lang='grc' dir='ltr'><strong><em>αἴτιον</em></strong></span> <span class='ocrx_word' id='word_1_230' title='bbox 1395 2658 1492 2726; x_wconf 85' lang='grc' dir='ltr'><strong><em>τῆς</em></strong></span> <span class='ocrx_word' id='word_1_231' title='bbox 1526 2658 1728 2724; x_wconf 90' lang='grc' dir='ltr'><strong><em>δηλου-</em></strong></span> <span class='ocrx_word' id='word_1_232' title='bbox 1754 2673 1793 2704; x_wconf 81' lang='lat'><strong><em>30</em></strong></span> 
     </span>
     <span class='ocr_line' id='line_1_32' title="bbox 126 2735 1731 2814; baseline -0.004 -18"><span class='ocrx_word' id='word_1_233' title='bbox 126 2742 293 2811; x_wconf 84' lang='grc' dir='ltr'><strong><em>μένης</em></strong></span> <span class='ocrx_word' id='word_1_234' title='bbox 324 2741 588 2813; x_wconf 84' lang='grc' dir='ltr'><strong><em>αἱρέσεως</em></strong></span> <span class='ocrx_word' id='word_1_235' title='bbox 618 2739 834 2814; x_wconf 80' lang='grc' dir='ltr'><strong><em>προιων</em></strong></span> <span class='ocrx_word' id='word_1_236' title='bbox 862 2745 1060 2799; x_wconf 78' lang='grc' dir='ltr'><strong><em>τοῦτον</em></strong></span> <span class='ocrx_word' id='word_1_237' title='bbox 1090 2740 1374 2814; x_wconf 82' lang='grc' dir='ltr'><strong><em>ἀνιστορεῖ</em></strong></span> <span class='ocrx_word' id='word_1_238' title='bbox 1400 2738 1497 2795; x_wconf 87' lang='grc' dir='ltr'><strong><em>τὸν</em></strong></span> <span class='ocrx_word' id='word_1_239' title='bbox 1527 2735 1731 2807; x_wconf 88' lang='grc' dir='ltr'><strong><em>τρόπον</em></strong></span> 
     </span>
    </p>
   </div>
   <div class='ocr_carea' id='block_1_3' title="bbox 123 2815 1730 2899">
    <p class='ocr_par' dir='ltr' id='par_1_3' title="bbox 123 2815 1730 2899">
     <span class='ocr_line' id='line_1_33' title="bbox 123 2815 1730 2899; baseline -0.004 -19"><span class='ocrx_word' id='word_1_240' title='bbox 123 2817 194 2896; x_wconf 46' lang='grc' dir='ltr'><strong><em>(θὴ</em></strong></span> <span class='ocrx_word' id='word_1_241' title='bbox 223 2829 418 2880; x_wconf 80' lang='grc' dir='ltr'><strong><em>τοίνυν</em></strong></span> <span class='ocrx_word' id='word_1_242' title='bbox 450 2830 699 2891; x_wconf 70' lang='grc' dir='ltr'><strong><em>ἔνστασις</em></strong></span> <span class='ocrx_word' id='word_1_243' title='bbox 731 2822 916 2883; x_wconf 73' lang='grc' dir='ltr'><strong><em>αυτῶν</em></strong></span> <span class='ocrx_word' id='word_1_244' title='bbox 947 2829 1038 2883; x_wconf 75' lang='grc' dir='ltr'><strong><em>και</em></strong></span> <span class='ocrx_word' id='word_1_245' title='bbox 1062 2822 1095 2898; x_wconf 74' lang='grc' dir='ltr'>ἡ</span> <span class='ocrx_word' id='word_1_246' title='bbox 1127 2824 1444 2899; x_wconf 72' lang='grc' dir='ltr'><strong><em>πρόσφατος</em></strong></span> <span class='ocrx_word' id='word_1_247' title='bbox 1475 2823 1574 2877; x_wconf 73' lang='grc' dir='ltr'><strong><em>τοῦ</em></strong></span> <span class='ocrx_word' id='word_1_248' title='bbox 1598 2815 1730 2874; x_wconf 69' lang='grc' dir='ltr'><strong><em>ἀπθ-</em></strong></span> 
     </span>
    </p>
   </div>
  </div>
 </body>
</html>
