1986 3152
515 109 678 157 Hls'r.
707 108 960 152 ECCLES.
992 109 1068 152 1v.
1102 111 1168 150 23.
1202 110 1269 152 24.
1593 106 1694 158 175

84 223 382 299 πιστοτάτη
424 221 643 298 ἀδελφῇ
688 227 1123 295 ἐπιστείλαντος,
1177 216 1214 298 ᾗ
1265 223 1330 280 τὰ
1381 221 1696 295 κατάλληλα

79 307 313 384 γράφων
352 314 448 380 τῆς
491 307 879 382 προσηκούσης
919 310 1007 364 καὶ
1051 305 1193 381 αὐτῇ
1222 313 1517 380 μετεδίδου
1549 315 1694 380 λογι-

78 396 178 466 κῆς
218 397 445 466 τροφῆς.
506 394 598 449 καὶ
628 392 694 450 τὰ
724 394 825 465 μὲν
855 396 955 449 τοῦ
988 398 1294 449 Διονυσίου
1324 394 1575 450 τοσαῦτα.

204 487 371 536 XXIV.
436 486 564 552 [Nic.
593 487 650 535 H.
679 487 733 535 E.
764 487 838 543 IV,
868 483 939 551 9.]
1021 479 1130 532 Τοῦ
1173 477 1232 533 δὲ
1277 482 1584 548 Θεοφίλου,
1628 473 1694 533 ὃν

75 564 170 632 τῆς
209 557 532 632 Ἀντιοχέων
578 563 867 631 ἐκκλησίας
923 562 1224 616 ἐπίσκοπον
1278 561 1736 633 δεδηλωκαμεν,5

77 650 204 716 τρία
247 642 314 699 τὰ
347 643 486 716 πρὸς
533 640 863 700 Αὐτόλυκον
905 642 1231 716 στοιχειώδη
1284 646 1510 717 φέρεται
1562 662 1692 716 συγ-

74 726 397 800 γράμματα,
447 729 538 783 καὶ
579 724 712 783 ἄλλο
753 726 889 796 πρὸς
929 726 1033 798 τὴν
1080 731 1298 800 αἵρεσιν
1332 727 1693 800 Ἑρμογένους

75 809 178 883 τὴν
211 810 524 882 ἐπιγραφὴν
567 817 721 883 ἔχον,
767 813 827 867 ἐν
859 803 902 886 ᾦ
945 813 1005 866 ἐκ
1035 816 1129 883 τῆς
1161 807 1560 878 ἀποκαλύψεως
1584 810 1692 869 Ἰω-

77 894 251 952 άννου
284 895 540 967 κέχρηται
571 900 928 967 μαρτυρίαις,
962 896 1054 951 καὶ
1087 897 1245 968 ἕτερα
1279 896 1345 951 δέ
1370 919 1495 952 τινα
1525 919 1694 967 κατη-

77 977 270 1054 χητικά
312 975 484 1048 αὐτοῦ
528 984 734 1051 βιβλία.
795 981 907 1035 τῶν
948 1002 1011 1051 γε
1050 977 1160 1052 μὴν
1201 982 1492 1052 αἰρετικῶν
1522 976 1692 1036 οὐδὲν
1716 1006 1756 1036 10

75 1077 261 1138 χεῖρον
293 1064 386 1119 καὶ
416 1062 567 1135 τότε,
612 1070 863 1132 ζιζανίων
906 1066 1102 1136 δίκην,
1146 1066 1568 1137 λυμαινομένων
1596 1061 1694 1121 τὸν

76 1149 344 1220 εἰλικρινῆ
383 1150 479 1218 τῆς
521 1143 886 1219 ἀποστολικῆς
930 1151 1291 1215 διδασκαλίας
1344 1148 1586 1222 σπόρον,
1639 1152 1696 1204 οἰ

62 1229 385 1305 ’πανταχόσε
415 1255 529 1287 των
561 1234 867 1304 ἐκκλησιων
897 1235 1154 1305 ποιμένες
1187 1231 1371 1306 ὥσπερ
1402 1230 1554 1299 τινάς
1585 1237 1689 1304 θῆ-

73 1340 172 1389 ρας
218 1312 450 1390 ἀγρίους
494 1339 607 1372 των
650 1319 894 1388 Χριστοῦ
932 1317 1228 1391 προβάτων
1279 1315 1690 1388 ἀποσοβοῦντες

74 1399 277 1466 αυτούς
308 1396 609 1472 ἀνεῖργον,
648 1401 767 1457 τοτὲ
797 1424 899 1473 μεν
929 1413 1048 1466 ταῖς
1080 1399 1219 1508 πρὸς
1249 1424 1376 1468 τους
1407 1399 1686 1473 ἀδελφοὺς
1710 1424 1751 1456 15

74 1492 401 1550 νουθεσίαις
454 1486 546 1540 καὶ
599 1486 982 1558 παραινέσεσι,
1037 1509 1157 1542 τοτε
1211 1486 1271 1542 δε
1311 1483 1447 1559 πρὸς
1489 1483 1688 1552 αὐτους

0 1562 1 1614 ἷ
70 1566 414 1642 γυμνότερον
443 1564 844 1642 ἀποδυόμενοι,
889 1565 1160 1642 ἀγράφοις
1190 1593 1249 1626 τε
1281 1575 1357 1636 εἰς
1388 1568 1689 1643 πρόσωπον

73 1650 324 1726 ζητήσεσι
365 1654 458 1708 καὶ
497 1651 866 1725 ἀνατροπαῖς,
907 1650 1015 1725 ἤδη
1059 1655 1242 1711 δὲκαὶ
1279 1650 1356 1710 δι’
1392 1654 1686 1727 ἐγγράφων

70 1733 486 1810 ’ὑπομνημάτων
526 1736 622 1803 τὰς
664 1736 823 1805 δόξας
867 1735 1054 1795 αὐτῶν
1093 1737 1505 1811 ἀκριβεστάτοις
1539 1740 1685 1809 ἐλέγ-

71 1845 185 1894 χοις
231 1818 641 1887 διευθύνοντες.
704 1818 734 1877 ὅ
774 1824 841 1894 γε’
874 1845 956 1878 τοι
988 1823 1257 1894 Θεόφιλος
1297 1820 1406 1880 σῦν
1445 1837 1559 1888 τοῖς
1590 1820 1681 1878 ἄλ·
1706 1844 1746 1875 20

71 1913 182 1972 λοις
223 1903 360 1962 κατὰ
400 1903 615 1962 τούτων
657 1905 1134 1979 στρατευσάμενος
1178 1905 1341 1979 δῆλός
1382 1909 1531 1964 ἐστιν
1577 1903 1685 1963 ἀπό

70 2013 218 2055 τινος
258 1987 362 2046 οὐκ
403 1988 651 2062 ἀγεννῶς
692 1987 844 2066 αὐτῷ
886 1990 1023 2046 κατὰ
1064 1999 1404 2062 Μαρκίωνος
1445 2012 1683 2062 πεπονη-

71 2075 240 2147 μένου
271 2072 458 2146 λόγου,
490 2070 549 2140 ὃς
579 2076 671 2131 καὶ
705 2071 866 2141 αὐτὸς
897 2073 1025 2148 μεθ’
1065 2067 1144 2132 οἷν
1175 2072 1359 2132 ἄλλων
1385 2073 1684 2150 εἰρήκαμεν

74 2161 238 2215 εἰσέτι
266 2161 376 2215 νῦν
409 2161 784 2217 διασέσωσται.
840 2165 1036 2216 τοῦτον
1060 2160 1162 2231 μὲν
1185 2151 1291 2217 οῦν
1316 2162 1547 2232 ἕβδομος
1573 2158 1680 2216 ἀπὸ

71 2247 183 2299 τῶν
214 2238 544 2301 ἀποστόλων
573 2249 668 2316 τῆς
693 2241 1020 2316 Ἀντιοχέων
1052 2248 1342 2316 ἐκκλησίας
1374 2246 1684 2317 διαδέχεται
1706 2263 1746 2294 25

71 2329 396 2399 Μαξιμῑνος.

195 2421 339 2471 XXV.
397 2421 522 2487 [Nic.
554 2422 612 2471 H.
642 2423 696 2472 E.
725 2421 798 2479 IV,
829 2419 939 2487 9.]·
987 2412 1264 2478 Φίλιππός
1316 2437 1379 2484 γε
1428 2409 1563 2485 μὴν,
1614 2409 1681 2468 ὂν

74 2495 133 2550 ἐκ
161 2497 273 2551 τῶν
304 2499 615 2552 Διονυσίου
647 2499 856 2567 φωνῶν
886 2500 982 2568 τῆς
1014 2492 1076 2553 ἐν
1105 2503 1159 2553 Γ
1154 2495 1361 2571 ορτύνῃ
1392 2501 1680 2570 παροικίας

59 2575 373 2636 ’ἐπίσκοπον
405 2584 680 2651 ἔγνωμεν,
712 2577 861 2635 πάνυ
892 2603 955 2651 γε
986 2579 1424 2638 σπουδαιότατον
1454 2586 1679 2650 πεποίη-

71 2684 159 2718 ται
189 2665 280 2719 καὶ
311 2660 476 2730 αὐτὸς
507 2660 644 2719 κατά
676 2669 1014 2737 Μαρκίωνος
1026 2659 1241 2737 ’λόγον,
1286 2671 1584 2738 Εἰρηναῖος
1619 2664 1677 2719 δὲ
1702 2680 1742 2711 30

73 2742 331 2812 ὡσαύτως
373 2749 463 2803 καὶ
505 2745 822 2818 Μόδεστος,
875 2745 934 2814 ὃς
975 2749 1068 2804 καὶ
1112 2746 1485 2821 διαφερόντως
1529 2745 1677 2818 παρὰ

73 2827 197 2895 τοῦς
242 2828 441 2896 ἅλλους
487 2830 590 2903 τὴν
629 2835 728 2888 τοῦ
769 2829 975 2904 ἀνδρὸς
1017 2837 1092 2898 εἰς
1135 2838 1368 2904 ἔκδηλον
1398 2845 1510 2897 τοῖς
1542 2835 1676 2886 πᾶσι

1720 443 1781 487 ’Ἥ
