1986 3152
549 107 630 146 DE
662 106 845 148 MART.
880 104 1172 146 PALAEST.
1206 105 1307 147 VII.
1623 102 1724 154 397

119 227 440 294 κατακρίνει
489 218 805 293 μετάλλοις,
863 222 1084 294 ἑτέρους
1136 219 1190 277 δ’
1246 213 1318 278 αὖ
1369 221 1540 278 πάλιν
1591 221 1726 294 μετὰ

118 305 364 380 χαλεπὰς
416 305 699 377 βασάνους
752 310 1113 382 δεσμωτηρίῳ
1166 312 1600 390 καθείργνυσιν,
1667 309 1727 362 ἐν

118 387 203 457 οἷς
231 391 325 446 καὶ
369 385 398 446 5
432 389 660 446 πάντων
702 391 824 461 ἐμοὶ
869 395 1014 460 γοῦν
1052 387 1446 456 ποθεινότατος
1470 393 1725 494 ἑταίρων

118 474 416 547 Πάμφιλος
446 467 547 546 ἦν,
578 495 694 530 των
715 471 849 530 καθ’
886 469 1031 546 ἡμᾶς
1053 475 1358 549 μαρτύρων
1381 474 1525 547 ἀνὴρ
1550 475 1728 546 πάσης

120 561 312 616 ἕνεκεν
342 557 542 631 ἀρετῆς
575 557 976 625 ἐπιδοξότατος.
1021 565 1070 615 5.
1101 559 1304 616 τούτου
1337 559 1438 632 τὴν
1469 562 1528 615 ἐν
1560 563 1723 631 ρητο-
1750 580 1770 611 5

118 656 292 717 ρικοῑς
347 642 529 713 λόγοις
581 642 906 714 φιλοσόφοις
952 666 1010 699 τε
1050 643 1375 716 μαθήμασιν
1419 642 1730 717 ἀπόπειραν

118 727 396 801 πρότερον
435 722 464 782 ὁ
510 724 812 798 Οὐρβανὸς
853 726 1073 798 λαβών,
1121 726 1236 783 εἷθ’
1283 727 1519 800 ὕστερον
1564 728 1730 785 θύειν

117 808 574 881 καταναγκάσας,
630 805 704 877 ὧς
757 807 1104 866 ἀνανεύοντα
1157 813 1250 866 καὶ
1293 811 1426 883 μηδ’
1474 812 1617 877 ὅλως
1671 815 1731 868 ἐν
1786 873 1789 875 ,

125 895 273 971 λόγῳ
304 894 404 960 τοὶς
447 892 670 959 ἀπειλὰς
714 894 859 967 ἑώρα
898 895 1224 966 τιθέμενον,
1269 894 1331 950 τὸ
1373 894 1732 952 πανύστατον

118 977 417 1051 ἄγριάνας,
443 980 840 1051 σφοδροτέραις
875 976 1051 1035 αὐτὸν
1079 985 1386 1047 αἰκίζεσθαι
1407 980 1730 1051 προστάττει
1756 1000 1794 1030 10

119 1063 400 1136 βασάνοις.
433 1067 482 1119 6.
507 1064 599 1119 καὶ
624 1062 693 1134 δὴ
718 1075 837 1128 ταῖς
860 1062 995 1118 κατὰ
1021 1067 1136 1119 τῶν
1153 1068 1415 1135 πλευρῶν
1438 1062 1619 1120 αὐτοῦ
1645 1062 1722 1119 δι’

120 1147 403 1220 ἐπιμόνων
432 1148 524 1204 καὶ
555 1154 891 1219 φιλονείκων
915 1147 1207 1220 ξυστήρων
1230 1143 1259 1204 ὁ
1285 1150 1729 1220 θηριωδέστατος

118 1233 423 1306 μονονουχὶ
467 1233 835 1305 ἐμφορηθεὶς,
890 1231 1167 1303 αἰσχύνην
1207 1255 1271 1302 γε
1311 1231 1425 1304 μὴν
1470 1234 1559 1288 ἐπὶ
1595 1238 1730 1288 πᾶσι

117 1316 552 1389 καταχεάμενος,
606 1328 721 1380 τοῖς
775 1318 835 1372 ἐν
882 1321 961 1391 τῷ
1006 1319 1368 1392 δεσμωτηρίῳ
1420 1319 1511 1372 καὶ
1556 1314 1731 1372 αὐτὸν

119 1396 484 1474 ὁμολογηταις
535 1401 838 1471 καταλέγει.
930 1404 976 1456 7.
1045 1401 1134 1456 ἐπὶ
1186 1401 1248 1456 δὲ
1295 1406 1364 1474 τῇ
1417 1424 1554 1457 κατα
1607 1421 1722 1456 των
1747 1419 1787 1451 15

119 1480 298 1556 αγίων
344 1481 581 1557 ωμότητι
616 1479 813 1550 ὁποίας
855 1482 1085 1557 ἀμοιβῆς
1126 1505 1275 1557 παρα
1318 1489 1386 1558 τῇ
1427 1491 1562 1541 θεία
1594 1489 1724 1558 δίκῃ

119 1569 395 1639 τεύξεται,
427 1574 671 1626 τοσαῦτα
701 1592 840 1624 κατα
871 1592 987 1625 των
1017 1575 1262 1642 Χριστοῦ
1293 1569 1594 1642 μαρτύρων
1627 1571 1724 1642 ε’μ-

120 1653 492 1727 παροινήσας,
549 1658 853 1724 διαγνωναι
895 1653 1089 1727 ράδιον
1133 1656 1191 1709 ἐκ
1221 1676 1335 1709 των
1364 1658 1500 1727 τῇδε
1530 1675 1725 1727 προοι-

119 1744 295 1812 μίων,
350 1735 423 1794 δι’
471 1741 551 1794 ὠν
593 1736 771 1803 εὐθυς
810 1738 903 1793 καὶ
942 1735 1048 1794 ούκ
1080 1743 1160 1803 εἰς
1190 1737 1409 1811 μακρὸν
1438 1750 1554 1802 τοῖς
1584 1760 1724 1793 κατα

119 1827 220 1878 τοῦ
251 1828 555 1895 Παμφίλου
598 1824 1014 1894 τετολμημένοις
1058 1820 1231 1878 αὐτὸν
1273 1827 1352 1878 ἔτι
1390 1827 1485 1894 τῆς
1515 1818 1722 1894 ἡγεμο-
1743 1840 1784 1873 20

46 1955 51 1959 .
119 1914 243 1972 νίας
275 1906 539 1979 ἐχόμενον
568 1901 601 1977 ἡ
632 1913 766 1963 θεία
795 1909 1072 1978 μετῆλθεν
1097 1911 1252 1978 δίκη,
1285 1904 1511 1978 ἀθρόως
1542 1906 1727 1971 οὕτως

120 1990 220 2047 τὸν
262 1991 394 2064 χθες
425 1990 543 2046 άνω
584 2013 692 2046 που
738 1989 827 2063 ἐφ’
871 1987 1095 2062 ὑψηλοῦ
1135 1991 1375 2063 βήματος
1419 1991 1725 2061 δικάζοντα,

121 2075 214 2132 καὶ
238 2074 379 2149 πρὸς
402 2080 505 2131 τοῦ
529 2080 924 2147 στρατιωτικοῦ
951 2074 1452 2148 δορυφορούμενον
1476 2081 1730 2147 στίφους,

70 2181 74 2185 ’
122 2159 260 2216 ὅλου
301 2183 360 2216 τε
389 2164 491 2216 τοῦ
522 2164 922 2216 Παλαιστινων
963 2165 1171 2224 ἔθνους
1215 2159 1556 2231 ἐπάρχοντα,
1600 2154 1733 2232 ὁμο-

124 2243 344 2300 ὁίαιτόν
379 2267 438 2300 τε
479 2240 569 2300 οἶα
599 2251 868 2316 φίλτατον
908 2245 1001 2299 καὶ
1042 2238 1417 2316 ὁμοτράπεζον
1457 2242 1612 2300 αὐτω
1657 2248 1733 2319 τῷ
1757 2259 1799 2291 25

123 2327 387 2404 τυράννῳ
428 2334 782 2398 καθεστῶτα,
838 2327 928 2384 διά
970 2333 1095 2401 μιᾶς
1134 2328 1481 2401 γυμνώσασα
1510 2302 1732 2398 νύκτὸς,

124 2413 218 2467 καὶ
247 2416 363 2468 τῶν
392 2413 676 2469 τοσούτων
716 2411 1044 2486 ἀξιωμάτων
1087 2418 1294 2485 ἔρημον
1323 2412 1733 2484 καταστήσασα,
1783 2418 1788 2422 ’

124 2494 350 2568 ἀτιμίαν
389 2520 448 2553 τε
487 2498 580 2552 καὶ
621 2497 900 2570 αἰσχύνην
952 2498 1042 2553 ε’πὶ
1093 2502 1207 2553 τῶν
1260 2496 1531 2570 πρότερον
1584 2492 1735 2553 ὦσαν

125 2579 368 2654 ἄρχοντα
399 2579 578 2638 αὐτὸν
605 2582 934 2653 τεθηπότων
964 2583 1307 2653 καταχέασα,
1340 2580 1525 2637 δειλόν
1555 2603 1612 2636 τε
1643 2581 1736 2635 καὶ

127 2663 443 2737 άνανδρον,
499 2666 865 2737 γυναικωδεις
915 2689 974 2722 τε
1024 2666 1357 2738 προιέμενον
1408 2688 1600 2737 φωνας
1642 2664 1734 2718 καὶ
1759 2679 1800 2710 520

131 2751 340 2814 ἱκεσίας
371 2746 484 2806 ολω
515 2755 592 2825 τῷ
626 2744 910 2822 ἔθνει,οὖ
942 2749 1009 2821 δὴ
1042 2752 1135 2806 καὶ
1146 2753 1362 2850 ἦρχεν,
1397 2750 1732 2817 ἐπιδείξασα,

128 2830 304 2889 αυτόν
342 2857 400 2890 τε
441 2833 538 2890 τὸν
581 2838 933 2907 Μαξιμΐνον,
987 2832 1078 2906 ἐφ’
1125 2837 1167 2908 ᾧ
1207 2833 1269 2889 τὸ
1312 2834 1447 2905 πρὶν
1487 2854 1735 2903 γαυριων
