1986 3152
596 114 602 158 t
668 112 825 154 HIST.
857 111 1111 157 ECOLES.
1142 114 1196 156 x.
1230 117 1269 156 5.
1665 112 1769 165 475

158 236 501 287 καθοσίωσιν
531 230 813 304 γράμμασι
840 229 1014 296 τύπος
1046 233 1228 304 ἕτερος
1252 225 1324 303 ἦν
1356 226 1658 305 ῶρισμένος
1690 236 1766 307 τῷ

159 316 409 391 προτέρῳ
450 314 664 391 χρόνῳ,
711 313 810 386 ἵν’,
856 323 911 371 εἴ
946 338 1090 381 τινες
1127 313 1161 388 ἢ
1203 314 1354 389 παρά
1394 320 1495 373 τοῦ
1535 320 1765 389 ταμείου

157 404 259 456 τοῦ
288 394 590 473 ἡμετέρου,
637 397 671 472 ἢ
704 398 854 473 παρά
893 422 1040 466 τινος
1088 401 1278 474 ἑτέρου
1310 406 1598 472 φαίνοιντο
1628 398 1766 472 ἠγο-

159 483 386 557 ρακότες
415 483 675 555 τούτους,
716 496 832 549 τοῖς
873 482 1065 550 αὐτοῖς
1097 493 1449 558 Χριστιανοῖς
1489 484 1627 541 ἄνευ
1660 482 1765 558 ἀρ-

159 574 362 641 γυρίου
395 569 487 624 καὶ
528 567 665 626 ἄνευ
707 567 859 634 τινὸς
889 566 1229 641 ἀπαιτήσεως
1259 574 1356 641 τῆς
1386 574 1544 642 τιμῆς
1584 564 1764 642 ὑπερ-

157 659 445 725 τεθείσης,
478 657 607 726 δίχα
639 652 817 724 πάσης
840 650 1098 726 ἀμελείας
1123 655 1215 709 καὶ
1241 651 1598 726 ἀμφιβολίας,
1623 652 1767 710 ἀπο-

160 737 568 809 καταστήσωσι·
613 738 708 793 καὶ
752 746 810 793 εἴ
832 759 974 802 τινες
1005 736 1142 794 κατά
1177 742 1361 810 δῶρον
1390 738 1768 811 τυγχάνουσιν

160 822 448 894 εἰληφότες
499 820 631 887 τούς
684 819 888 886 αὐτούς
930 821 1167 891 τόπους,
1211 821 1360 887 ὅπως
1414 835 1530 888 τοῖς
1576 821 1769 888 αὐτοῖς

160 915 515 979 Χριστιανοῖς
546 904 650 977 τὴν
681 910 944 977 ταχίστην
967 903 1522 976 ἀποκαταστήσωσιν·
1559 911 1638 962 1Ο.
1665 906 1769 963 οὕ-

159 1014 266 1056 τως
312 995 366 1046 ει’
402 985 435 1061 ἢ
483 993 541 1045 οἱ
565 988 901 1063 ἠγορακότες
942 990 1073 1056 τούς
1119 988 1326 1056 αὐτούς
1369 989 1608 1063 τόπους,
1650 987 1685 1063 ἢ
1718 994 1776 1046 οί

166 1074 303 1130 κατά
337 1073 557 1147 δωρεάν
590 1071 878 1146 εἰληφότες
911 1079 1113 1131 αι’τῶσί
1131 1098 1180 1131 τι
1211 1074 1362 1149 παρὰ
1385 1080 1481 1147 τῆς
1504 1069 1773 1149 ἡμετέρας

163 1156 606 1230 καλοκάγαθίας,
665 1160 1020 1231 προσέλθωσι
1063 1164 1141 1235 τῷ
1184 1159 1274 1215 ε’πὶ
1317 1159 1509 1215 τόπων
1550 1159 1772 1236 ἐπάρχῳ

168 1243 469 1314 δικάζοντι,
513 1242 663 1308 ὅπως
702 1244 796 1299 καὶ
835 1239 1024 1299 αὐτῶν
1065 1242 1157 1299 διὰ
1197 1248 1292 1316 τῆς
1333 1242 1599 1316 ἡμετέρας
1635 1268 1773 1318 χρη-

166 1327 425 1399 στότητος
468 1327 699 1402 πρόνοια
730 1328 970 1399 γένηται.
1028 1327 1187 1384 ἅτινα
1228 1327 1410 1384 πάντα
1450 1332 1526 1404 τῷ
1561 1328 1775 1402 στόματι

160 1417 240 1489 τῷ
262 1418 375 1468 τῶν
408 1417 758 1486 Χριστιανῶν
789 1410 922 1486 παρ’
958 1410 1101 1468 αὐτοὶ
1134 1411 1224 1468 διά
1255 1417 1352 1484 τῆς
1384 1417 1485 1485 σῆς
1518 1417 1770 1485 σπουδῆς

163 1497 299 1553 ἄνευ
330 1496 482 1563 τινὸς
512 1501 794 1571 παρολκῆς
825 1501 1242 1570 παραδίδοσθαι
1283 1496 1484 1568 δεήσει.
1555 1502 1635 1554 11.
1677 1499 1771 1553 καὶ

165 1580 350 1653 ἐπειδὴ
394 1585 452 1638 οἱ
487 1579 648 1638 αὐτοὶ
681 1582 1006 1654 Χριστιανοὶ
1049 1579 1115 1638 οὐ
1147 1581 1326 1654 μόνον
1370 1585 1648 1654 ἐκείνους,
1693 1587 1772 1648 είς

162 1663 262 1733 οὓς
294 1667 665 1740 συνέρχεσθαι
696 1671 826 1732 ἔθος
870 1664 1040 1739 εἶχον,
1088 1664 1229 1722 ἀλλά
1271 1667 1365 1722 καὶ
1413 1667 1633 1740 ἑτέρους
1673 1666 1771 1723 τό·

163 1772 303 1817 πους
337 1751 625 1823 ἐσχηκέναι
665 1750 1062 1822 γινώσκονται,
1108 1751 1474 1823 διαφέροντας
1516 1749 1583 1808 οὗ
1632 1749 1772 1824 πρὸς

164 1838 397 1892 ἕκαστον
442 1831 658 1906 αὐτῶν,
704 1833 842 1891 ἀλλά
888 1834 1026 1910 πρὸς
1067 1834 1390 1892 τὸδίκαιον
1434 1840 1537 1891 τοῦ
1579 1833 1814 1891 αὐτῶν.)

166 1920 447 1991 σώματος,
480 1917 634 1976 τοῦτ’
671 1925 784 1975 ἔστι
815 1924 928 1976 τῶν
960 1925 1336 1992 Χριστιανῶν,
1375 1925 1551 1976 ταῦτα
1592 1920 1773 1975 πάντα

169 2005 259 2060 ἐπὶ
289 2007 367 2079 τῷ
397 2004 573 2080 νόμω,
597 2002 662 2060 ὃν
685 2004 1115 2078 προειρήκαμεν,
1141 2009 1269 2076 δίχα
1293 2007 1603 2070 παντελοῦς
1626 2026 1773 2069 τινος

163 2087 628 2162 ἀμφισβητήσεως
668 2102 784 2155 τοῖς
826 2087 1016 2155 αὐτοῖς
1049 2089 1426 2162 Χριστιανοῐς,
1468 2086 1622 2145 τοῦτ’
1659 2093 1774 2144 ἔστι

163 2179 242 2250 τῷ
285 2173 495 2246 σώματι
535 2172 724 2230 αὐτῶν
763 2174 857 2229 καὶ
898 2176 965 2247 τῇ
1022 2173 1276 2249 συνόδῳ,
1324 2173 1532 2249 ἑκάστῳ
1586 2170 1775 2229 αὐτῶν

164 2256 615 2330 ἀποκαταστῆναι
638 2257 936 2330 κελεύσεις,
953 2263 1054 2314 τοῦ
1078 2259 1483 2331 προειρημένου
1509 2262 1774 2330 λογισμοῦ
1799 2281 1817 2311 2

166 2342 381 2414 δηλαδὴ
415 2344 834 2414 φυλαχθέντος,
866 2342 1016 2408 ὅπως
1048 2340 1208 2398 αὐτοὶ
1255 2345 1454 2408 οἵτινες
1496 2341 1627 2408 τούς
1668 2339 1773 2397 αὐ-

165 2426 298 2492 τούς
323 2424 460 2482 ἄνευ
484 2429 663 2498 τιμῆς,
679 2425 874 2492 καθῶς
891 2427 1317 2500 προειρήκαμεν,
1343 2425 1775 2496 ἀποκαθιστῶσι,

165 2510 226 2567 τὸ
258 2507 487 2583 ἀζήμιον
517 2509 578 2566 τὸ
616 2513 832 2567 ἑαυτῶν
863 2510 1013 2582 παρὰ
1037 2514 1138 2582 τῆς
1161 2506 1432 2583 ἡμετέρας
1456 2508 1774 2581 καλοκάγα-

164 2602 296 2662 θίας
330 2598 613 2663 ἐλπίζοιεν.
663 2598 744 2650 12.
779 2597 839 2651 ἐν
871 2591 953 2661 οἷς
984 2597 1119 2650 πᾶσι
1147 2599 1224 2670 τῷ
1248 2596 1630 2671 προειρημένῳ
1658 2594 1775 2650 σώ-

1796 1018 1832 1048 10

1796 1438 1834 1469 15

165 2704 294 2753 ματι
352 2683 464 2736 τῶν
518 2684 866 2750 Χριστιανῶν
926 2678 1032 2751 τήν
1094 2677 1354 2751 σπουδὴν
1412 2678 1774 2735 δυνατώτατα
1798 2702 1836 2730 5

167 2778 477 2839 παρασχεῖν
508 2760 769 2835 ὀφείλεις,
802 2763 953 2829 ὅπως
983 2762 1044 2819 τὸ
1070 2761 1340 2835 ἡμέτερον
1364 2765 1641 2834 κέλευσμα
1670 2761 1776 2834 τήν

167 2856 430 2923 ταχίστην
461 2852 921 2923 παραπληρωθῇ,
954 2846 1108 2913 ὅπως
1138 2848 1231 2904 καὶ
1265 2851 1325 2904 ἐν
1347 2845 1529 2924 τούτῳ
1555 2845 1644 2903 διά
1676 2850 1776 2918 τῆς
