1986 3152
535 104 693 144 Hxs'r.
723 102 975 147 ECOLES.
1007 104 1085 144 v1.
1120 105 1300 146 33—36.
1627 100 1728 151 277

117 225 327 293 γνῶναι
357 210 460 291 ἦν,
491 222 664 276 ταῦτα
695 221 787 275 καὶ
819 222 879 275 ἐκ
909 222 1005 290 τῆς
1036 218 1176 289 ὑπὲρ
1208 217 1385 275 αὐτοῦ
1414 219 1731 290 πεπονημέ-

117 327 215 375 νης
257 301 392 376 ἡμῖν
430 325 490 360 τε
531 305 621 360 καὶ
663 307 739 379 τῷ
781 299 917 360 καθ’
951 301 1092 376 ἡμᾶς
1138 305 1271 380 ἱερῷ
1300 301 1539 377 μοὲρτυρι
1569 311 1733 375 Παμ-

116 394 263 464 φίλῳ
304 386 604 459 ἀπολογίας
646 387 912 458 πάρεστιν
942 385 1350 459 ἀναλέξασθαι,
1391 385 1463 459 ἣν
1492 393 1606 443 τῶν
1637 411 1731 459 φι-

117 477 344 528 λαιτίων
385 475 549 529 ἕνεκα
587 469 1043 546 συμπονήσαντες
1074 470 1331 544 ἀλλήλοις
1365 469 1454 527 διὰ
1485 474 1734 542 σπουδῆς

117 555 483 628 πεποιήμεθα.
1750 571 1770 603 5

244 650 454 700 xxxw.
509 651 638 717 [Nic.
669 652 726 700 Η.
755 651 810 700 Ε.
839 651 900 707 v,
930 649 1041 716 25]
1129 637 1311 696 ’Έτεσι
1367 641 1426 696 δὲ
1478 638 1626 706 ὅλοις
1681 642 1735 706 *ἐξ

117 727 436 796 Γορδιανοῦ
483 724 587 796 τὴν
619 722 902 796 Ῥωμαίων
937 720 1240 796 ἡγεμονίαν
1279 722 1594 790 ἀνύσαντος
1638 730 1736 780 Φί-

119 816 316 872 λιππος
367 806 478 880 ἅμα
529 811 687 863 παιδὶ
732 813 994 883 Φιλίππῳ
1040 807 1143 878 τὴν
1182 805 1363 880 ἀρχὴν
1407 811 1733 879 διαδέχεται.

116 895 312 948 τοῦτον
353 894 568 964 κατέχει
607 890 766 963 λόγος
799 889 1130 964 Χριστιανὸν
1169 888 1302 948 ὄντα
1347 894 1406 948 ἐν
1435 892 1610 965 ἡμέρα
1641 894 1736 962 τῆς

115 974 353 1048 ὑστάτης
393 980 492 1032 τοῦ
537 973 720 1048 πάσχα
761 980 1103 1048 παννυχίδος
1145 977 1257 1032 τῶν
1290 977 1378 1032 ἐπὶ
1410 979 1506 1047 τῆς
1540 980 1735 1047 ἐκκλη-
1759 992 1799 1023 10

118 1066 241 1125 σίας
284 1057 469 1131 εὐχῶν
499 1062 577 1136 τῷ
607 1057 812 1132 πλήθει
844 1073 1136 1133 μετασχεῖν
1169 1062 1463 1132 ἐθελῆσαι,
1507 1057 1574 1115 ού
1607 1057 1738 1132 πρό-

117 1167 279 1216 τερον
322 1145 384 1200 δὲ
424 1139 534 1200 ὑπὸ
573 1147 672 1201 τοῦ
702 1142 966 1216 τηνικάδε
997 1149 1340 1218 προεστῶτος
1373 1147 1739 1216 ἐπιτραπῆναι

121 1234 403 1300 εἰσβαλεῖν
433 1223 467 1300 ἢ
502 1227 1039 1301 ἐξομολογήσασθαι,
1083 1230 1174 1285 καὶ
1206 1242 1319 1294 τοῖς
1353 1232 1411 1285 ἐν
1443 1226 1738 1301 παραπτώ-

118 1330 287 1385 μασιν
342 1315 740 1385 ἐξεταζομένοις
791 1319 1084 1385 μετανοίας
1135 1336 1193 1369 τε
1246 1312 1432 1385 χώραν
1486 1321 1739 1384 ἴσχουσιν

121 1396 324 1453 ἑαυτὸν
364 1400 681 1464 καταλέξαι·
725 1395 903 1463 ἄλλως
944 1396 1049 1471 γὰρ
1092 1395 1165 1470 μὴ
1206 1394 1276 1454 ἄν
1307 1420 1439 1454 ποτε
1470 1395 1606 1466 πρὸς
1638 1395 1735 1453 αὖ·
1761 1413 1801 1445 15

119 1486 246 1552 τοῦ,
290 1480 364 1553 μὴ
396 1477 518 1553 οὐχὶ
550 1484 709 1538 τοῦτο
741 1481 1076 1554 ποιήσαντα,
1113 1480 1205 1538 διὰ
1236 1479 1440 1547 πολλὰς
1471 1487 1582 1537 τῶν
1613 1478 1735 1537 κατ’

123 1561 294 1622 αὐτὸν
346 1571 526 1631 αἰτίας
579 1569 1016 1638 παραδεχθῆναι.
1108 1567 1199 1622 καὶ
1252 1569 1631 1639 πειθαρχῇσαί
1678 1589 1740 1637 γε

119 1647 427 1722 προθύμως
459 1652 707 1721 λέγεται,
743 1648 802 1706 τὸ
834 1648 1066 1722 γνήσιον
1098 1652 1189 1705 καὶ
1222 1647 1456 1722 εὐλαβὲς
1487 1654 1582 1721 τῆς
1613 1651 1740 1721 περὶ

121 1731 218 1789 τὸν
248 1743 412 1791 θεῖον
443 1733 625 1806 φόβον
659 1738 965 1800 διαθέσεως
999 1741 1179 1806 ἔργοις
1212 1737 1679 1806 ἐπιδεδειγμένον.

246 1828 433 1877 XXXV.
489 1827 618 1894 [Nic.
649 1830 706 1878 H.
737 1830 792 1878 E.
822 1831 877 1891 V,
907 1827 1019 1895 26]
1091 1824 1289 1893 Τρίτον
1322 1819 1382 1875 δὲ
1412 1817 1589 1895 τούτῳ
1620 1824 1736 1886 ἔτος
1761 1835 1802 1868 20

120 1894 219 1973 ἦν,
264 1899 398 1958 καθ’
434 1899 463 1958 ὃ
493 1900 929 1975 μεταλλάξαντος
953 1901 1195 1977 εΗρακλὸἳ
1237 1903 1335 1961 τὸν
1368 1909 1495 1975 βίον
1528 1903 1616 1960 ἐπὶ
1653 1907 1740 1958 δε-

120 1987 249 2054 καὲξ
300 1993 444 2042 ἔτεσι
484 1990 580 2058 τῆς
618 1994 960 2060 προστασίας
1002 1991 1115 2045 τῶν
1157 1984 1279 2044 κατ’
1323 1985 1741 2061 Ἀλεξάνδρειαν

122 2073 430 2142 ἐκκλησιῶν
459 2070 561 2143 τὴν
593 2071 901 2143 ἐπισκοπὴν
930 2070 1231 2139 Διονύσιος
1262 2070 1657 2145 ὑπολαμβάνει.

248 2164 460 2215 XXXVI.
518 2165 646 2231 [Nic.
675 2167 733 2217 H.
761 2168 815 2216 E.
846 2169 898 2225 V,
933 2165 1040 2233 ].9,]
1134 2154 1270 2214 Τότε
1314 2159 1478 2228 δῆτα,
1521 2152 1610 2212 οἶα
1649 2157 1739 2212 καὶ

121 2237 264 2305 εἰκὸς
294 2231 392 2310 ἦν,
435 2239 799 2314 πληθυούσης
830 2245 926 2312 τῆς
957 2247 1211 2314 πίστεως,
1245 2243 1733 2315 πεπαρρησιασμέ-
1757 2256 1797 2288 25

119 2346 223 2380 νου
269 2345 328 2378 τε
367 2327 466 2379 τοῦ
511 2324 644 2381 καθ’
687 2320 828 2398 ἡμᾶς
869 2323 1018 2398 παρὰ
1058 2328 1193 2382 πᾶσι
1233 2324 1433 2398 λόγου,
1487 2321 1628 2396 ὑπὲρ
1674 2323 1740 2381 τὰ

122 2404 386 2479 ἑξήκοντά
428 2426 602 2479 φασιν
647 2414 739 2481 ἔτη
784 2407 882 2466 τὸν
916 2407 1211 2483 Ὠριγένην
1255 2408 1588 2483 γενόμενον,
1641 2406 1740 2465 ἅτε

123 2489 190 2562 δὴ
222 2497 488 2563 μεγίστην
518 2490 626 2564 ἤδη
659 2491 1066 2565 συλλεξάμενον
1099 2497 1159 2550 ἐκ
1188 2498 1284 2567 τῆς
1316 2500 1529 2568 μακρᾶς
1561 2517 1743 2564 παρα-

121 2578 323 2646 σκευῆς
378 2578 518 2648 ἕξιν,
572 2575 667 2643 τὰς
721 2578 808 2633 ἐπὶ
857 2583 956 2633 τοῦ
1005 2582 1198 2635 κοινοῦ
1243 2581 1542 2651 λεγομένας
1589 2574 1738 2650 αύτῷ

122 2663 383 2727 διαλέξεις
413 2658 788 2734 ταχυγροὶφοις
817 2668 1152 2734 μεταλαβεῖν
1177 2666 1484 2735 ἐπιτρέψαι,
1516 2661 1583 2720 οὐ
1606 2660 1734 2734 πρό·
1760 2677 1802 2709 30

120 2741 283 2815 τερόν
332 2766 463 2802 ποτε
513 2748 673 2803 τοῦτο
724 2748 989 2817 γενέσθαι
1035 2746 1510 2821 συγκεχωρηκότα.
1581 2750 1630 2802 2.
1676 2749 1735 2801 ἐν

119 2825 298 2904 τούτῳ
338 2830 429 2885 καὶ
468 2828 534 2886 τὰ
574 2829 710 2904 πρὸς
750 2828 849 2887 τὸν
891 2833 1363 2905 ἐπιγεγραμμένον
1401 2829 1533 2887 καθ’
1580 2825 1736 2901 ἡμῶν
