1986 3152
450 104 608 146 HIST.
640 103 890 145 ECCLES.
922 106 999 147 VI.
1030 105 1099 148 45.
1130 106 1200 147 46.
1232 105 1336 148 VII.
1370 107 1408 146 1.
1630 102 1734 156 297

123 223 444 294 ἐπεχείρουν
483 216 542 276 τὸ
583 225 801 293 σχίσμα.
878 223 926 277 4.
975 218 1110 295 πρὸς
1159 217 1375 286 τούτοις
1436 222 1739 278 ἐπιστέλλει

119 309 445 379 μηνυθῆναι
491 300 642 380 αὐτῷ
694 304 908 378 Φάβιον
946 306 1050 378 μὲν
1088 308 1482 378 κεκοιμῆσθαι,
1541 315 1736 379 Δημη-

119 387 346 462 τριανὸν
389 389 450 446 δὲ
507 387 770 461 διάδοχον
812 392 1028 446 ἐκείνου
1077 395 1174 462 τῆς
1225 386 1348 446 κατ’
1397 388 1740 463 Ἀντιόχειαν

122 475 418 546 ἐπισκοπῆς
461 472 815 531 καθεστάναι.
888 471 1091 547 γράφει
1135 474 1195 531 δὲ
1237 478 1330 531 καὶ
1370 475 1497 549 περὶ
1538 478 1636 531 τοῦ
1678 477 1738 531 ἐν

113 555 512 632 Ἱεροσολύμοις
572 555 760 623 αὐτοῖς
820 557 1025 633 ῥήμασι
1077 555 1311 631 φάσκων
1354 554 1420 615 “ὁ
1472 559 1574 631 μὲν
1632 557 1783 632 γὰρ5
1829 561 1835 566 ’

111 640 417 716 “μακάριος
455 638 810 713 Ἀλέξανδρος
858 646 918 698 ἐν
958 644 1180 717 φρουρᾷ
1218 640 1516 715 γενόμενος
1568 667 1740 716 μακα-

111 725 282 800 “ρίως
334 722 735 784 άνεπαύσατο.”
825 729 873 782 ’5.
920 727 1045 797 ἑξῆς
1096 723 1270 800 ταύτῃ
1325 728 1418 783 καὶ
1461 728 1619 800 ἑτέρα
1658 751 1739 793 τις

123 808 382 882 ἐπιστολὴ
421 824 535 876 τοῖς
577 812 637 868 ἐν
671 806 848 882 Ῥώμῃ
887 811 989 867 τοῦ
1016 815 1329 866 Διονυσίου
1360 813 1586 884 φέρεται
1618 816 1741 867 δια-

120 891 312 966 κονικὴ
345 892 435 950 δια
459 891 800 951 Ἱππολύτου.
870 908 983 959 τοῖς
1015 892 1203 960 αὐτοῖς
1234 890 1408 966 άλλην
1438 897 1565 968 περὶ
1596 893 1741 970 εἰρή-

119 1003 219 1050 νης
252 981 642 1050 διατυποῦται,
683 979 776 1034 καὶ
808 973 1068 1044 ωσαύτως
1109 980 1237 1052 περὶ
1281 984 1604 1051 μετανοίας,
1648 981 1741 1035 καὶ
1764 994 1808 1025 10

123 1064 196 1120 αὐ
230 1061 398 1121 πάλιν
429 1061 603 1135 άλλην
633 1077 746 1128 τοῖς
779 1065 956 1120 ἐκεῖσε
986 1061 1374 1137 ὃμολογηταῖς,
1420 1070 1499 1121 ἔτι
1536 1066 1606 1136 τῇ
1643 1067 1740 1120 τοῦ

77 1170 82 1173 ·
123 1145 420 1206 Νοουάτου
474 1148 913 1221 συμφερομένοις
964 1146 1173 1221 γνώμῃ.
1255 1160 1370 1214 τοῖς
1431 1148 1493 1204 δε
1552 1144 1741 1216 αὐτοῖς

118 1230 333 1298 τούτοις
378 1234 564 1306 ἑτέρας
607 1231 708 1289 δύο
748 1233 1144 1305 μεταθεμένοις
1191 1234 1280 1288 ἐπὶ
1309 1230 1412 1304 τὴν
1444 1235 1742 1304 ἐκκλησίαν

49 1324 52 1325 ’
123 1319 444 1374 ἐπιστέλλει.
501 1318 593 1373 καὶ
625 1313 811 1382 ἅλλοις
844 1317 903 1372 δὲ
934 1322 1185 1373 πλείοσιν
1214 1314 1415 1388 ὁμοίως
1449 1315 1540 1373 διὰ
1569 1341 1741 1389 γραμ-

120 1400 310 1475 μάτων
369 1399 635 1475 ὁμιλήσας
704 1406 956 1466 ποικίλας
1014 1414 1128 1466 τοῖς
1196 1406 1273 1457 ἔτι
1326 1403 1434 1458 νῦν
1486 1399 1739 1474 σπουδὴν
1763 1412 1809 1445 15

121 1487 248 1559 περὶ
291 1484 418 1552 τοὺς
469 1484 666 1558 λόγους
719 1482 893 1542 αὐτοῦ
943 1487 1292 1559 ποιουμένοις
1345 1487 1741 1543 καταλέλοιπεν

122 1567 413 1644 ὠφελείας.

711 1751 756 1790 Λ
788 1749 825 1790 O
858 1751 896 1793 Γ
929 1749 965 1790 Ο
999 1750 1037 1789 Σ
1100 1750 1158 1790 Ζ.

255 1823 618 1898 [Προοίμιον.]
711 1823 821 1882 Τὸν
867 1827 1106 1898 ἕβδομον
1146 1826 1242 1896 τῆς
1290 1825 1741 1895 ἐκκλησιαστικῆς

125 1912 369 1982 ἱστορίας
402 1903 568 1975 αὖθις
599 1907 627 1965 ὁ
659 1909 826 1982 μέγας
850 1906 985 1982 ἡμῖν
1011 1905 1421 1979 Ἀλεξανδρέων
1447 1910 1741 1972 ἐπίσκοπος
1764 1934 1810 1965 20

124 1992 426 2060 Διονύσιος
470 1999 636 2060 ἰδίαις
686 2007 901 2066 φωναῖς
954 1990 1387 2065 συνεκπονήσει,
1439 1994 1552 2048 τῶν
1603 1989 1734 2047 καθ’

126 2075 327 2136 ἑαυτὸν
366 2079 772 2153 πεπραγμένων
814 2080 1014 2135 ἕκαστα
1058 2081 1118 2134 ἐν
1154 2080 1308 2150 μέρει
1349 2074 1420 2133 δι’
1471 2066 1551 2132 ὦν
1580 2099 1742 2132 κατα-

124 2164 382 2220 λέλοιπεν
424 2165 731 2220 ἐπιστολῶν
774 2160 1179 2236 ὑφηγούμενος.
1246 2163 1364 2234 ἐμοὶ
1415 2160 1476 2217 δὲ
1514 2159 1543 2217 ὃ
1585 2158 1743 2232 λόγος

126 2250 393 2305 ἐντεῦθεν
423 2245 710 2320 ποιήσεται
740 2246 842 2319 τὴν
872 2244 1063 2320 άρχήν.

252 2342 289 2390 Ι.
342 2339 467 2408 [Nic.
495 2343 554 2391 H.
583 2344 638 2392 E.
667 2345 720 2399 V,
747 2338 855 2411 43]
934 2333 1140 2388 Δέκιον
1181 2326 1311 2387 οὐδ’
1361 2327 1493 2387 ὅλον
1524 2331 1742 2402 ἐπικρα-
1766 2354 1810 2385 25

124 2413 368 2487 τήσαντα
411 2420 573 2472 δυοῖν
615 2418 761 2473 ἐτοῖν
802 2413 1028 2488 χρόνον,
1080 2413 1279 2472 αὐτίκα
1328 2439 1386 2473 τε
1430 2438 1542 2488 αμα
1586 2414 1745 2470 παισὶ

125 2501 550 2572 κατασφαγέντα
566 2499 777 2566 Γάλλος
804 2501 1127 2572 διαδέχεται.
1164 2497 1450 2573 Ὠριγένης
1480 2500 1540 2555 ἐν
1568 2497 1743 2554 τούτω

128 2581 252 2651 ἑνὸς
296 2585 492 2641 δέοντα
531 2589 628 2657 τῆς
670 2587 805 2656 ζωῆς
849 2581 1230 2684 ἑβδομήκοντα
1279 2580 1602 2655 αποπλήσας
1653 2588 1743 2652 ἔτη

127 2671 372 2744 τελευτᾷ.
455 2666 692 2741 γράφων
732 2670 799 2740 γέ
834 2692 918 2726 τοι
974 2665 1002 2725 ὁ
1049 2665 1347 2735 Διονύσιος
1391 2665 1744 2741 Ἑρμάμμωνι

129 2754 257 2826 περὶ
295 2755 396 2810 τοῦ
436 2751 657 2811 Γάλλου
697 2758 871 2810 ταῦτα
913 2750 1115 2826 φάσκει
1160 2748 1320 2809 “άλλ’
1370 2749 1504 2808 οὐδὲ
1533 2749 1743 2814 Γάλλος
1766 2773 1809 2805 30

121 2830 306 2908 “ἕγνω
344 2835 404 2895 τὸ
441 2842 652 2895 Δεκίου
694 2836 894 2910 κακὸν,
934 2834 1066 2894 οὐδὲ
1105 2834 1488 2912 προεσκόπησε
1526 2839 1584 2890 τί
1618 2828 1739 2889 ποτ’
