2032 3174
591 123 747 163 HIST.
780 122 1028 162 ECCLES.
1059 124 1094 165 Ι.
1129 125 1194 165 13.
1627 122 1694 172 41

99 309 170 365 Τά
204 309 565 382 άντιγραφέντα
602 310 698 367 ὑπὸ
729 309 889 380 Ἰησοῦ
926 311 1007 366 διά
1035 310 1240 367 Ἀνανία
1276 316 1586 383 ταχυδρόμου
1624 336 1697 367 το·

677 385 838 456 mimae?
869 382 1109 455 Ἀβνάρῳ·

224 493 304 545 10.
341 485 669 563 “Mamipcog
716 490 768 547 εἶ
803 487 1100 556 πιστεύσας
1143 493 1205 546 ἐν
1246 493 1363 563 ἐμοὶ
1414 489 1486 563 μὴ
1523 492 1697 562 ἑωρα-

86 569 232 640 “κω’ς
262 597 345 646 με.
409 576 710 646 γέγραπται
739 571 843 647 γάρ
875 575 1005 642 περὶ
1044 577 1176 645 ἐμοῦ
1215 574 1345 640 τούς
1390 572 1697 646 ἑωρακότας
1720 598 1739 629 5

73 651 190 730 Ι“με
219 655 292 730 μὴ
323 655 642 714 πιστεύσειν
672 682 790 730 μοι,
831 659 922 713 καὶ
952 661 1045 714 ἵνα
1077 661 1134 713 οἱ
1158 657 1231 729 μὴ
1266 656 1564 730 ἑωρακότες
1597 654 1698 715 αύ-

86 737 207 797 “τοὶ
236 739 573 798 πιστεύσωσί
614 743 704 797 καὶ
747 739 1029 812 ζήσωνται.
1100 743 1225 815 περὶ
1259 743 1317 797 δὲ
1359 733 1426 798 οὗ
1456 741 1698 814 ἔργαψάς

84 822 213 897 “μοι
247 827 434 882 ἐλθεῖν
464 824 598 898 πρὸς
631 826 710 897 σε,
744 828 873 882 δέον
906 827 1019 882 ἐστὶ
1052 822 1251 896 πάντα,
1287 824 1360 881 δι’
1396 821 1430 881 α’
1460 823 1698 882 άπεστά-

84 904 252 980 “λην,
296 911 540 965 ἐνταῦθα
581 912 874 983 πληρῶσαί
898 933 994 982 με,
1037 911 1128 965 καὶ
1159 907 1292 981 μετὰ
1322 907 1381 966 τό
1412 912 1698 982 πληρῶσαι

83 987 296 1059 “οὑ’τως
327 989 727 1065 ἀναληφθῆναι
758 991 892 1066 πρὸς
922 992 1018 1051 τὸν
1048 991 1449 1050 ἀποστείλαντά
1478 1016 1558 1066 με.
1607 996 1698 1050 καὶ
1723 1019 1762 1048 10

85 1072 350 1134 ο(ἐπειδάν
373 1074 703 1150 άναληφθῶ,
737 1078 1020 1135 ἀποστελῶ
1045 1083 1139 1135 σοί
1156 1102 1280 1134 τινα
1303 1080 1414 1134 τῶν
1431 1083 1698 1151 μαθητῶν

83 1157 258 1234 “μου,
299 1165 392 1218 ἵνα
436 1159 660 1235 ἰάσηταί
694 1181 797 1219 σου
837 1161 896 1219 τὸ
937 1160 1116 1228 πάθος
1162 1164 1252 1218 καὶ
1297 1160 1438 1233 ζωήν
1479 1181 1565 1219 σοι
1605 1164 1697 1218 καὶ

85 1240 234 1311 “tots
266 1244 374 1303 σὺν
405 1248 492 1303 σοὶ
523 1244 919 1320 παράσχηται.”

206 1334 286 1386 11.
331 1328 563 1396 Ταύταις
589 1331 650 1387 δὲ
673 1346 790 1397 ταῖς
818 1335 1129 1396 ἐπιστολαῖς
1153 1337 1230 1387 ἔτι
1254 1333 1345 1387 καὶ
1368 1333 1540 1386 ταῦτα
1565 1351 1695 1386 συν-

91 1418 227 1483 ῆπτο
266 1415 334 1486 τῇ
365 1412 572 1486 Σύρων
601 1418 777 1489 φωνῇ.
848 1412 982 1486 μετὰ
1019 1416 1079 1470 δὲ
1113 1413 1172 1471 τὸ
1196 1413 1572 1487 άναληφθῆνα
1602 1412 1697 1470 τὸν
1720 1438 1759 1469 15

85 1494 298 1568 Ἰησοῦν
339 1495 659 1554 ἀπέστειλεν
699 1497 848 1574 αὐτῷ
886 1495 1093 1565 Ἰούδας
1131 1497 1158 1555 ὁ
1192 1501 1281 1555 καὶ
1316 1504 1514 1571 Θωμᾶς
1548 1504 1698 1555 Θαδ-

93 1586 251 1637 δαῖον
292 1578 624 1653 άπόστολον,
670 1585 768 1639 ἕνα
808 1587 919 1639 τῶν
951 1581 1359 1655 ἑβδομήκοντά
1422 1579 1480 1647 ὃς
1514 1582 1696 1638 ἐλθών

90 1667 349 1738 κατέμενε
379 1665 514 1738 πρὸς
555 1672 775 1737 Τωβίαν
806 1664 901 1722 τὸν
931 1669 1030 1723 τοῦ
1067 1673 1267 1737 Τωβία.
1332 1664 1404 1732 ῶς
1437 1667 1496 1743 δὲ
1527 1664 1697 1737 ἠκού-

37 1768 39 1771 ’
90 1758 201 1821 σθη
231 1750 357 1823 περὶ
390 1746 588 1822 αὐτοῦ,
631 1749 884 1823 ἐμηνύθη
914 1754 990 1826 τῷ
1017 1747 1262 1825 Ἀβγάρω
1307 1746 1390 1807 ὅτι
1422 1747 1696 1819 ἐλήλυθεν

91 1835 335 1890 ἐνταῦθα
379 1832 678 1901 ἀπόστολος
718 1837 816 1891 τοῦ
841 1832 1048 1906 Ἰησοῦ,
1093 1834 1242 1892 καθὰ
1285 1835 1561 1891 ἐπέστειλέ
1589 1853 1689 1891 σοι.
1717 1858 1757 1889 20

92 1921 171 1992 12.
214 1914 413 1991 ἤρξατο
455 1909 557 1975 οὖν
587 1914 615 1975 ὁ
650 1924 929 1985 Θαδδαῖος
971 1922 1030 1975 ἐν
1073 1917 1306 1991 δυνάμει
1347 1923 1486 1975 θεοῦ
1524 1928 1694 1990 θερα-

89 1999 282 2058 πεύειν
311 2006 494 2059 πᾶσαν
523 2000 692 2060 νόσον
715 2005 807 2060 καὶ
830 2009 1126 2076 μαλακίαν,
1160 1999 1297 2060 ῶστε
1317 2001 1524 2068 πάντας
1548 2012 1694 2058 θαυ-

89 2083 300 2156 μάζειν·
350 2085 422 2154 da„-
465 2088 524 2144 δὲ
565 2084 808 2159 ἤκουσεν
848 2085 1168 2160 ὁ’Ἀβγαρος
1206 2085 1272 2143 τὰ
1311 2094 1572 2160 μεγαλεῖα
1603 2089 1695 2143 καὶ

88 2167 152 2224 τὰ
182 2170 496 2244 θαυμάσια,
528 2169 562 2227 ἃ
595 2175 794 2244 ἐποίει,
828 2174 919 2229 καὶ
951 2167 1024 2238 ῶς
1057 2169 1429 2246 ἐθεράπευεν,
1465 2175 1524 2227 ἐν
1554 2166 1695 2227 ὐπο-

88 2259 212 2328 νοίᾳ
251 2257 480 2326 γέγονεν
523 2254 594 2322 ῶς
638 2253 721 2313 ὅτι
762 2255 925 2322 αὐτός
968 2260 1108 2328 ἐστι,
1149 2258 1274 2328 περὶ
1317 2247 1386 2312 οὗ
1422 2251 1450 2312 ὃ
1486 2254 1692 2326 Ἰησοῦς
1715 2278 1756 2309 25

90 2339 362 2395 ἐπέστειλε
393 2342 596 2411 λέγων,
655 2339 881 2397 ἐπειδὰν
911 2339 1251 2414 ἀναληφθῶ,
1291 2337 1574 2396 ἀποστελῶ
1606 2344 1699 2395 σοί

86 2443 209 2476 τινα
238 2428 349 2478 τῶν
379 2430 644 2496 μαθητῶν
674 2449 808 2495 μου,
840 2421 898 2491 ὃς
917 2421 977 2482 τὸ
1001 2423 1180 2490 πάθος
1212 2446 1313 2482 σου
1349 2422 1564 2481 ι’άσετει.
1614 2426 1688 2478 13.

86 2506 592 2579 μετακαλεσάμενος
622 2501 852 2586 οὖντὸν
878 2518 926 2566 Τ
923 2516 1119 2581 ωβίαν,
1151 2507 1278 2582 παρ’
1311 2500 1356 2565 ῶ
1378 2510 1692 2579 κατέμενεν,

89 2587 272 2662 εἶπεν,
319 2588 530 2662 ἤκουσα
569 2590 652 2648 ὅτι
690 2589 831 2666 άνήρ
876 2618 956 2659 τις
999 2592 1273 2664 δυνάστης
1321 2589 1503 2649 ἐλθῶν
1535 2593 1693 2647 κατέ-

87 2695 274 2743 μεινεν
316 2677 374 2731 ἐν
417 2677 484 2750 τῇ
523 2681 592 2748 σῆ
643 2682 814 2751 οἰκία·
885 2675 1129 2750 ἀνάγαγε
1177 2675 1348 2734 αὐτὸν
1389 2674 1524 2749 πρὸς
1580 2675 1685 2747 ἐμέ.
1712 2696 1752 2727 30

89 2756 272 2814 ἐλθών
314 2760 373 2814 δὲ
411 2755 440 2816 ὁ
490 2766 705 2832 Τωβίας
745 2759 891 2835 παρά
934 2767 1196 2837 Θαδδαίςο
1240 2761 1394 2817 εἶπεν
1435 2757 1614 2833 αὐτῷ,
1660 2756 1688 2812 ὁ

86 2839 645 2916 τοπάρχ·ης’ᾊβγαρος
676 2843 1180 2918 μετακαλεσάμενός
1211 2867 1278 2916 με
1309 2843 1464 2900 εἶπεν
1487 2839 1686 2912 άναγα-
