1986 3152
495 162 656 204 HIST.
688 160 936 202 ECCLES.
968 162 1054 204 111.
1076 163 1256 202 37—39.
1588 156 1687 208 133

203 286 415 339 XXXIX.
470 288 599 351 sNic,
628 289 685 338 H.
718 289 770 337 E.
800 288 889 344 ΙΙΙ,
917 285 1028 352 20]
1096 279 1204 332 Τοῦ
1238 276 1297 332 δὲ
1328 281 1522 332 Παπία
1554 292 1685 346 συγ-

81 361 367 437 γράμματα
400 365 564 419 πέντε
594 362 691 418 τὸν
730 360 975 434 ἀριθμὸν
1015 364 1267 433 φέρεται,
1310 357 1343 415 ἑὶ
1384 362 1476 415 καὶ
1511 361 1686 430 ἐπιγέ-

79 470 314 520 γραπται
367 453 590 519 Λογίων
638 450 920 519 κυριακῶν
964 443 1259 517 ἐξηγήσεις.
1331 443 1543 500 τούτων
1596 445 1689 499 καὶ

82 537 377 604 Εἰρηναῖος
422 529 494 597 ὥς
536 530 726 604 μόνων
767 527 919 604 αὐτῷ
969 531 1316 637 γραφέντων
1353 525 1689 601 μνημονεύει

82 616 198 672 ωδέ
221 638 336 682 πως
369 613 580 687 λέγων
586 611 776 670 ταῦτα
809 614 869 669 δὲ
894 615 985 668 καὶ
1011 619 1232 678 Παπίας
1255 637 1283 669 ο
1305 609 1564 671 Ἰωάννου
1589 636 1690 684 μεν
1714 636 1734 668 5

70 698 405 804 ἱζάκουστὴς,
438 697 815 770 Πολυκάρπου
848 698 908 753 δε
941 699 1153 768 ἑταῖρος
1178 695 1436 768 γεγονώς,
1470 694 1693 769 άρχαῑος

74 779 283 887 ἱζάνὴρ,
338 781 626 855 ἐγγράφως
680 786 1039 882 ἐπιμαρτυρεῖ
1092 784 1152 836 ἐν
1191 784 1257 853 τῇ
1307 779 1538 853 τετάρτῃ
1583 805 1694 836 των

74 865 319 923 “ἑαυτού
360 872 586 938 βί.βλων
649 872 761 922 ε”στι
803 864 906 938 γὰρ
952 861 1103 940 αὐτῷ
1142 867 1306 920 πέντε
1337 869 1527 936 βιβλία
1559 882 1696 920 συν-

77 947 462 1022 “τεταγμε’να.”
527 946 678 1006 καὶὸ
719 950 822 1022 μὲν
857 956 1154 1022 Εἰρηναῖος
1193 954 1379 1005 ταῦτα.
1440 953 1487 1004 Ξ).
1532 946 1694 1014 αὐτός

79 1059 142 1107 γε
173 1035 283 1108 μὴν
312 1031 341 1091 ὁ
373 1037 613 1100 Παπίας
641 1033 777 1090 κατὰ
817 1033 876 1090 τὸ
919 1040 1208 1107 προοίμιον
1246 1038 1358 1090 τῶν
1400 1030 1570 1089 αὐτοῦ
1601 1030 1694 1088 λό-
1717 1059 1758 1091 10

79 1143 196 1191 γων
227 1117 503 1191 ἀκροατὴν
533 1120 634 1192 μὲν
666 1121 758 1174 καὶ
790 1115 1069 1190 αὐτόπτην
1093 1117 1351 1190 οὐδαμῶς
1380 1115 1577 1174 ἑαυτὸν
1603 1140 1696 1188 γε-

80 1206 280 1260 νέσθαι
310 1209 422 1260 τῶν
447 1207 613 1275 ι”ερῶν
637 1200 960 1260 ἀποστόλων
986 1206 1261 1275 ἐμφαίνει,
1294 1204 1694 1274 παρειληφέναι

87 1289 147 1344 δὲ
177 1286 242 1343 τά
273 1293 367 1360 τῆς
400 1294 634 1352 πίστεως
657 1287 814 1359 παρα
844 1291 956 1344 τῶν
1000 1290 1227 1353 ἐκείνοις
1268 1291 1567 1359 γνωρίμων
1611 1290 1696 1341 δι-

82 1370 272 1428 δάσκει
306 1370 376 1427 δι’
416 1363 495 1428 οἷν
525 1389 660 1444 φησι
694 1375 918 1438 λέξεων·
980 1376 1026 1426 3.
1065 1367 1203 1427 “eim
1241 1368 1460 1442 ὀκνήσω
1504 1373 1568 1426 δέ
1609 1388 1696 1426 σοι

75 1452 200 1512 “uoci
234 1452 338 1512 ὅσα
368 1456 498 1512 ποτε
529 1454 677 1528 παρα
706 1460 817 1512 τῶν
847 1457 1240 1529 πρεσβυτέρων
1272 1459 1449 1520 καλῶς
1481 1461 1694 1527 ἔμαθον
1716 1480 1758 1512 15

74 1539 203 1596 “καὶ
246 1543 425 1606 καλῶς
471 1539 852 1613 ἐμνημόνευσα
895 1538 1158 1607 συντάξαι
1197 1555 1316 1605 ταῖς
1361 1542 1694 1612 ἑρμηνείαις,

75 1620 605 1696 κδιαβεβαιούμενος
635 1620 776 1698 ὑπὲρ
811 1622 998 1681 αὐτῶν
1021 1621 1308 1695 ἀλήθειαν.
1364 1620 1430 1680 οὗ
1456 1623 1560 1697 γὰρ
1584 1638 1697 1690 τοῖς

52 1706 175 1770 ,“τά
207 1707 382 1764 πολλὰ
413 1709 673 1780 λέγουσιν
706 1716 926 1781 ἔχαιρον
967 1706 1153 1782 ὥσπερ
1196 1713 1252 1764 015
1290 1710 1511 1779 πολλοὶ,
1558 1705 1697 1764 ἀλλὰ

74 1790 226 1858 “vocs
267 1789 483 1864 τάληθῆ
527 1791 920 1865 διδάσκουσιν,
962 1790 1094 1849 οὐδὲ
1125 1803 1238 1859 τοῖς
1269 1793 1363 1859 τὰς
1406 1791 1696 1866 ἀλλοτρίας

75 1875 339 1942 “ἐντολο“ις
391 1874 868 1950 μνημονεύουσιν,
923 1875 1062 1933 ἀλλὰ
1115 1890 1227 1943 τοῖς
1279 1875 1374 1942 τάς
1411 1876 1558 1948 παρὰ
1598 1879 1700 1933 τοῦ
1721 1902 1763 1934 20

77 1957 313 2030 “κυρίου
342 1965 408 2033 τῇ
434 1968 615 2018 πίστει
640 1964 939 2034 δεδομένας
964 1963 1054 2018 καὶ
1079 1959 1175 2016 ἀπ’
1206 1957 1374 2034 αὐτῆς
1399 1984 1697 2033 παραγινο-

76 2043 281 2148 ἱμενας
302 2049 398 2116 τῆς
420 2044 702 2118 άληθειας.
774 2051 821 2102 4.
872 2052 921 2103 εί
944 2048 1007 2101 δέ
1025 2068 1133 2102 που
1159 2048 1250 2102 καὶ
1273 2053 1696 2120 παρηκολουθη·

81 2125 230 2230 Σκιάς
253 2153 333 2194 τις
355 2143 467 2195 τοῖς
493 2133 888 2204 πρεσβυτέροις
908 2136 1084 2202 ἔλθοι,
1109 2154 1236 2196 τους
1260 2155 1372 2187 των
1396 2132 1697 2202 πρεσβυτέ-

81 2209 234 2282 “ρων
257 2212 552 2286 ἀνέκρινον
578 2213 800 2286 λόγους
826 2221 883 2271 τί
896 2211 1205 2285 Ἀνδρέας
1184 2214 1217 2286 η’
1238 2222 1296 2271 τί
1311 2217 1522 2284 Πέτρος
1544 2214 1699 2271 εἶπεν

77 2293 150 2368 “ἢ
182 2305 239 2355 τί
261 2303 535 2365 Φίλιππος
568 2323 601 2370 η
634 2306 692 2355 τί
711 2304 911 2372 Θωμας
946 2324 978 2372 η
1004 2295 1315 2370 Ἰάκωβος
1293 2324 1325 2372 η
1360 2306 1418 2355 τί
1438 2296 1696 2371 Ἰωάννης
1722 2323 1761 2356 25

78 2376 151 2454 “ἢ
185 2391 482 2449 Ματθαῖος
506 2381 540 2454 ἥ
570 2407 649 2448 τις
683 2386 863 2455 ε’τερος
893 2388 1005 2440 τῶν
1039 2389 1138 2440 τοῦ
1174 2390 1374 2456 κυρίου
1410 2387 1696 2456 μαθητῶν,

79 2462 150 2520 “52
187 2490 246 2522 τε
273 2463 561 2539 Ἀριστίων
601 2469 691 2524 καὶ
731 2467 759 2524 ὁ
800 2466 1173 2541 πρεσβύτερος
1210 2464 1466 2540 Ἰωάννης
1510 2473 1567 2524 οι
1599 2473 1698 2525 τοῦ

79 2546 314 2622 “”κυρίου
337 2553 584 2623 μαθηταὶ
607 2555 879 2623 λέγουσιν.
935 2549 1001 2609 οὐ
1026 2550 1129 2626 γὰρ
1155 2551 1219 2608 τὰ
1246 2555 1304 2608 ἐκ
1326 2556 1439 2609 τῶν
1462 2558 1699 2624 βιβλίων

61 2630 377 2692 ,“’τοσοῦτόν
420 2658 489 2707 με
533 2632 774 2707 ὠφελεῖν
814 2632 1210 2709 ὑπελάμβανον
1262 2634 1395 2693 ὅσον
1444 2635 1510 2693 τά
1551 2634 1699 2708 παρὰ

77 2713 286 2789 ““ζώσης
317 2726 507 2791 φωνῆς
539 2722 631 2776 καὶ
661 2719 980 2793 μενούσης.”
1045 2725 1092 2777 ἵ).
1129 2728 1268 2778 ἔνθα
1293 2723 1384 2777 καὶ
1413 2724 1695 2791 ἐπιστῆσαι
1720 2743 1761 2774 30

202 2912 229 2949 4
258 2910 374 2951 Iren.
398 2913 444 2961 5,
468 2914 543 2963 33,
569 2915 607 2951 4.
634 2926 674 2965 p.
700 2915 796 2953 333.
