1986 3152
628 93 787 136 Hls'r.
816 91 1062 134 ECCLES.
1094 94 1146 134 v.
1183 94 1219 133 1.
1633 90 1731 142 183

123 215 246 276 σίας
275 210 643 280 μιανθέντων.
703 213 750 265 4.
784 207 810 265 ὁ
839 211 902 265 δέ
923 231 985 279 γε
1015 209 1141 281 περὶ
1172 210 1275 264 τοῦ
1304 205 1432 265 καθ’
1470 205 1611 280 ἡμᾶς
1636 230 1730 265 πο-

125 291 443 365 λιτεύματος
477 291 868 366 διηγηματικὸς
898 291 1031 365 ἡμῖν
1062 291 1220 364 λόγος
1244 290 1370 359 τούς
1394 290 1536 366 ὑπὲρ
1562 289 1730 366 αὐτῆς

125 381 223 449 τῆς
253 376 390 433 κατὰ
432 377 616 451 ψυχὴν
667 376 887 451 εἰρήνης
938 375 1396 449 εἰρηνικωτάτους
1436 380 1728 450 πολέμους,

123 463 214 518 καὶ
244 460 372 527 τούς
406 464 466 519 ἐν
495 459 705 529 τούτοις
735 458 876 535 ὑπὲρ
916 457 1183 533 ἀληθείας
1225 464 1435 533 μᾶλλον
1475 485 1508 559 η
1540 468 1729 562 πατρί-

126 551 239 618 δος,
273 547 364 602 καὶ
394 548 603 618 μᾶλλον
632 544 774 618 ὑπὲρ
806 544 1092 617 εὐσεβείας
1123 569 1156 616 η
1189 548 1300 601 τῶν
1331 543 1612 617 φιλτάτων
1637 543 1726 601 ἀν-
1755 570 1774 600 5

126 631 491 702 ὁρισαμένους
523 635 772 696 αἰωνίαις
803 627 1182 702 ἀναγράψεται
1214 628 1465 700 στήλαις,
1500 633 1612 686 τῶν
1646 628 1731 688 εὐ-

121 720 343 785 σεβείας
374 712 635 786 ἀθλητῶν
664 713 758 780 τὰς
791 712 1094 782 ἐνστάσεις,
1127 714 1218 768 καὶ
1242 712 1336 778 τὰς
1360 712 1733 785 πολυτλήτους

120 795 414 869 ἀνδρείας,
455 795 688 866 τρόπαιά
727 822 785 855 τε
825 797 890 854 τὰ
921 794 1057 854 κατά
1101 795 1408 869 δαιμόνων,
1453 800 1544 853 καὶ
1575 804 1732 863 νίκας

122 879 219 947 τὰς
251 880 386 937 κατὰ
416 884 529 938 τῶν
561 878 812 954 ἀοράτων
834 879 1172 951 ἀντιπάλων,
1205 882 1295 937 καὶ
1319 879 1446 947 τούς
1480 883 1567 938 ἐπὶ
1602 886 1735 938 πᾶσι

121 963 336 1033 τούτοις
367 963 677 1038 στεφάνους
710 972 788 1032 εἰς
820 963 1049 1023 αἰώνιον
1071 989 1293 1037 μνημην
1316 962 1727 1039 ανακηρύττων.
1756 991 1796 1020 10

250 1062 284 1109 1.
330 1060 460 1126 [Nic.
490 1061 548 1110 Η.
578 1061 632 1110 Ε.
661 1061 736 1118 IV,
769 1059 848 1110 16.
882 1059 988 1126 17]
1040 1055 1250 1107 Γαλλία
1275 1073 1377 1122 μεν
1399 1041 1733 1122 οῦνὴχιόρα

121 1125 212 1234 ἐν,
230 1131 362 1191 καθ’
381 1130 454 1206 ἣν
476 1132 535 1190 τὸ
559 1137 670 1191 τών
698 1137 1057 1207 δηλουμένων
1081 1147 1465 1205 συνεκροτεῖτο
1489 1133 1733 1205 στάδιον,

121 1209 187 1290 ἧς
210 1216 575 1292 μητροπόλεις
602 1221 854 1292 ἐπίσημοι
878 1221 971 1275 καὶ
1001 1241 1151 1292 παρα
1176 1243 1270 1285 τας
1305 1215 1473 1285 άλλας
1504 1222 1615 1275 τῶν
1639 1217 1735 1275 αὐ-

123 1301 252 1360 τόθι
277 1304 644 1374 διαφέρουσαι
679 1301 979 1375 βεβόηνται
1006 1301 1362 1375 Λούγδουνος
1390 1305 1481 1359 καὶ
1508 1309 1732 1374 Βίεννα,

126 1383 202 1443 δι’
237 1410 316 1444 ων
346 1383 674 1459 αμφοτέρων
703 1386 805 1458 τὴν
834 1384 1057 1444 άπασαν
1086 1386 1272 1459 χώραν
1303 1391 1487 1463 πολλῷ
1511 1389 1588 1462 τῷ
1610 1387 1735 1461 ρεύ-
1759 1410 1798 1442 15

122 1494 251 1542 ματι
281 1473 587 1544 περιρρέων
617 1470 646 1528 ὁ
672 1469 925 1538 Ῥοδανὸς
968 1471 1209 1544 ποταμὸς
1253 1472 1489 1538 διέξεισι.
1549 1447 1599 1527 Ι2.
1633 1496 1735 1544 την

123 1579 230 1611 ουν
274 1557 400 1629 περὶ
442 1560 554 1611 τῶν
594 1554 889 1629 μαρτύρων
929 1555 1152 1629 γραφὴν
1195 1580 1250 1611 αι
1291 1559 1425 1629 τῇδε
1468 1557 1735 1626 διαφανέ-

125 1657 317 1695 σταται
351 1643 633 1711 ἐκκλησίαι
663 1653 783 1705 ταῖς
825 1639 961 1696 κατὰ
1000 1640 1101 1712 τὴν
1124 1638 1316 1696 Ἀσίαν
1354 1642 1447 1696 καὶ
1480 1645 1734 1714 Φρυγίαν

131 1727 564 1797 διαπέμπονται,
619 1721 684 1780 τά
736 1721 868 1798 παρ’
926 1721 1117 1789 αὐταῖς
1169 1725 1488 1797 πραχθέντα
1539 1727 1734 1782 τοῦτον

123 1804 516 1882 ἆνιστοροῦσαι
538 1805 638 1866 τὸν
660 1806 879 1881 τρόπον.
932 1812 978 1864 3.
1003 1807 1395 1881 παραθήσομαι
1420 1809 1478 1865 δὲ
1502 1809 1596 1874 τὰς
1628 1805 1731 1865 αὐ-
1756 1834 1796 1863 20

44 1960 48 1964 ι
114 1895 238 1995 <τῶν
268 1891 459 1965 φωνάς
493 1889 590 1949 “οί
618 1895 678 1949 ἐν
707 1895 912 1966 Βιέννῃ
954 1895 1044 1949 καὶ
1077 1891 1419 1967 Λουγδούνω
1462 1897 1557 1964 τῆς
1587 1900 1734 1950 Γαλ-

114 1973 278 2043 “Mag
317 1980 711 2049 παροικοῦντες
763 1979 958 2034 δουλοι
997 1981 1242 2049 Χριστου
1280 1992 1392 2044 τοῖς
1445 2001 1582 2033 κατα
1634 1977 1735 2048 τὴν

116 2058 354 2118 Η’Ἀσίαν
394 2062 486 2117 καὶ
519 2066 776 2135 Φρυγίαν
815 2059 916 2133 τὴν
957 2058 1131 2133 αὐτὴν
1171 2064 1266 2133 τῆς
1298 2059 1735 2136 ἀπολυτρώσεως

116 2140 293 2218 “ἡμῖν
330 2151 516 2202 πίστιν
557 2147 649 2202 καὶ
704 2148 900 2202 ἐλπίδα
951 2151 1173 2219 ἔχουσιν
1224 2143 1488 2218 ἀδελφοῖς
1543 2145 1734 2219 εἰρήνη

119 2225 247 2286 “nal
289 2228 443 2303 χάρις
484 2231 574 2286 καὶ
619 2229 750 2298 δόξα
791 2227 897 2287 απὸ
937 2235 1077 2288 θεοῦ
1117 2230 1321 2302 πατρὸς
1363 2232 1454 2286 καὶ
1495 2234 1734 2303 Χριστοῦ
1757 2255 1797 2286 25

118 2310 341 2386 “Ἰησοῦ
393 2317 490 2371 τοῦ
546 2320 745 2388 κυρίου
783 2313 956 2388 ἡμῶν.
966 2311 995 2333 ”
1086 2319 1134 2372 4.
1183 2314 1296 2372 εἶτα
1349 2313 1561 2380 τούτοις
1616 2316 1735 2386 ἑξῆς

128 2400 287 2471 ε’τερα
318 2397 811 2472 προοιμιασάμενοι
842 2396 944 2472 τὴν
973 2403 1070 2456 τοῦ
1114 2397 1281 2472 λόγου
1313 2397 1592 2472 καταρχὴν
1623 2422 1734 2454 ποι-

125 2484 319 2540 οῦνται
351 2485 412 2539 ἐν
440 2481 658 2549 τούτοις
692 2479 788 2540 “cb
829 2483 934 2556 μὲν
973 2474 1076 2541 οῦν
1114 2485 1350 2557 μέγεθος
1391 2487 1486 2555 τῆς
1530 2481 1736 2540 ἐνθάδε

118 2561 406 2634 “mamm
437 2569 527 2623 καὶ
559 2566 662 2639 τὴν
691 2566 968 2640 τοσαύτην
997 2571 1109 2625 τῶν
1142 2571 1329 2626 ἐθνῶν
1361 2575 1437 2634 εἰς
1468 2565 1593 2632 τούς
1619 2565 1733 2637 ἁγί-

122 2645 254 2716 “ους
283 2647 483 2723 ὀργὴν,
527 2654 618 2708 καὶ
658 2649 760 2709 ὅσα
799 2651 1105 2725 ὑπέμειναν
1145 2657 1202 2709 οἱ
1236 2650 1494 2724 μακάριοι
1525 2649 1733 2723 μάρτυ-
1758 2675 1798 2704 :zo

123 2728 279 2807 “ρες,
315 2733 398 2791 ἐπ’
436 2737 658 2807 ἀκριβὲς
689 2733 815 2792 οὔθ’
854 2735 1009 2809 ἡμεῖς
1042 2742 1221 2794 εἰπεῖν
1254 2738 1433 2793 ἱκανοὶ
1464 2733 1594 2792 οὔτε
1624 2733 1733 2805 μὴν

119 2815 346 2892 “γραφῇ
379 2824 795 2893 περιληφθῆναι
829 2818 1084 2877 δυνατόν.
1141 2825 1187 2876 5.
1220 2822 1380 2876 παντὶ
1409 2818 1512 2891 γὰρ
1545 2820 1732 2874 σθένει
