1986 3152
245 117 349 169 416
589 168 596 175 ς
923 111 1174 155 EUSEBII

250 234 466 305 ἀγῶνος
521 229 949 302 ἑπισφράγισμα.
1021 233 1069 285 6.
1124 226 1304 304 τούτῳ
1358 227 1421 284 δὲ
1463 229 1558 284 καὶ
1595 233 1712 285 τῶν
1755 224 1856 286 ἀπ’

248 316 606 388 Αἰγύπτου)
577 319 831 416 συνῆσαν
862 317 1119 385 πλείους,
1154 315 1214 369 ἐν
1244 319 1327 378 οἱς
1356 306 1429 384 ῆν
1459 314 1552 368 καὶ
1578 309 1859 386 Ἰωάννης,
1905 383 1930 389 ,-

248 401 308 468 ὃς
339 406 409 475 τῇ
443 400 572 474 περὶ
600 398 819 472 μνήμας
859 395 1030 471 ἀρετῇ
1061 395 1194 463 τούς
1226 394 1358 454 καθ’
1395 395 1538 470 ἡμᾶς
1577 395 1856 471 ὑπερεβά-
1926 439 1929 442 -

249 494 371 543 λετο
424 484 650 551 πάντας.
731 485 847 540 τῶν
897 505 1001 555 μεν
1053 485 1159 538 οὐν
1211 477 1399 549 όψεων
1450 482 1544 537 καὶ
1584 479 1861 556 πρότερον

204 589 224 620 5
250 565 412 636 οὗτος
446 569 729 643 ἐστέρητο,
762 566 911 640 ὅμως
944 566 1006 623 δε
1029 567 1124 622 καὶ
1150 564 1242 638 ἐφ’
1271 562 1360 633 αἷς
1390 567 1690 641 διέπρεψεν
1721 562 1860 640 ὁμο-
1928 560 1930 563 V

251 660 460 726 λογίαις
513 651 716 726 ὁμοίως
760 664 877 718 τοῖς
928 649 1114 717 ἄλλοις
1165 653 1474 725 καυτῆρσιν
1525 649 1862 723 άφανισθεὶς

224 739 349 796 -τόν
402 738 578 810 πόδα,
634 737 771 794 κατὰ
822 742 920 809 τῆς
972 734 1046 808 μὴ
1102 735 1440 809 ἐνεργούσης
1479 734 1724 811 ὁράσεως
1764 735 1863 794 τὸν

251 822 430 881 αὐτὸν
459 828 561 880 τοῦ
595 822 777 895 πυρὸς
809 826 1060 895 καυτῆρα
1093 820 1335 893 εἰλήφει,
1377 825 1491 878 τῶν
1523 825 1740 894 δημίων
1773 823 1864 879 ἐπὶ
1924 828 1928 838 “

250 909 311 965 τὸ
347 907 578 980 άνηλεὲς
607 909 701 963 καὶ
733 905 1067 979 άσυμπαθὲς
1108 905 1169 962 τὸ
1201 909 1303 961 τοῦ
1342 905 1552 979 τρόπου
1587 901 1741 979 ῶμὸν
1770 906 1864 963 καὶ

193 1013 232 1044 10
256 992 644 1065 ἀπάνθρωπον
697 990 1100 1048 ἐπιτεινόντων.
1185 994 1230 1046 7.
1299 996 1554 1048 τοιοῦτον
1606 989 1675 1064 δὴ
1728 989 1864 1048 ὅντα

249 1078 430 1151 ῆθους
461 1076 564 1150 μὲν
594 1077 687 1132 καὶ
718 1081 847 1147 βίου
879 1074 1192 1148 φιλοσόφου
1223 1081 1279 1130 τί
1307 1074 1379 1131 ἄν
1408 1098 1487 1140 τις
1519 1072 1861 1149 ἀποθαυμά-

254 1180 426 1233 σειεν,
459 1159 562 1233 οὐχ
594 1160 771 1226 οὕτως
803 1156 1188 1231 άναφανέντος
1213 1158 1566 1232 παραδόξου,
1599 1159 1734 1216 ὅσον
1766 1165 1863 1232 τῆς

255 1250 314 1303 ἐν
345 1245 584 1319 μνήμαις
622 1242 849 1318 ἀρετῆς,
893 1243 1027 1309 ὅλας
1067 1249 1300 1316 βίβλους
1339 1248 1453 1300 τῶν
1493 1249 1672 1301 θείων
1712 1268 1860 1319 γρα-

253 1336 379 1404 φῶν
410 1353 514 1387 ουκ
555 1353 615 1386 εν
654 1330 820 1397 πλαξὶ
851 1335 1122 1400 λιθίναις,
1167 1331 1207 1403 -ᾑ
1245 1346 1416 1400 φησιν
1457 1327 1486 1386 ὁ
1519 1337 1675 1395 θεῖος
1707 1327 1855 1386 άπό-

191 1433 231 1465 15
256 1423 473 1486 στολος,
516 1412 640 1471 ἀλλ’
685 1412 821 1471 ουδε
864 1416 923 1470 ἐν
963 1411 1119 1489 ζῴων
1161 1411 1407 1487 δοραῖς
1384 1437 1417 1485 η
1449 1413 1704 1487 χάρταις,
1750 1409 1866 1471 υπὸ

255 1506 438 1574 σητῶν
469 1501 563 1556 καὶ
593 1499 801 1573 χρόνου
834 1500 1343 1572 διαφθειρομένοις,
1386 1497 1510 1555 ἀλλ’
1557 1501 1620 1556 ἐν
1661 1499 1865 1568 πλαξὶν

257 1581 330 1652 ὡς
362 1583 590 1657 άληθῶς
622 1588 855 1657 καρδίας
888 1592 1204 1657 σαρκίναις,
1239 1588 1394 1658 ψυχῇ
1423 1606 1483 1640 τε
1516 1588 1742 1656 διαυγεῖ
1767 1585 1863 1640 καὶ

257 1669 638 1746 καθαρωτάτῳ
671 1674 922 1735 διανοίας
953 1668 1153 1742 ὄμματι
1181 1669 1746 1743 καταγεγραμμένον,
1791 1667 1864 1734 ῶς

258 1755 561 1829 προφέρειν
584 1778 676 1826 γε,
709 1751 805 1810 ὅτε
828 1754 920 1810 καὶ
942 1753 1200 1826 βούλοιτο
1217 1798 1231 1826 ,
1264 1753 1355 1809 διὰ
1381 1753 1650 1826 στόματος
1676 1752 1865 1824 ῶσπερ

194 1858 235 1890 ‘20
258 1837 372 1896 άπό
415 1861 562 1905 τινος
615 1839 800 1910 λόγων
849 1844 1151 1912 θησαυροῦ
1189 1838 1313 1895 τοτὲ
1353 1838 1457 1911 μὲν
1495 1837 1729 1911 νομικὴν
1775 1839 1871 1895 καὶ

259 1923 607 1998 προφητικὴν
637 1923 892 1997 γραφὴν,
934 1924 1056 1980 τοτὲ
1087 1923 1151 1980 δὲ
1183 1922 1469 1998 ἱστορικὴν
1500 1920 1869 1996 εὐαγγελικήν

258 2032 317 2066 τε
356 2009 554 2065 ἄλλοτε
595 2009 690 2065 καὶ
730 2006 1117 2081 άποστολικήν.
1190 2013 1238 2066 8.
1286 2013 1713 2080 καταπλαγῆναί
1738 2030 1870 2065 ποτε

262 2092 432 2159 αὐτὸς
463 2091 745 2165 ὁμολογῶ,
793 2098 1017 2167 πρῶτον
1046 2093 1146 2150 τὸν
1177 2092 1360 2166 ἄνδρα
1389 2092 1738 2165 θεασάμενος
1768 2094 1870 2164 μέ-

261 2196 362 2234 σον
415 2181 614 2233 ἱκανοῦ
680 2177 936 2249 πλήθους
990 2179 1282 2249 ἐκκλησίας
1337 2179 1545 2234 ἑστῶτα
1604 2183 1704 2233 καί
1750 2199 1872 2234 τινα

199 2279 243 2312 25
263 2263 403 2335 μέρη
433 2266 594 2327 θείας
636 2266 854 2334 γραφῆς
897 2259 1184 2329 διεξιόντα.
1247 2265 1350 2328 ἕως
1391 2262 1496 2335 μὲν
1525 2260 1635 2335 γάρ
1678 2267 1874 2334 φωνῆς

265 2343 402 2403 αὐτὸ
434 2345 610 2418 μόνον
642 2348 1035 2419 ἐπακροᾶσθαί
1057 2370 1148 2419 μοι
1179 2351 1394 2420 παρῆν,
1447 2344 1874 2418 άναγινῶσκειν,

265 2427 355 2488 οἷα
386 2430 454 2502 δὴ
489 2436 620 2496 ἔθος
654 2433 713 2487 ἐν
743 2443 864 2497 ταῖς
897 2431 1183 2504 συνόδοις,
1225 2430 1346 2488 τινα
1376 2429 1664 2505 ἡγούμην,
1709 2430 1782 2498 ῶς
1813 2431 1876 2488 δὲ

265 2516 499 2588 ἄγχιστα
541 2515 844 2588 γενόμενος
885 2515 947 2573 τὸ
982 2517 1364 2591 πραττόμενον
1407 2521 1701 2588 συνεῖδον,
1743 2515 1877 2582 τούς

266 2600 368 2674 μὲν
410 2599 615 2666 ἄλλους
656 2600 906 2668 ἅπαντας
957 2600 1174 2674 ὑγιέσιν
1227 2600 1543 2675 ὀφθαλμοῖς
1585 2603 1646 2658 ἐν
1685 2600 1875 2677 κύκλῳ

203 2702 244 2734 30
266 2690 665 2760 περιεστῶτας,
711 2692 916 2743 τοῦτον
969 2687 1030 2743 δὲ
1083 2687 1275 2760 μόνοις
1330 2699 1445 2753 τοῖς
1485 2691 1581 2759 τῆς
1626 2690 1876 2751 διανοίας
1935 2734 1949 2737 „⁷

381 2883 432 2921 15
463 2883 488 2921 2
511 2880 609 2923 Cor.
634 2885 674 2934 3,
698 2885 735 2925 3.
