1986 3152
442 114 601 156 ffls'r.
634 114 885 158 ECCLES.
916 115 1039 159 vm.
1072 117 1136 156 ιτ.
1183 115 1442 159 APPEND.
1639 113 1738 165 381

129 226 281 287 “τῶν
325 234 610 302 δημοσίων
649 231 742 287 καὶ
786 235 882 302 τῆς
926 232 1169 302 ἑαυτῶν,
1222 235 1316 287 ἴνα
1369 231 1532 287 κατὰ
1561 231 1741 288 πάντα

129 311 377 415 Ξτρόπον
407 315 501 370 καὶ
531 314 596 371 τά
631 315 864 387 δημόσια
905 320 1239 389 παρασχεθῇ
1271 310 1432 419 υγιῆ,
1473 317 1566 372 καὶ
1606 314 1742 388 ἀμέ-

130 394 351 471 “ριμνοι
366 403 463 470 ζῆν
482 401 542 455 ἐν
555 405 623 472 τῇ
643 400 861 455 ἑαυτῶν
888 400 1040 474 ἑστίᾳ
1064 396 1412 471 &vvnficfio‘cf
1461 404 1541 456 11.
1567 423 1742 456 ταυτα

137 481 273 539 κατὰ
324 482 426 554 τὴν
477 487 591 539 τῶν
625 478 912 556 Ρωμαίων
962 482 1163 555 φωνὴν
1216 485 1306 540 ἐπὶ
1358 481 1463 555 τήν
1508 482 1742 542 Ἑλλαδα

137 571 388 638 γλῶτταν
418 589 556 623 κατα
587 567 648 624 τὸ
675 566 919 623 δυνατὸν
950 569 1379 640 μεταληφθέντα
1401 573 1605 625 τοῦτον
1636 573 1743 640 ἔχει

136 650 235 707 τὸν
264 651 488 723 τρόπον.
556 657 615 708 τί
644 650 712 723 δὴ
746 646 854 707 οὖν
886 653 974 708 ἐπὶ
1005 651 1220 718 τούτοις
1252 658 1462 723 γίνεται
1505 655 1743 709 ἐπιθεω-

58 727 66 735 ’
139 739 303 807 ρῆσαι
332 735 538 807 καιρός.

778 1039 854 1079 ΑΡ
862 1039 1106 1082 ΡΕΝΒΙΧ.

222 1118 311 1178 {Td
335 1117 401 1172 ὡς
425 1124 592 1165 λεῖπον
616 1119 667 1165 ε”ν
689 1135 812 1164 τισιν
835 1116 1149 1177 ἀντιγράφοις
1176 1116 1227 1165 ἐν
1249 1122 1313 1179 τῷ
1335 1115 1491 1180 ὀγδόῳ
1516 1116 1667 1181 λόγῳ]

272 1244 318 1296 1.
368 1235 515 1296 Ἀλλ’
549 1233 578 1295 ὁ
611 1239 716 1312 μὲν
744 1244 841 1310 τῆς
871 1243 1091 1313 γραφῆς
1134 1248 1308 1306 αἴτιος
1337 1238 1471 1312 μετὰ
1501 1238 1604 1310 τὴν
1633 1261 1746 1295 τοι-

141 1324 277 1380 άνδε
329 1318 642 1396 ὁμολογίαν
694 1321 897 1380 αὐτίκα
949 1324 1042 1379 καὶ
1094 1319 1200 1379 οὐκ
1257 1329 1335 1389 εἰς
1375 1323 1593 1397 μακρὸν
1635 1328 1749 1380 τῶν

141 1404 475 1480 ἀλγηδόνων
516 1406 852 1479 ἀπαλλαγεὶς
892 1405 1248 1480 μεταλλάττει
1281 1407 1382 1465 τόν
1412 1413 1553 1480 βίον.
1614 1412 1751 1463 τοῦ-

141 1515 238 1549 τον
284 1491 352 1564 δὴ
394 1491 558 1563 λόγος
602 1497 708 1564 ἔχει
749 1496 972 1565 πρῶτον
1012 1501 1190 1548 αἴτιον
1228 1496 1326 1564 τῆς
1367 1496 1470 1549 τοῦ
1502 1496 1749 1564 διωγμοῦ

142 1582 480 1648 καταστῆναι
511 1580 838 1649 συμφορᾶς,
884 1581 964 1632 ἔτι
1005 1576 1176 1632 πάλαι
1216 1575 1323 1649 πρὸ
1357 1582 1455 1649 τῆς
1485 1581 1601 1632 τῶν
1633 1583 1750 1632 λοι-

142 1666 267 1718 πῶν
296 1662 572 1733 βασιλέων
602 1660 870 1733 κινήσεως
900 1659 1032 1726 τούς
1065 1663 1125 1716 ἐν
1150 1667 1459 1732 στρατείαις
1485 1668 1744 1732 Χριστια-

144 1745 282 1811 νοῦς
313 1746 408 1801 καὶ
446 1744 707 1817 πρῶτους
736 1768 801 1816 γε
841 1739 1107 1801 ἁπάντων
1147 1743 1280 1810 τούς
1323 1746 1413 1801 ἐπὶ
1453 1749 1556 1801 τοῦ
1599 1748 1750 1800 ἰδίου

144 1838 301 1886 οἴκου
345 1831 719 1901 παρατρέπειν
762 1830 1220 1901 ἐκβεβιασμένον,
1262 1830 1356 1885 καὶ
1395 1827 1528 1894 τούς
1557 1828 1660 1901 μὲν
1693 1830 1751 1883 ἐκ

145 1918 244 1985 τῆς
286 1919 674 1986 στρατιωτικῆς
715 1911 873 1980 ἀξίας
912 1912 1320 1984 αποκινοῦντα,
1362 1912 1495 1979 τούς
1538 1912 1601 1968 δὲ
1631 1909 1752 1967 ἀτι-

144 1997 356 2070 μότατα
386 2003 824 2070 καθυβρίζοντα,
877 1997 988 2070 ἤδη
1034 1997 1096 2054 δὲ
1135 1998 1230 2053 καὶ
1269 1997 1520 2054 θάνατον
1553 1997 1754 2069 ἑτέροις

147 2085 502 2154 ἐπαρτῶντα,
551 2083 646 2138 καὶ
694 2080 1006 2153 τοῦσχατόν
1057 2104 1121 2152 γε
1159 2080 1292 2147 τούς
1332 2086 1430 2153 τῆς
1472 2086 1754 2152 βασιλείας

147 2165 456 2232 κοινωνούς
490 2166 581 2222 ἐπὶ
610 2164 711 2222 τὸν
735 2165 873 2222 κατὰ
904 2166 1131 2222 πάντων
1154 2163 1588 2237 ἆνακεκινηκότα
1621 2169 1751 2220 διω-

149 2250 318 2323 γμόν·
363 2244 443 2306 ῶν
482 2250 580 2306 καὶ
621 2249 811 2307 αὐτῶν
850 2248 956 2307 οὐκ
988 2249 1142 2317 ἄξιον
1180 2248 1242 2306 τό
1284 2255 1386 2306 τοῦ
1429 2254 1558 2321 βιόυ
1600 2250 1755 2313 τέλος

149 2338 504 2407 παραδοῦναι
555 2340 760 2409 σιωπῇ.
847 2338 896 2390 2.
963 2334 1239 2407 τεττάρων
1290 2327 1399 2391 οὖν
1455 2333 1559 2405 τὴν
1618 2331 1754 2388 κατὰ

150 2418 376 2474 πάντων
416 2419 773 2491 διειληχότων
818 2416 999 2491 ἀρχὴν
1040 2422 1098 2474 οι
1123 2418 1227 2491 μὲν
1267 2418 1452 2494 χρόνω
1493 2418 1586 2474 καὶ
1628 2421 1755 2489 τιμῇ

151 2500 588 2575 προηγούμενοι,
631 2501 758 2560 οὐδ’
794 2502 942 2569 ὅλοις
973 2507 1138 2558 δυοῖν
1169 2507 1349 2558 ἔτεσιν
1382 2500 1756 2573 ἐπιγενόμενοι

150 2591 229 2644 τῶ
261 2591 517 2664 διωγμῶ,
549 2593 913 2661 μεθίστανται
942 2591 1041 2659 τῆς
1070 2592 1387 2658 βασιλείας,
1419 2589 1455 2660 ᾑ
1489 2586 1583 2641 καὶ
1614 2584 1751 2656 πρό-

153 2679 294 2727 σθεν
332 2666 472 2744 ἡμῖν
513 2671 849 2745 δεδήλωται,
903 2671 998 2727 καὶ
1049 2669 1118 2742 δὴ
1173 2669 1276 2726 τὸν
1330 2673 1618 2727 ἐπίλοιπον
1656 2672 1756 2723 τοῦ

153 2760 282 2826 βίου
324 2755 530 2829 χρόνον
570 2756 814 2829 δημῶδει
853 2756 943 2811 καὶ
984 2758 1239 2830 ἰδιωτικῷ
1280 2754 1470 2830 τρόπω
1502 2750 1756 2823 διαγενό-

154 2862 309 2911 μενοι
349 2840 504 2906 τέλος
543 2840 759 2897 τοιόνδε
797 2844 896 2912 τῆς
937 2844 1073 2910 ζωῆς
1117 2839 1423 2911 εἰλήχασιν·
1495 2840 1545 2894 3.
1594 2831 1622 2892 ὁ
1655 2835 1759 2907 μὲν

1776 1259 1812 1290 10

1779 1680 1816 1712 15

1778 2099 1818 2130 20

1781 2518 1821 2549 25
