1986 3152
547 121 707 163 HIST.
738 121 990 164 EOCLES.
1019 123 1148 167 vm.
1180 125 1220 168 5.
1252 125 1291 166 6.
1627 122 1732 176 355

121 243 367 311 γνησίων
410 260 468 294 τε
508 236 702 304 αὐτοῖς
743 239 994 295 διαθέσει
1035 241 1248 295 τέκνων
1291 238 1358 296 ου’
1378 240 1728 339 λειπόμενοι,

117 329 338 396 μείζονα
381 327 628 378 πλοῦτον
671 346 744 388 ως
785 319 1014 394 άληθῶς
1055 323 1290 395 ἥγηνται
1328 327 1424 396 τῆς
1467 329 1567 381 τοῦ
1598 330 1728 396 βίου

121 406 284 478 δόξης
314 407 407 462 καὶ
437 410 654 479 τρυφῆς
693 430 826 473 τους
869 405 1011 480 ὑπερ
1055 405 1345 479 ευσεβειάς
1377 407 1727 482 ὀνειδισμούς

116 514 174 547 τε
234 492 327 546 καὶ
379 491 623 562 πόνους,
676 492 768 547 καὶ
819 491 950 558 τούς
1002 494 1580 566 κεκαινουργημένους
1638 492 1723 550 ἐπ’

115 572 308 641 αὐτοῖς
347 574 738 648 πολυτρόπους
790 575 1104 647 θανάτους,
1161 579 1241 632 ὠν
1285 579 1405 643 ενός
1445 601 1594 644 τινος
1626 582 1770 654 οἵῳε

43 657 49 663 ’
114 662 371 734 κέχρηται
420 661 764 733 μνησθέντες
823 663 900 735 τῷ
952 664 1055 715 τοῦ
1096 665 1224 731 βίου
1275 662 1444 732 τέλει,
1499 675 1729 718 σκοπεῖν

116 747 169 812 ἐξ
230 743 407 801 αὐτοῦ
468 745 562 799 καὶ
622 744 687 799 τοὶ
739 755 854 809 τοῖς
914 743 1102 808 ἄλλοις
1162 746 1549 817 συμβεβηκότα
1612 759 1728 813 τοῖς

116 829 520 900 ἐντυγχάνουσι
567 832 990 900 καταλείψομεν.
1071 831 1120 882 2.
1176 827 1338 899 ’ἥγετό
1388 853 1465 894 τις
1508 836 1586 895 εἰς
1625 833 1720 901 μέ·

114 930 214 969 σον
255 911 394 968 κατὰ
434 911 537 984 τὴν
572 912 983 985 προειρημένην
1022 911 1184 968 πόλιν
1227 910 1315 984 ἐφ’
1352 907 1431 969 οἷν
1474 914 1728 985 δεδηλώ-

112 1019 285 1069 καμεν
327 995 632 1070 ἀρχόντων.
714 995 882 1052 θύειν
925 994 994 1067 δὴ
1039 990 1146 1052 οὖν
1191 998 1592 1070 προσταχθεὶς,
1656 997 1727 1064 ὡς
1752 1020 1790 1051 ιο

112 1083 396 1152 ἐνίστατο,
427 1080 642 1154 γυμνὸς
672 1079 966 1154 μετάρσιος
996 1079 1242 1154 ἀρθῆναι
1272 1081 1584 1153 κελεύεται,
1616 1083 1725 1155 μά-

112 1168 257 1233 στιξί
291 1188 349 1222 τε
378 1165 440 1222 τὸ
474 1167 588 1222 πάν
634 1171 795 1237 σῶμα
835 1167 1296 1236 καταξαίνεσθαι,
1340 1166 1518 1222 εἰσότε
1556 1164 1724 1238 ἡττη-

109 1251 233 1316 θεὶς
264 1247 372 1306 κᾶν
404 1249 557 1306 ἄκων
586 1248 649 1306 τό
682 1249 1166 1322 προσταττόμενον
1196 1249 1490 1321 ποιήσειεν.
1552 1254 1601 1306 3.
1651 1249 1724 1316 ὡς

111 1335 174 1391 δὲ
205 1335 299 1390 καὶ
329 1339 506 1390 ταῦτα
547 1334 778 1406 πάσχων
820 1330 1182 1408 άδιάτρεπτος
1213 1328 1315 1406 ἦν,
1358 1334 1483 1402 ὅξος
1525 1334 1725 1391 λοιπὸν

108 1419 215 1498 ἤδη
274 1421 387 1475 τῶν
445 1416 657 1475 ὀστέων
715 1416 1190 1491 ὑποφαινομένων
1249 1417 1430 1475 αὐτοῦ
1476 1419 1584 1475 σύν
1626 1420 1719 1475 καὶ
1743 1438 1784 1470 15

110 1503 270 1560 ἅλατι
299 1503 583 1578 φύραντες
613 1502 753 1560 κατὰ
782 1508 898 1559 τῶν
928 1504 1314 1560 διασαπέντων
1343 1507 1446 1559 τοῦ
1473 1503 1725 1575 σώματος

32 1615 33 1618 ’
109 1593 296 1663 μερῶν
330 1589 574 1660 ἐνέχεον·
619 1586 692 1655 (ὃς
734 1588 797 1644 δὲ
828 1590 921 1644 καὶ
961 1587 1167 1654 ταύτας
1200 1588 1386 1644 ἐπάτει
1415 1587 1513 1654 τοὶς
1546 1585 1724 1659 ἄλγη-

111 1674 310 1744 δόνας,
357 1673 562 1747 ἐσχάρα
607 1670 954 1730 τούντεῦθεν
995 1673 1088 1728 καὶ
1130 1676 1245 1745 πῦρ
1290 1677 1370 1737 είς
1401 1674 1574 1744 μέσον
1606 1677 1723 1729 εἴλ-

109 1781 265 1830 κετο,
306 1759 400 1814 καὶ
441 1759 622 1831 κρεῶν
665 1760 958 1829 ἐδωδίμων
1000 1762 1169 1829 δίκην
1199 1756 1265 1812 τά
1296 1763 1538 1823 λείψανα
1569 1755 1723 1831 αὐτῷ

109 1848 210 1899 τοῦ
252 1842 502 1914 σώματος
543 1840 657 1898 ὑπὸ
699 1847 803 1898 τοῦ
845 1841 1024 1914 πυρὸς
1067 1838 1173 1898 ου’κ
1220 1847 1298 1907 εἰς
1340 1840 1592 1914 ἅθρουν,
1649 1839 1722 1906 ὡς
1745 1858 1786 1890 20

31 1988 37 1991 ‚
110 1925 181 1983 ἂν
211 1927 286 2000 μὴ
319 1926 610 1998 συντόμως
641 1923 1015 1998 ἀπαλλαγείη,
1051 1923 1189 1982 κατὰ
1219 1924 1399 2000 βραχὺ
1431 1925 1493 1981 δὲ
1523 1921 1723 1997 άνηλί-

111 2028 299 2083 σκετο,
342 2009 410 2068 οὐ
455 2011 731 2085 πρότερον
762 2006 980 2067 άνεϊναι
1009 2015 1123 2067 τῶν
1155 2011 1514 2066 ἐπιτνθέντων
1546 2005 1724 2066 αὐτὸν

108 2101 179 2170 τῇ
209 2101 362 2170 πυρᾷ
394 2096 901 2169 συγχωρουμένων,
933 2096 1070 2168 πρὶν
1100 2092 1172 2151 ἂν
1195 2095 1287 2149 καὶ
1317 2094 1455 2167 μετά
1478 2098 1724 2150 τοσαῦτα

108 2193 223 2247 τοῖς
263 2180 772 2254 προστασσομένοις
826 2179 1190 2236 ἐπινεύσειεν.
1265 2183 1313 2234 4.
1383 2177 1412 2234 ὁ
1455 2176 1508 2233 δ’
1556 2177 1722 2251 ἀπρὶξ

110 2265 370 2338 ἐχόμενος
400 2270 498 2336 τῆς
529 2265 851 2338 προθέσεως
885 2264 1192 2338 νικηφόρος
1225 2265 1286 2319 ἐν
1316 2262 1513 2329 αὐταῖς
1544 2264 1720 2335 παρέ-
1743 2280 1785 2311 25

110 2354 255 2405 δωκε
284 2348 386 2420 τὴν
417 2348 604 2421 ψυχὴν
634 2361 755 2416 ταῖς
784 2349 1065 2420 βασάνοις.
1126 2353 1383 2405 τοιοῦτον
1414 2350 1528 2404 τῶν
1558 2353 1713 2419 βασι-

41 2427 48 2436 ’
108 2439 283 2490 λικε-ὄν
336 2432 458 2499 ἑνὸς
498 2432 559 2489 τὸ
590 2433 898 2507 μαρτύριον
937 2438 1188 2504 παίδων,
1230 2431 1383 2500 ἄξιον
1425 2431 1499 2498 ὥς
1544 2429 1721 2496 ὅντως

108 2519 202 2574 καὶ
232 2522 328 2589 τῆς
372 2523 774 2591 προσηγορίας·
815 2518 1034 2591 Πέτρος
1075 2517 1186 2591 γάρ
1229 2519 1493 2574 ἐκαλεῖτο.
1554 2520 1603 2571 5.
1651 2513 1718 2570 οὐ

30 2605 35 2608 ’
108 2609 333 2677 χείρονα
375 2602 437 2658 δὲ
480 2603 574 2657 καὶ
614 2602 681 2657 τά
711 2601 850 2658 κατὰ
892 2601 1024 2668 τούς
1066 2600 1296 2668 λοιπούς
1338 2600 1505 2671 ὅντα,
1547 2599 1719 2669 λόγου

108 2686 430 2760 φειδόμενοι
489 2691 829 2761 συμμετρίας
856 2731 872 2758 ,
932 2691 1352 2760 παραλείψομεν
1377 2730 1392 2757 ,
1452 2688 1719 2741 τοσοῦτον
1741 2697 1783 2730 30

111 2770 529 2846 ἱστορήσαντες,
578 2766 652 2837 ὥς
683 2770 715 2828 ὅ
744 2793 804 2827 τε
848 2771 1156 2846 Δωρόθεος
1196 2771 1290 2827 καὶ
1332 2769 1361 2827 ὁ
1395 2767 1715 2842 Γοργόνιος,

113 2857 313 2929 ἑτέροις
356 2855 467 2930 ἅμα
508 2861 724 2913 πλείοσι
778 2859 874 2927 τῆς
929 2861 1212 2928 βασιλικῆς
1265 2859 1531 2921 οἰκετίας,
1584 2848 1719 2923 μετὰ

1353 2946 1462 2997 23²*<
