1986 3152
251 116 355 167 284
925 113 1171 155 EUSEBII

242 228 732 302 τεκαταπέφλεκται.
824 235 870 285 8.
934 227 1279 300 Σαραπίωνά
1336 252 1395 287 τε
1453 230 1861 304 καταλαβόντες

242 310 553 417 “ἐφε’στιον,
587 321 850 386 σκληραῖς
874 311 1139 384 βασάνοις
1163 312 1528 387 αἰκισάμενοι,
1560 317 1651 372 καὶ
1677 315 1858 373 πάντα

243 393 343 454 e“co'c
382 394 567 470 άρθρα
613 396 1036 469 διακλάσαντες,
1089 395 1196 453 ἀπὸ
1236 400 1335 454 τοῦ
1372 396 1630 476 ὑπερῴου
1672 404 1862 474 πρηνῆ

241 480 631 584 ἱζκατέρριψαν.
695 479 927 554 οὐδεμία
954 482 1013 538 δὲ
1036 479 1181 554 ὁδὸς,
1214 480 1282 538 οὐ
1313 481 1610 584 λεωφόρος,
1642 508 1708 541 ου
1740 505 1860 542 στε-

205 595 224 614 ›
238 561 481 668 ἶνωπὸς
498 560 632 637 ημῖν
666 566 898 639 βάσιμος
928 557 1026 638 ἦν,
1068 563 1135 622 οὐ
1166 566 1414 638 νύκτωρ,
1458 565 1525 623 οὐ
1557 564 1690 639 μεθ’
1723 567 1857 640 ἡμέ-

238 646 410 722 ’ραν,
453 647 536 705 ἀεὶ
581 651 671 706 καὶ
707 653 994 723 πανταχοῦ
1032 650 1256 707 πάντων
1286 648 1660 724 κεκραγότων,
1707 657 1757 708 εἰ
1785 652 1863 724 μὴ

241 732 344 790 “vde
387 732 650 807 δύσφημά
689 758 767 801 τις
807 731 1082 807 άνυμνοίη
1125 732 1368 808 ῥήματα,
1409 740 1608 792 τοῦτον
1649 734 1866 802 εὐθέως

238 815 400 876 “δεῖν
446 818 727 890 σύρεσθαί
760 843 819 876 τε
860 821 950 875 καὶ
996 826 1367 892 πίμπρασθαι.
1455 824 1501 876 9.
1546 822 1638 876 καὶ
1689 824 1859 877 ταῦτα

239 898 367 959 “gaz
407 899 551 960 πολύ
591 903 694 975 μὲν
736 901 948 976 ἤκμασε
978 905 1176 960 τοῦτον
1206 902 1303 960 τὸν
1332 901 1566 976 τρόπον,
1610 907 1858 972 διαδεξα-

185 982 414 1058 10“με’νη
469 987 530 1044 δὲ
580 985 708 1052 τούς
759 985 995 1054 ἀθλίους
1036 983 1069 1059 ἡ
1113 985 1300 1054 στάσις
1352 989 1442 1044 καὶ
1485 986 1514 1043 ὁ
1555 986 1789 1061 πόλεμος
1830 987 1858 1044 ὁ

239 1067 541 1144 “ε’μφύλιος
591 1069 693 1142 τὴν
745 1069 877 1128 καθ’
921 1070 1078 1144 ἡμῶν
1124 1070 1373 1144 ὠμότητα
1412 1069 1549 1145 πρὸς
1588 1069 1867 1144 ἀλλήλους

240 1151 468 1212 ((αύτῶν
499 1161 708 1227 ἔτρεψε.
771 1157 864 1212 καὶ
889 1154 1121 1228 σμικρὸν
1144 1156 1247 1227 μὲν
1270 1155 1866 1228 προσανεπνεύσαμεν,

239 1234 541 1311 “άσχολιάν
580 1245 679 1295 τοῦ
721 1237 857 1312 πρὸς
895 1236 1035 1312 ἡμᾶς
1064 1245 1253 1311 θυμοῦ
1288 1237 1602 1310 λαβόντων,
1647 1239 1868 1306 εὐθέως·

240 1318 338 1379 “δὲ
379 1321 413 1394 ἡ
455 1329 550 1395 τῆς
592 1329 876 1394 βασιλείας
919 1326 1131 1395 ἐκείνης
1172 1326 1266 1396 τῆς
1304 1320 1698 1395 εὐμενεστέρας
1729 1320 1870 1396 ἡμῖν

185 1403 550 1480 15“μεταβολὴ
605 1408 951 1480 διήγγελται,
1005 1409 1096 1464 καὶ
1149 1407 1320 1473 πολὺς
1365 1404 1393 1465 ὁ
1439 1412 1534 1481 τῆς
1587 1405 1678 1480 ἐφ’
1720 1404 1869 1481 ἡμᾶς·

240 1488 504 1564 “άπειλῆς
544 1491 717 1565 φόβος
757 1491 1088 1550 ἀνετείνετο.
1176 1497 1255 1549 10.
1301 1494 1392 1548 καὶ
1437 1492 1504 1565 δὴ
1544 1494 1636 1549 καὶ
1676 1495 1870 1566 παρῆν

243 1573 340 1632 “td
381 1574 732 1649 πρόσταγμα,
775 1574 1141 1650 αύτόσχεδὸν
1174 1579 1351 1634 ἐκεῖνο
1383 1573 1503 1634 οἷον
1531 1575 1592 1634 vd
1623 1598 1861 1650 προρρη-

239 1656 383 1716 “θὲν
432 1655 541 1717 ὑπὸ
593 1665 691 1718 τοῦ
741 1668 940 1735 κυρίου
994 1657 1309 1733 ἀποφαῖνον
1348 1661 1407 1718 τὸ
1451 1659 1867 1734 φοβερώτατον,

237 1740 385 1816 ((ὠς,
438 1751 488 1802 εί
531 1743 799 1818 δυνατὸν,
854 1751 1221 1803 σκανδαλίσαι
1260 1747 1351 1802 καὶ
1390 1745 1516 1812 τούς
1558 1744 1859 1811 ἐκλεκτούς.

180 1827 357 1886 20“ll.
404 1827 549 1901 πλὴν
590 1828 791 1896 πάντες
825 1853 887 1902 γε
920 1827 1361 1902 κατεπτήχεσαν,
1416 1833 1506 1886 καὶ
1539 1831 1732 1885 πολλοὶ
1762 1829 1871 1901 μὲν

240 1910 490 1980 “εύθέως
520 1917 631 1970 τῶν
662 1917 1149 1988 περιφανεστέρων
1179 1918 1236 1971 οἱ
1262 1915 1364 1986 μὲν
1395 1912 1656 1986 ἀπήντων
1689 1912 1864 1970 δεδιό-

236 1993 394 2068 “τες,
443 2002 500 2054 οἱ
529 1998 590 2054 δὲ
624 1998 1045 2071 δημοσιεύοντες
1075 1997 1328 2055 ὑπὸ’τῶν
1358 1995 1611 2070 πράξεων
1642 1995 1862 2070 ἤγοντο,

238 2077 337 2136 “015
372 2080 433 2137 δὲ
475 2078 587 2138 ὑπὸ
627 2088 741 2139 τῶν
780 2080 922 2155 ἀμφ’
967 2079 1152 2148 αὐτοῖς
1200 2085 1544 2154 ἐφείλκοντο’
1598 2079 1876 2155 ὀνομαστί

238 2161 338 2220 “vs
381 2165 710 2238 καλούμενοι
754 2180 872 2233 ταῖς
917 2163 1178 2238 άνάγνοις
1222 2169 1315 2222 καὶ
1355 2165 1594 2236 άνιέροις
1634 2171 1865 2231 θυσίαις

183 2246 615 2322 25“προσῄεσαν,
648 2253 705 2306 οἱ
729 2251 831 2323 μὲν
862 2247 1169 2323 ὦχριῶντες
1201 2252 1291 2306 καὶ
1322 2251 1643 2322 τρέμοντες,
1677 2245 1869 2321 ὥσπερ»

242 2329 344 2389 “ού
385 2331 685 2404 θύσοντες,
732 2331 856 2391 ἀλλ’
901 2331 1061 2391 αὐτοὶ
1102 2332 1327 2407 θύματα
1368 2336 1460 2390 καὶ
1500 2332 1709 2406 σφάγια
1749 2348 1866 2399 τοῖς

241 2415 530 2484 “εἰδω’λοις
573 2417 849 2490 ἐσόμενοι,
893 2414 964 2484 ὦς
996 2415 1104 2475 ὑπὸ
1135 2421 1345 2475 πολλοῦ
1373 2422 1472 2475 τοῦ
1503 2420 1870 2492 περιεστῶτος

243 2497 460 2573 “δη’μου
501 2501 706 2574 χλεύην
747 2501 935 2570 αὐτοῖς
970 2505 1362 2576 ἐπιφέρεσθαι,
1404 2504 1496 2559 καὶ
1530 2502 1731 2575 δήλους
1761 2525 1871 2575 μεν

249 2580 430 2642 “dvm
460 2585 595 2657 πρὸς
627 2586 805 2643 πάντα
839 2586 1055 2653 δειλους
1086 2586 1466 2662 υπάρχοντας,
1512 2590 1603 2643 καὶ
1633 2584 1768 2660 πρὸς
1798 2585 1861 2641 τὸ

188 2668 257 2714 30
263 2665 553 2727 τεθνάναι
595 2674 685 2726 καὶ
727 2669 862 2743 πρὸς
901 2671 960 2728 τὸ
1001 2674 1204 2729 θυσαι·
1261 2676 1340 2728 12.
1375 2695 1426 2727 οι
1461 2673 1524 2727 δέ
1550 2693 1694 2736 τινες
1728 2671 1861 2727 ἑτοι-

247 2749 516 2827 “μότερον
546 2768 658 2821 τοῖς
690 2761 896 2828 βωμοῖς
927 2759 1323 2829 προσέτρεχον,
1368 2753 1766 2828 ἰσχυριζόμενοι
1797 2755 1868 2827 τῇ
1928 2762 1939 2765 χ

242 2834 588 2911 Νθρασύτητι
629 2837 689 2895 τὸ
731 2840 871 2912 μηδὲ
902 2839 1169 2915 πρότερον
1204 2842 1522 2911 Χριστιανοὶ
1554 2841 1867 2911 γεγονέναι,
