1986 3152
262 109 368 162 392
938 108 1185 149 EUSEBII

262 232 453 282 θίκετο
506 229 650 295 γοῦν
702 221 880 279 αὐτοῦ
923 225 1188 294 διατῆξαν
1226 222 1323 288 τας
1374 222 1582 298 σάρκας
1623 227 1716 281 καὶ
1754 231 1872 284 τῶν

263 308 473 366 ὀστέων
523 307 584 364 τὸ
638 313 786 380 πῦρ,
849 305 923 373 ὡς
981 312 1157 380 κηροῦ
1218 311 1380 379 δίκην
1440 315 1725 380 λείβεσθαι
1774 311 1871 367 καὶ

262 391 586 460 ἀποστάζειν
637 393 1007 464 ε’κτηκομένην
1057 390 1159 462 τὴν
1215 393 1419 464 ἰκμάδα
1459 398 1560 448 τοῦ
1600 394 1869 466 σώματος.

264 481 344 533 13.
388 475 529 532 άλλοὶ
572 474 680 549 γάρ
723 474 859 532 οὐδὲ
901 475 1041 548 πρὸς
1071 481 1251 532 ταῦτα
1283 475 1510 547 ἐνδούς,
1548 475 1872 550 ἡττημένων

220 586 239 618 5
261 559 370 633 ἤδη
401 561 492 616 καὶ
523 559 699 632 μόνον
729 557 834 616 οὐκ
865 558 1247 633 ἀπειρηκότων
1291 559 1431 634 πρὸς
1461 560 1564 632 τὴν
1591 560 1735 635 ὑπὲρ
1766 561 1870 619 άν-

260 655 496 719 θρωπον
547 650 847 718 καρτερίαν
900 642 1080 700 αὐτοῦ
1132 649 1247 700 τῶν
1300 643 1649 717 ἀντιπάλων,
1702 641 1872 713 αὖθις

262 735 487 802 δεσμοῖς
539 738 856 802 εἴργνυται,
908 727 1147 801 τριταῖός
1187 751 1246 785 τε
1287 725 1358 784 αὗ
1411 731 1752 802 προσαχθεὶς
1791 737 1871 807 τῷ

262 817 490 886 δικαστῇ
559 814 652 869 καὶ
723 812 826 884 τὴν
895 812 1070 884 αὐτὴν
1152 808 1500 886 ὁμολογήσας
1573 814 1869 887 πρόθεσιν,

259 905 502 968 καίτοιγε
544 896 742 953 λοιπὸν
771 895 1014 970 ἡμιθνὴς
1044 891 1345 969 ὑπάρχων,
1386 893 1734 971 ὑποβρύχιος
1757 909 1869 956 θα-

198 1008 240 1040 10
263 983 432 1055 λάττῃ
474 986 855 1055 παραδίδοται.
942 985 1022 1037 14.
1081 980 1148 1036 τά
1199 979 1252 1037 δ’
1298 982 1387 1038 ἐπὶ
1428 982 1644 1048 τούτοις
1686 1005 1866 1056 παρα-

261 1072 446 1139 χρῆμα
479 1065 753 1138 γενόμενα
785 1067 1031 1136 ῥηθέντα
1061 1065 1164 1138 μὲν
1188 1064 1292 1121 οὐκ
1317 1064 1542 1131 άπεικὸς
1573 1067 1722 1139 παρὰ
1753 1081 1872 1134 τοῖς

261 1150 336 1223 μὴ
369 1150 493 1217 ὄψει
523 1150 930 1223 παρειληφόσιν
960 1148 1473 1221 άπιστηθήσεσθαι,
1504 1145 1647 1222 ἡμᾶς
1679 1146 1735 1206 δ’
1769 1143 1874 1208 οὖν

261 1240 462 1306 καίπερ
503 1232 659 1290 τοῦτ’
704 1232 946 1305 ἀκριβῶς
990 1232 1208 1300 εἰδότας
1251 1232 1355 1306 οὐχ
1400 1237 1551 1306 αἱρεῖ
1586 1233 1750 1306 λόγος
1789 1235 1867 1308 μὴ

262 1317 391 1391 ου’χὶ
426 1321 484 1374 ἐκ
516 1317 724 1383 παντὸς
755 1323 1108 1391 παραδοῦναι
1147 1323 1224 1394 τῷ
1267 1317 1415 1395 λόγῳ
1455 1317 1558 1390 τὴν
1599 1324 1872 1391 ἱστορίαν,

198 1428 239 1461 15
262 1408 340 1480 τῷ
363 1404 456 1459 καὶ
476 1402 762 1477 μάρτυρας
792 1402 934 1459 εἶναι
954 1407 1055 1459 τοῦ
1079 1404 1455 1475 γεγενημένου
1478 1397 1669 1470 ἁπλῶς
1693 1403 1875 1461 εἷπεῖν

262 1487 511 1553 ἅπαντας
551 1486 686 1553 τούς
725 1487 830 1559 τήν
871 1487 1213 1561 Καισάρειαν
1251 1492 1563 1554 οἰκοῦντας.
1635 1485 1894 1562 οὐδεμία

263 1577 408 1643 γοῦν
437 1570 623 1644 ἡλικία
653 1577 750 1644 τῆς
781 1570 1103 1644 παραδόξου
1134 1571 1338 1644 ταύτης
1363 1568 1685 1644 άπελείφθη
1715 1575 1874 1639 θέας.

265 1660 347 1712 15.
390 1655 591 1713 αὐτίκα
622 1661 765 1727 γοῦν
798 1651 873 1722 ὦς
907 1656 1085 1713 ἐδόκει
1122 1656 1357 1728 μάλιστα
1394 1655 1532 1713 κατα
1563 1659 1736 1729 μέσου
1768 1679 1872 1715 πε-

265 1741 471 1812 λάγους
505 1743 565 1797 ἐν
607 1739 858 1813 άπείροις
887 1747 1091 1813 βυθοῖς
1131 1739 1233 1797 τόν
1265 1738 1420 1814 ἱερὸν
1449 1739 1623 1808 ὅντως
1656 1744 1874 1798 ἐκεῖνον

203 1851 246 1882 20
268 1826 361 1882 καὶ
401 1823 797 1899 τρισμακάριον
840 1829 1132 1898 ἐμβαλεῖν,
1186 1825 1382 1891 κλόνος
1433 1823 1657 1898 άθρόως
1696 1824 1799 1899 οὐχ
1841 1824 1873 1883 ὁ

265 1909 452 1982 τυχών
493 1911 586 1965 καὶ
626 1909 875 1984 βρασμός
915 1908 1094 1981 αὐτήν
1132 1933 1191 1966 τε
1231 1909 1334 1981 τὴν
1363 1909 1660 1967 θάλασσαν
1689 1912 1781 1966 καὶ
1808 1909 1874 1966 τὸ

267 1995 527 2067 περιέχον
560 1994 709 2050 ἅπαν
736 1999 942 2067 διαχεῖ,
978 1992 1051 2060 ὠς
1078 1995 1172 2051 καὶ
1195 1993 1299 2066 τὴν
1320 2000 1427 2066 γῆν
1450 1996 1543 2050 καὶ
1573 1994 1678 2066 τὴν
1707 1995 1874 2051 πόλιν

268 2077 491 2134 ἅπασαν
531 2077 674 2150 πρὸς
705 2084 808 2134 τοῦ
839 2080 1144 2150 γενομένου
1177 2083 1484 2150 σεισθῆναι.
1545 2079 1657 2150 ἅμα
1700 2079 1763 2135 δε
1792 2102 1869 2134 τω

269 2161 566 2237 παραδόξω
597 2161 777 2218 τούτω
809 2163 901 2218 καὶ
933 2161 1131 2238 άθρόω
1164 2181 1367 2237 σεισμω
1398 2167 1501 2218 τοῦ
1531 2169 1693 2218 θείου
1725 2162 1867 2235 μάρ-

200 2269 242 2302 25
267 2269 434 2317 τυρος
463 2245 565 2301 τὸν
594 2244 798 2318 νεκρὸν
827 2242 860 2317 η
892 2246 1170 2316 θάλαττα,
1205 2245 1389 2317 ω’σπερ
1413 2245 1486 2318 μὴ
1519 2251 1608 2302 οἵα
1639 2269 1696 2302 τε
1727 2249 1873 2303 οὐσα

264 2331 457 2434 φέρειν
479 2328 674 2401 αυτὸν,
706 2329 814 2402 πρό
837 2353 952 2386 των
975 2334 1072 2402 τῆς
1103 2331 1313 2397 πόλεως
1338 2330 1624 2403 ἐκβράσσει
1655 2335 1871 2387 πυλων.

264 2414 357 2471 καὶ
388 2418 617 2470 τοιαῦτα
656 2438 761 2487 μεν
791 2417 864 2486 ἠν
895 2437 959 2470 τα
990 2413 1127 2471 κατὰ
1169 2415 1268 2471 τὸν
1307 2416 1609 2471 θεσπέσιον
1634 2414 1871 2488 Ἀπφια-

263 2497 398 2568 νόν,
430 2503 719 2563 Ξανθικοῦ
751 2498 924 2571 μηνὸς
955 2500 1218 2574 δευτέρα,
1250 2499 1365 2571 ἥτις
1389 2497 1460 2556 ἂν
1485 2508 1571 2571 εἰή
1602 2498 1710 2572 πρὸ
1741 2516 1871 2556 τεσ-

264 2582 454 2655 σάρων
494 2582 716 2639 Νιόνων
752 2581 1112 2656 Ἀπριλλίων,
1165 2582 1344 2659 ἡμέρα
1384 2588 1739 2657 παρασκευῆς
1780 2606 1872 2640 τε·

200 2692 242 2724 30
264 2668 585 2724 λειωθέντα.

396 2762 448 2811 V.
499 2750 636 2808 Ὑπὸ
669 2751 738 2824 δὴ
761 2752 861 2808 τὸν
885 2752 1060 2809 αὐτὸν
1091 2752 1289 2827 καιρὸν
1315 2750 1510 2819 αὐταῖς
1531 2776 1590 2809 τε
1618 2747 1870 2826 ἡμέραις,

266 2838 357 2893 ἐπὶ
397 2841 492 2908 τῆς
532 2842 756 2909 Τυρίων
797 2837 1006 2902 πόλεως
1045 2844 1272 2903 νεανίας
1308 2835 1632 2902 Ου’λπιανὸς
1673 2835 1869 2908 ὄνομα,
