<?xml version="1.0" encoding="UTF-8"?>
<!DOCTYPE html PUBLIC "-//W3C//DTD XHTML 1.0 Transitional//EN"
    "http://www.w3.org/TR/xhtml1/DTD/xhtml1-transitional.dtd">
<html xmlns="http://www.w3.org/1999/xhtml" xml:lang="en" lang="en">
 <head>
  <title>
</title>
<meta http-equiv="Content-Type" content="text/html;charset=utf-8" />
  <meta name='ocr-system' content='tesseract 3.04.00' />
  <meta name='ocr-capabilities' content='ocr_page ocr_carea ocr_par ocr_line ocrx_word'/>
</head>
<body>
  <div class='ocr_page' id='page_1' title='image "./operaeusebius04euseuoft_0052.png"; bbox 0 0 2032 3174; ppageno 0'>
   <div class='ocr_carea' id='block_1_1' title="bbox 332 159 1236 201">
    <p class='ocr_par' dir='ltr' id='par_1_1' title="bbox 332 159 1236 201">
     <span class='ocr_line' id='line_1_1' title="bbox 332 159 1236 201; baseline -0.002 0"><span class='ocrx_word' id='word_1_1' title='bbox 332 161 527 201; x_wconf 87' lang='lat' dir='ltr'>XLVIII</span> <span class='ocrx_word' id='word_1_2' title='bbox 1039 159 1164 199; x_wconf 88' lang='lat' dir='ltr'>CAP.</span> <span class='ocrx_word' id='word_1_3' title='bbox 1197 162 1236 200; x_wconf 91' lang='lat'>3.</span> 
     </span>
    </p>
   </div>
   <div class='ocr_carea' id='block_1_2' title="bbox 302 268 1948 2948">
    <p class='ocr_par' dir='ltr' id='par_1_2' title="bbox 302 268 1948 2948">
     <span class='ocr_line' id='line_1_2' title="bbox 331 268 1943 341; baseline 0 -18"><span class='ocrx_word' id='word_1_4' title='bbox 331 278 384 323; x_wconf 89' lang='lat' dir='ltr'>et</span> <span class='ocrx_word' id='word_1_5' title='bbox 432 269 671 324; x_wconf 78' lang='lat' dir='ltr'><strong>ostendit</strong></span> <span class='ocrx_word' id='word_1_6' title='bbox 720 270 769 321; x_wconf 90' lang='lat' dir='ltr'>ei</span> <span class='ocrx_word' id='word_1_7' title='bbox 818 287 1089 320; x_wconf 89' lang='lat' dir='ltr'>summum</span> <span class='ocrx_word' id='word_1_8' title='bbox 1135 268 1474 322; x_wconf 83' lang='lat' dir='ltr'>sacerdotem</span> <span class='ocrx_word' id='word_1_9' title='bbox 1510 269 1617 322; x_wconf 92' lang='lat' dir='ltr'>Dei</span> <span class='ocrx_word' id='word_1_10' title='bbox 1665 277 1718 322; x_wconf 91' lang='lat' dir='ltr'>et</span> <span class='ocrx_word' id='word_1_11' title='bbox 1755 279 1943 341; x_wconf 82' lang='lat' dir='ltr'>utpote</span> 
     </span>
     <span class='ocr_line' id='line_1_3' title="bbox 331 351 1943 407; baseline 0.001 -1"><span class='ocrx_word' id='word_1_12' title='bbox 331 355 415 406; x_wconf 89' lang='lat' dir='ltr'>fas</span> <span class='ocrx_word' id='word_1_13' title='bbox 456 362 574 406; x_wconf 88' lang='lat' dir='ltr'>erat</span> <span class='ocrx_word' id='word_1_14' title='bbox 611 373 731 406; x_wconf 91' lang='lat' dir='ltr'>eum</span> <span class='ocrx_word' id='word_1_15' title='bbox 770 354 1038 406; x_wconf 90' lang='lat' dir='ltr'>nominari</span> <span class='ocrx_word' id='word_1_16' title='bbox 1076 352 1146 404; x_wconf 93' lang='lat' dir='ltr'>ab</span> <span class='ocrx_word' id='word_1_17' title='bbox 1183 351 1492 406; x_wconf 89' lang='lat' dir='ltr'>hominibus</span> <span class='ocrx_word' id='word_1_18' title='bbox 1532 372 1654 406; x_wconf 90' lang='lat' dir='ltr'>eum</span> <span class='ocrx_word' id='word_1_19' title='bbox 1686 355 1943 407; x_wconf 84' lang='lat' dir='ltr'>Messiam</span> 
     </span>
     <span class='ocr_line' id='line_1_4' title="bbox 332 437 1942 509; baseline 0.001 -19"><span class='ocrx_word' id='word_1_20' title='bbox 332 437 647 509; x_wconf 87' lang='lat' dir='ltr'>appellavit.</span> <span class='ocrx_word' id='word_1_21' title='bbox 721 440 904 508; x_wconf 84' lang='lat' dir='ltr'>Atque</span> <span class='ocrx_word' id='word_1_22' title='bbox 940 437 1068 490; x_wconf 92' lang='lat' dir='ltr'>huic</span> <span class='ocrx_word' id='word_1_23' title='bbox 1107 437 1303 489; x_wconf 91' lang='lat' dir='ltr'>summi</span> <span class='ocrx_word' id='word_1_24' title='bbox 1342 437 1633 491; x_wconf 88' lang='lat' dir='ltr'>sacerdotii</span> <span class='ocrx_word' id='word_1_25' title='bbox 1673 437 1942 508; x_wconf 82' lang='lat' dir='ltr'>dignitati,</span> 
     </span>
     <span class='ocr_line' id='line_1_5' title="bbox 332 522 1943 594; baseline -0.001 -19"><span class='ocrx_word' id='word_1_26' title='bbox 332 542 470 594; x_wconf 87' lang='lat' dir='ltr'>quae</span> <span class='ocrx_word' id='word_1_27' title='bbox 519 523 664 593; x_wconf 84' lang='lat' dir='ltr'>apud</span> <span class='ocrx_word' id='word_1_28' title='bbox 709 522 953 575; x_wconf 91' lang='lat' dir='ltr'>homines</span> <span class='ocrx_word' id='word_1_29' title='bbox 1003 540 1187 576; x_wconf 89' lang='lat' dir='ltr'>omnes</span> <span class='ocrx_word' id='word_1_30' title='bbox 1226 522 1429 590; x_wconf 89' lang='lat' dir='ltr'>gradus</span> <span class='ocrx_word' id='word_1_31' title='bbox 1470 522 1818 591; x_wconf 82' lang='lat' dir='ltr'>(dignitatis)</span> <span class='ocrx_word' id='word_1_32' title='bbox 1858 541 1943 575; x_wconf 92' lang='lat' dir='ltr'>su-</span> 
     </span>
     <span class='ocr_line' id='line_1_6' title="bbox 331 606 1944 677; baseline -0.001 -18"><span class='ocrx_word' id='word_1_33' title='bbox 331 607 583 677; x_wconf 87' lang='lat' dir='ltr'>perabat,</span> <span class='ocrx_word' id='word_1_34' title='bbox 630 625 829 660; x_wconf 89' lang='lat' dir='ltr'>nomen</span> <span class='ocrx_word' id='word_1_35' title='bbox 865 606 1101 659; x_wconf 88' lang='lat' dir='ltr'>Messiae</span> <span class='ocrx_word' id='word_1_36' title='bbox 1147 606 1328 674; x_wconf 77' lang='lat' dir='ltr'>dedit,</span> <span class='ocrx_word' id='word_1_37' title='bbox 1376 606 1596 659; x_wconf 87' lang='lat' dir='ltr'>honoris</span> <span class='ocrx_word' id='word_1_38' title='bbox 1644 614 1698 658; x_wconf 89' lang='lat' dir='ltr'>et</span> <span class='ocrx_word' id='word_1_39' title='bbox 1739 606 1944 675; x_wconf 85' lang='lat' dir='ltr'>gloriae</span> 
     </span>
     <span class='ocr_line' id='line_1_7' title="bbox 331 689 1944 761; baseline -0.001 -18"><span class='ocrx_word' id='word_1_40' title='bbox 331 709 515 743; x_wconf 87' lang='lat' dir='ltr'>causa.</span> <span class='ocrx_word' id='word_1_41' title='bbox 592 691 682 743; x_wconf 81' lang='lat' dir='ltr'>Sic</span> <span class='ocrx_word' id='word_1_42' title='bbox 719 691 769 743; x_wconf 89' lang='lat' dir='ltr'>ei</span> <span class='ocrx_word' id='word_1_43' title='bbox 805 709 1129 761; x_wconf 86' lang='lat' dir='ltr'>persuasum</span> <span class='ocrx_word' id='word_1_44' title='bbox 1167 690 1298 757; x_wconf 88' lang='lat' dir='ltr'>fuit,</span> <span class='ocrx_word' id='word_1_45' title='bbox 1347 708 1546 744; x_wconf 91' lang='lat' dir='ltr'>nomen</span> <span class='ocrx_word' id='word_1_46' title='bbox 1581 689 1788 742; x_wconf 87' lang='lat' dir='ltr'>Messia</span> <span class='ocrx_word' id='word_1_47' title='bbox 1825 708 1944 742; x_wconf 86' lang='lat' dir='ltr'>esse</span> 
     </span>
     <span class='ocr_line' id='line_1_8' title="bbox 302 773 1946 842; baseline -0.001 -16"><span class='ocrx_word' id='word_1_48' title='bbox 302 793 527 828; x_wconf 89' lang='lat' dir='ltr'>-nomen</span> <span class='ocrx_word' id='word_1_49' title='bbox 574 775 840 828; x_wconf 89' lang='lat' dir='ltr'>divinum.</span> <span class='ocrx_word' id='word_1_50' title='bbox 922 778 954 842; x_wconf 70' lang='grc' dir='ltr'>ξ</span> <span class='ocrx_word' id='word_1_51' title='bbox 992 775 1043 827; x_wconf 83' lang='grc'>3.</span> <span class='ocrx_word' id='word_1_52' title='bbox 1106 774 1259 826; x_wconf 89' lang='lat' dir='ltr'>Idem</span> <span class='ocrx_word' id='word_1_53' title='bbox 1306 776 1502 826; x_wconf 90' lang='lat' dir='ltr'>iterum</span> <span class='ocrx_word' id='word_1_54' title='bbox 1549 774 1731 827; x_wconf 87' lang='lat' dir='ltr'>Moses</span> <span class='ocrx_word' id='word_1_55' title='bbox 1782 773 1946 826; x_wconf 88' lang='lat' dir='ltr'>etiam</span> 
     </span>
     <span class='ocr_line' id='line_1_9' title="bbox 330 857 1946 930; baseline -0.002 -19"><span class='ocrx_word' id='word_1_56' title='bbox 330 878 528 912; x_wconf 91' lang='lat' dir='ltr'>nomen</span> <span class='ocrx_word' id='word_1_57' title='bbox 571 859 728 924; x_wconf 83' lang='lat' dir='ltr'>Jesu,</span> <span class='ocrx_word' id='word_1_58' title='bbox 783 859 929 929; x_wconf 89' lang='lat' dir='ltr'>quod</span> <span class='ocrx_word' id='word_1_59' title='bbox 976 877 1074 930; x_wconf 89' lang='lat' dir='ltr'>per</span> <span class='ocrx_word' id='word_1_60' title='bbox 1121 860 1371 928; x_wconf 89' lang='lat' dir='ltr'>spiritum</span> <span class='ocrx_word' id='word_1_61' title='bbox 1416 859 1523 911; x_wconf 89' lang='lat' dir='ltr'>Dei</span> <span class='ocrx_word' id='word_1_62' title='bbox 1568 858 1841 928; x_wconf 87' lang='lat' dir='ltr'>praevidit</span> <span class='ocrx_word' id='word_1_63' title='bbox 1887 857 1946 908; x_wconf 90' lang='lat' dir='ltr'>in</span> 
     </span>
     <span class='ocr_line' id='line_1_10' title="bbox 331 943 1944 1009; baseline -0.001 -14"><span class='ocrx_word' id='word_1_64' title='bbox 331 945 569 996; x_wconf 89' lang='lat' dir='ltr'>maximo</span> <span class='ocrx_word' id='word_1_65' title='bbox 619 943 820 996; x_wconf 89' lang='lat' dir='ltr'>honore</span> <span class='ocrx_word' id='word_1_66' title='bbox 870 943 1080 996; x_wconf 89' lang='lat' dir='ltr'>habuit.</span> <span class='ocrx_word' id='word_1_67' title='bbox 1163 943 1325 1009; x_wconf 76' lang='lat' dir='ltr'>Quod</span> <span class='ocrx_word' id='word_1_68' title='bbox 1376 945 1518 995; x_wconf 89' lang='lat' dir='ltr'>enim</span> <span class='ocrx_word' id='word_1_69' title='bbox 1569 961 1765 995; x_wconf 89' lang='lat' dir='ltr'>nomen</span> <span class='ocrx_word' id='word_1_70' title='bbox 1809 961 1944 994; x_wconf 91' lang='lat' dir='ltr'>nun-</span> 
     </span>
     <span class='ocr_line' id='line_1_11' title="bbox 332 1027 1946 1098; baseline -0.001 -19"><span class='ocrx_word' id='word_1_71' title='bbox 332 1046 493 1098; x_wconf 89' lang='lat' dir='ltr'>quam</span> <span class='ocrx_word' id='word_1_72' title='bbox 530 1030 670 1080; x_wconf 90' lang='lat' dir='ltr'>inter</span> <span class='ocrx_word' id='word_1_73' title='bbox 706 1028 952 1082; x_wconf 86' lang='lat' dir='ltr'>homines</span> <span class='ocrx_word' id='word_1_74' title='bbox 994 1027 1200 1098; x_wconf 89' lang='lat' dir='ltr'>(antea)</span> <span class='ocrx_word' id='word_1_75' title='bbox 1241 1027 1488 1080; x_wconf 89' lang='lat' dir='ltr'>auditum</span> <span class='ocrx_word' id='word_1_76' title='bbox 1507 1068 1520 1094; x_wconf 87' lang='lat'>,</span> <span class='ocrx_word' id='word_1_77' title='bbox 1559 1027 1876 1096; x_wconf 82' lang='lat' dir='ltr'>priusquam</span> <span class='ocrx_word' id='word_1_78' title='bbox 1913 1044 1946 1077; x_wconf 89' lang='lat' dir='ltr'>a</span> 
     </span>
     <span class='ocr_line' id='line_1_12' title="bbox 331 1107 1946 1181; baseline -0.001 -17"><span class='ocrx_word' id='word_1_79' title='bbox 331 1107 495 1165; x_wconf 67' lang='lat' dir='ltr'>Mose‘</span> <span class='ocrx_word' id='word_1_80' title='bbox 532 1130 728 1165; x_wconf 91' lang='lat' dir='ltr'>nomen</span> <span class='ocrx_word' id='word_1_81' title='bbox 767 1112 901 1164; x_wconf 86' lang='lat' dir='ltr'>Jesu</span> <span class='ocrx_word' id='word_1_82' title='bbox 947 1120 1390 1181; x_wconf 83' lang='lat' dir='ltr'>cognosceretur,</span> <span class='ocrx_word' id='word_1_83' title='bbox 1438 1112 1539 1164; x_wconf 91' lang='lat' dir='ltr'>hoc</span> <span class='ocrx_word' id='word_1_84' title='bbox 1576 1128 1773 1175; x_wconf 70' lang='lat' dir='ltr'>nomen</span> <span class='ocrx_word' id='word_1_85' title='bbox 1813 1109 1946 1162; x_wconf 88' lang='lat' dir='ltr'>Jesu</span> 
     </span>
     <span class='ocr_line' id='line_1_13' title="bbox 330 1195 1947 1267; baseline -0.002 -19"><span class='ocrx_word' id='word_1_86' title='bbox 330 1196 565 1267; x_wconf 89' lang='lat' dir='ltr'>primum</span> <span class='ocrx_word' id='word_1_87' title='bbox 600 1198 649 1249; x_wconf 91' lang='lat' dir='ltr'>ei</span> <span class='ocrx_word' id='word_1_88' title='bbox 683 1197 883 1249; x_wconf 90' lang='lat' dir='ltr'>indidit</span> <span class='ocrx_word' id='word_1_89' title='bbox 909 1197 1002 1267; x_wconf 90' lang='lat' dir='ltr'>qui</span> <span class='ocrx_word' id='word_1_90' title='bbox 1025 1197 1208 1266; x_wconf 83' lang='lat' dir='ltr'>typice</span> <span class='ocrx_word' id='word_1_91' title='bbox 1235 1204 1289 1248; x_wconf 87' lang='lat' dir='ltr'>et</span> <span class='ocrx_word' id='word_1_92' title='bbox 1315 1195 1614 1266; x_wconf 85' lang='lat' dir='ltr'>symbolice</span> <span class='ocrx_word' id='word_1_93' title='bbox 1640 1203 1764 1266; x_wconf 87' lang='lat' dir='ltr'>post</span> <span class='ocrx_word' id='word_1_94' title='bbox 1789 1212 1947 1246; x_wconf 92' lang='lat' dir='ltr'>suum</span> 
     </span>
     <span class='ocr_line' id='line_1_14' title="bbox 333 1279 1945 1351; baseline -0.002 -18"><span class='ocrx_word' id='word_1_95' title='bbox 333 1281 614 1333; x_wconf 87' lang='lat' dir='ltr'>decessum</span> <span class='ocrx_word' id='word_1_96' title='bbox 668 1282 834 1333; x_wconf 87' lang='lat' dir='ltr'>totius</span> <span class='ocrx_word' id='word_1_97' title='bbox 887 1279 1078 1351; x_wconf 91' lang='lat' dir='ltr'>populi</span> <span class='ocrx_word' id='word_1_98' title='bbox 1133 1280 1432 1332; x_wconf 92' lang='lat' dir='ltr'>dominium</span> <span class='ocrx_word' id='word_1_99' title='bbox 1483 1289 1806 1349; x_wconf 87' lang='lat' dir='ltr'>accepturus</span> <span class='ocrx_word' id='word_1_100' title='bbox 1856 1279 1945 1329; x_wconf 87' lang='lat' dir='ltr'>sit.</span> 
     </span>
     <span class='ocr_line' id='line_1_15' title="bbox 333 1364 1945 1432; baseline -0.002 -16"><span class='ocrx_word' id='word_1_101' title='bbox 333 1369 365 1432; x_wconf 65' lang='grc' dir='ltr'>ξ</span> <span class='ocrx_word' id='word_1_102' title='bbox 402 1365 454 1416; x_wconf 92' lang='grc'>4.</span> <span class='ocrx_word' id='word_1_103' title='bbox 517 1365 661 1417; x_wconf 90' lang='lat' dir='ltr'>Huic</span> <span class='ocrx_word' id='word_1_104' title='bbox 706 1382 837 1417; x_wconf 88' lang='lat' dir='ltr'>vero</span> <span class='ocrx_word' id='word_1_105' title='bbox 887 1372 1048 1416; x_wconf 90' lang='lat' dir='ltr'>antea</span> <span class='ocrx_word' id='word_1_106' title='bbox 1095 1365 1244 1416; x_wconf 88' lang='lat' dir='ltr'>aliud</span> <span class='ocrx_word' id='word_1_107' title='bbox 1290 1382 1487 1417; x_wconf 89' lang='lat' dir='ltr'>nomen</span> <span class='ocrx_word' id='word_1_108' title='bbox 1531 1364 1768 1416; x_wconf 88' lang='lat' dir='ltr'>inditum</span> <span class='ocrx_word' id='word_1_109' title='bbox 1811 1369 1945 1428; x_wconf 90' lang='lat' dir='ltr'>erat,</span> 
     </span>
     <span class='ocr_line' id='line_1_16' title="bbox 331 1448 1947 1519; baseline -0.001 -19"><span class='ocrx_word' id='word_1_110' title='bbox 331 1467 528 1502; x_wconf 90' lang='lat' dir='ltr'>nomen</span> <span class='ocrx_word' id='word_1_111' title='bbox 566 1448 710 1519; x_wconf 90' lang='lat' dir='ltr'>quod</span> <span class='ocrx_word' id='word_1_112' title='bbox 749 1449 867 1519; x_wconf 88' lang='lat' dir='ltr'>ejus</span> <span class='ocrx_word' id='word_1_113' title='bbox 905 1449 1095 1501; x_wconf 91' lang='lat' dir='ltr'>coaevi</span> <span class='ocrx_word' id='word_1_114' title='bbox 1133 1450 1182 1501; x_wconf 88' lang='lat' dir='ltr'>ei</span> <span class='ocrx_word' id='word_1_115' title='bbox 1220 1448 1506 1515; x_wconf 86' lang='lat' dir='ltr'>dederant,</span> <span class='ocrx_word' id='word_1_116' title='bbox 1547 1448 1754 1500; x_wconf 88' lang='lat' dir='ltr'>scilicet</span> <span class='ocrx_word' id='word_1_117' title='bbox 1779 1451 1947 1499; x_wconf 83' lang='lat' dir='ltr'>Hosea</span> 
     </span>
     <span class='ocr_line' id='line_1_17' title="bbox 333 1530 1946 1602; baseline -0.002 -18"><span class='ocrx_word' id='word_1_118' title='bbox 333 1538 447 1585; x_wconf 83' lang='lat' dir='ltr'>Bar</span> <span class='ocrx_word' id='word_1_119' title='bbox 496 1537 631 1585; x_wconf 74' lang='grc' dir='ltr'><em>Νΐιη.</em></span> <span class='ocrx_word' id='word_1_120' title='bbox 714 1533 893 1585; x_wconf 87' lang='lat' dir='ltr'>Moses</span> <span class='ocrx_word' id='word_1_121' title='bbox 941 1552 1070 1586; x_wconf 87' lang='lat' dir='ltr'>vero</span> <span class='ocrx_word' id='word_1_122' title='bbox 1130 1552 1252 1586; x_wconf 91' lang='lat' dir='ltr'>eum</span> <span class='ocrx_word' id='word_1_123' title='bbox 1299 1533 1586 1601; x_wconf 86' lang='lat' dir='ltr'>„Jesum“</span> <span class='ocrx_word' id='word_1_124' title='bbox 1631 1530 1946 1602; x_wconf 81' lang='lat' dir='ltr'>appellavit,</span> 
     </span>
     <span class='ocr_line' id='line_1_18' title="bbox 331 1616 1947 1687; baseline 0.001 -17"><span class='ocrx_word' id='word_1_125' title='bbox 331 1616 484 1670; x_wconf 80' lang='lat' dir='ltr'>velut</span> <span class='ocrx_word' id='word_1_126' title='bbox 538 1616 756 1669; x_wconf 91' lang='lat' dir='ltr'>honoris</span> <span class='ocrx_word' id='word_1_127' title='bbox 817 1618 1032 1685; x_wconf 86' lang='lat' dir='ltr'>insigne</span> <span class='ocrx_word' id='word_1_128' title='bbox 1090 1619 1241 1687; x_wconf 88' lang='lat' dir='ltr'>regio</span> <span class='ocrx_word' id='word_1_129' title='bbox 1299 1618 1609 1671; x_wconf 89' lang='lat' dir='ltr'>diademate</span> <span class='ocrx_word' id='word_1_130' title='bbox 1665 1621 1947 1684; x_wconf 77' lang='lat' dir='ltr'>praestan-</span> 
     </span>
     <span class='ocr_line' id='line_1_19' title="bbox 331 1701 1946 1772; baseline 0.004 -18"><span class='ocrx_word' id='word_1_131' title='bbox 331 1701 456 1754; x_wconf 76' lang='lat' dir='ltr'>tius,</span> <span class='ocrx_word' id='word_1_132' title='bbox 530 1706 678 1753; x_wconf 80' lang='lat' dir='ltr'>Jesus</span> <span class='ocrx_word' id='word_1_133' title='bbox 702 1706 817 1753; x_wconf 86' lang='lat' dir='ltr'>Bar</span> <span class='ocrx_word' id='word_1_134' title='bbox 845 1706 963 1754; x_wconf 70' lang='grc' dir='ltr'>Νΐιη</span> <span class='ocrx_word' id='word_1_135' title='bbox 1010 1702 1150 1754; x_wconf 89' lang='lat' dir='ltr'>enim</span> <span class='ocrx_word' id='word_1_136' title='bbox 1187 1704 1482 1772; x_wconf 88' lang='lat' dir='ltr'>imaginem</span> <span class='ocrx_word' id='word_1_137' title='bbox 1521 1702 1810 1758; x_wconf 87' lang='lat' dir='ltr'>salvatoris</span> <span class='ocrx_word' id='word_1_138' title='bbox 1849 1725 1946 1760; x_wconf 91' lang='lat' dir='ltr'>no-</span> 
     </span>
     <span class='ocr_line' id='line_1_20' title="bbox 335 1784 1947 1858; baseline 0.004 -22"><span class='ocrx_word' id='word_1_139' title='bbox 335 1786 434 1837; x_wconf 89' lang='lat' dir='ltr'>stri</span> <span class='ocrx_word' id='word_1_140' title='bbox 471 1784 745 1851; x_wconf 81' lang='lat' dir='ltr'>exhibuit,</span> <span class='ocrx_word' id='word_1_141' title='bbox 783 1786 831 1837; x_wconf 88' lang='lat' dir='ltr'>is</span> <span class='ocrx_word' id='word_1_142' title='bbox 869 1785 963 1856; x_wconf 89' lang='lat' dir='ltr'>qui</span> <span class='ocrx_word' id='word_1_143' title='bbox 1002 1785 1147 1838; x_wconf 90' lang='lat' dir='ltr'>solus</span> <span class='ocrx_word' id='word_1_144' title='bbox 1184 1787 1470 1855; x_wconf 87' lang='lat' dir='ltr'>imperium</span> <span class='ocrx_word' id='word_1_145' title='bbox 1507 1789 1735 1858; x_wconf 87' lang='lat' dir='ltr'>perfecti</span> <span class='ocrx_word' id='word_1_146' title='bbox 1771 1789 1947 1843; x_wconf 86' lang='lat' dir='ltr'>famu-</span> 
     </span>
     <span class='ocr_line' id='line_1_21' title="bbox 332 1869 1944 1945; baseline 0.003 -25"><span class='ocrx_word' id='word_1_147' title='bbox 332 1869 436 1922; x_wconf 90' lang='lat' dir='ltr'>litii</span> <span class='ocrx_word' id='word_1_148' title='bbox 489 1886 585 1939; x_wconf 89' lang='lat' dir='ltr'>pro</span> <span class='ocrx_word' id='word_1_149' title='bbox 643 1887 776 1921; x_wconf 89' lang='lat' dir='ltr'>vera</span> <span class='ocrx_word' id='word_1_150' title='bbox 830 1869 1095 1938; x_wconf 85' lang='lat' dir='ltr'>religione</span> <span class='ocrx_word' id='word_1_151' title='bbox 1150 1870 1460 1942; x_wconf 84' lang='lat' dir='ltr'>(praestiti)</span> <span class='ocrx_word' id='word_1_152' title='bbox 1511 1874 1568 1924; x_wconf 91' lang='lat' dir='ltr'>in</span> <span class='ocrx_word' id='word_1_153' title='bbox 1619 1891 1676 1925; x_wconf 87' lang='lat' dir='ltr'>se</span> <span class='ocrx_word' id='word_1_154' title='bbox 1721 1875 1944 1945; x_wconf 80' lang='lat' dir='ltr'>recepit,</span> 
     </span>
     <span class='ocr_line' id='line_1_22' title="bbox 334 1951 1946 2029; baseline 0.005 -25"><span class='ocrx_word' id='word_1_155' title='bbox 334 1971 473 2023; x_wconf 92' lang='lat' dir='ltr'>quae</span> <span class='ocrx_word' id='word_1_156' title='bbox 513 1952 679 2022; x_wconf 81' lang='lat' dir='ltr'>(vera</span> <span class='ocrx_word' id='word_1_157' title='bbox 716 1951 938 2024; x_wconf 86' lang='lat' dir='ltr'>religio)</span> <span class='ocrx_word' id='word_1_158' title='bbox 980 1954 1030 2005; x_wconf 91' lang='lat' dir='ltr'>ei</span> <span class='ocrx_word' id='word_1_159' title='bbox 1075 1955 1308 2024; x_wconf 87' lang='lat' dir='ltr'>mystico</span> <span class='ocrx_word' id='word_1_160' title='bbox 1357 1956 1590 2026; x_wconf 86' lang='lat' dir='ltr'>quodam</span> <span class='ocrx_word' id='word_1_161' title='bbox 1638 1966 1691 2011; x_wconf 90' lang='lat' dir='ltr'>et</span> <span class='ocrx_word' id='word_1_162' title='bbox 1730 1960 1946 2029; x_wconf 85' lang='lat' dir='ltr'>symbo-</span> 
     </span>
     <span class='ocr_line' id='line_1_23' title="bbox 332 2036 1945 2104; baseline 0.005 -16"><span class='ocrx_word' id='word_1_163' title='bbox 332 2037 434 2089; x_wconf 88' lang='lat' dir='ltr'>lico</span> <span class='ocrx_word' id='word_1_164' title='bbox 482 2036 644 2090; x_wconf 91' lang='lat' dir='ltr'>modo</span> <span class='ocrx_word' id='word_1_165' title='bbox 692 2037 895 2089; x_wconf 85' lang='lat' dir='ltr'>tradita</span> <span class='ocrx_word' id='word_1_166' title='bbox 940 2045 1038 2090; x_wconf 88' lang='lat' dir='ltr'>est.</span> <span class='ocrx_word' id='word_1_167' title='bbox 1134 2042 1165 2104; x_wconf 68' lang='grc' dir='ltr'>ξ</span> <span class='ocrx_word' id='word_1_168' title='bbox 1204 2040 1254 2091; x_wconf 83' lang='lat'>5.</span> <span class='ocrx_word' id='word_1_169' title='bbox 1324 2041 1504 2093; x_wconf 89' lang='lat' dir='ltr'>Moses</span> <span class='ocrx_word' id='word_1_170' title='bbox 1553 2060 1683 2094; x_wconf 83' lang='lat' dir='ltr'>vero</span> <span class='ocrx_word' id='word_1_171' title='bbox 1734 2042 1945 2096; x_wconf 89' lang='lat' dir='ltr'>duobus</span> 
     </span>
     <span class='ocr_line' id='line_1_24' title="bbox 333 2121 1948 2194; baseline 0.004 -21"><span class='ocrx_word' id='word_1_172' title='bbox 333 2121 495 2186; x_wconf 78' lang='lat' dir='ltr'>viriS,</span> <span class='ocrx_word' id='word_1_173' title='bbox 536 2122 629 2191; x_wconf 88' lang='lat' dir='ltr'>qui</span> <span class='ocrx_word' id='word_1_174' title='bbox 666 2140 729 2173; x_wconf 89' lang='lat' dir='ltr'>ea</span> <span class='ocrx_word' id='word_1_175' title='bbox 767 2129 945 2174; x_wconf 88' lang='lat' dir='ltr'>aetate</span> <span class='ocrx_word' id='word_1_176' title='bbox 982 2140 1112 2192; x_wconf 90' lang='lat' dir='ltr'>prae</span> <span class='ocrx_word' id='word_1_177' title='bbox 1150 2131 1265 2176; x_wconf 88' lang='lat' dir='ltr'>toto</span> <span class='ocrx_word' id='word_1_178' title='bbox 1303 2124 1505 2194; x_wconf 89' lang='lat' dir='ltr'>populo</span> <span class='ocrx_word' id='word_1_179' title='bbox 1544 2126 1601 2176; x_wconf 92' lang='lat' dir='ltr'>in</span> <span class='ocrx_word' id='word_1_180' title='bbox 1627 2127 1829 2179; x_wconf 89' lang='lat' dir='ltr'>honore</span> <span class='ocrx_word' id='word_1_181' title='bbox 1854 2128 1948 2180; x_wconf 90' lang='lat' dir='ltr'>ha-</span> 
     </span>
     <span class='ocr_line' id='line_1_25' title="bbox 332 2205 1943 2275; baseline 0.003 -17"><span class='ocrx_word' id='word_1_182' title='bbox 332 2205 603 2258; x_wconf 87' lang='lat' dir='ltr'>bebantur</span> <span class='ocrx_word' id='word_1_183' title='bbox 650 2213 873 2275; x_wconf 85' lang='lat' dir='ltr'>propter</span> <span class='ocrx_word' id='word_1_184' title='bbox 921 2205 1149 2258; x_wconf 86' lang='lat' dir='ltr'>eximias</span> <span class='ocrx_word' id='word_1_185' title='bbox 1207 2207 1436 2260; x_wconf 88' lang='lat' dir='ltr'>virtutes</span> <span class='ocrx_word' id='word_1_186' title='bbox 1449 2248 1462 2274; x_wconf 95' lang='lat'>,</span> <span class='ocrx_word' id='word_1_187' title='bbox 1519 2209 1677 2262; x_wconf 88' lang='lat' dir='ltr'>alteri</span> <span class='ocrx_word' id='word_1_188' title='bbox 1733 2229 1943 2265; x_wconf 90' lang='lat' dir='ltr'>summo</span> 
     </span>
     <span class='ocr_line' id='line_1_26' title="bbox 334 2288 1945 2360; baseline 0.004 -19"><span class='ocrx_word' id='word_1_189' title='bbox 334 2289 632 2354; x_wconf 88' lang='lat' dir='ltr'>sacerdoti,</span> <span class='ocrx_word' id='word_1_190' title='bbox 672 2288 830 2341; x_wconf 88' lang='lat' dir='ltr'>alteri</span> <span class='ocrx_word' id='word_1_191' title='bbox 868 2289 994 2342; x_wconf 89' lang='lat' dir='ltr'>duci</span> <span class='ocrx_word' id='word_1_192' title='bbox 1031 2298 1156 2360; x_wconf 92' lang='lat' dir='ltr'>post</span> <span class='ocrx_word' id='word_1_193' title='bbox 1194 2292 1402 2343; x_wconf 85' lang='lat' dir='ltr'>exitum</span> <span class='ocrx_word' id='word_1_194' title='bbox 1441 2312 1597 2344; x_wconf 91' lang='lat' dir='ltr'>suum</span> <span class='ocrx_word' id='word_1_195' title='bbox 1633 2295 1818 2348; x_wconf 87' lang='lat' dir='ltr'>futuro</span> <span class='ocrx_word' id='word_1_196' title='bbox 1853 2314 1945 2348; x_wconf 91' lang='lat' dir='ltr'>no-</span> 
     </span>
     <span class='ocr_line' id='line_1_27' title="bbox 333 2371 1947 2431; baseline 0.004 -7"><span class='ocrx_word' id='word_1_197' title='bbox 333 2392 457 2425; x_wconf 91' lang='lat' dir='ltr'>men</span> <span class='ocrx_word' id='word_1_198' title='bbox 503 2371 793 2425; x_wconf 87' lang='lat' dir='ltr'>salvatoris</span> <span class='ocrx_word' id='word_1_199' title='bbox 830 2373 1052 2426; x_wconf 91' lang='lat' dir='ltr'>Domini</span> <span class='ocrx_word' id='word_1_200' title='bbox 1100 2377 1273 2428; x_wconf 88' lang='lat' dir='ltr'>nostri</span> <span class='ocrx_word' id='word_1_201' title='bbox 1311 2375 1446 2428; x_wconf 83' lang='lat' dir='ltr'>Jesu</span> <span class='ocrx_word' id='word_1_202' title='bbox 1484 2377 1686 2430; x_wconf 84' lang='lat' dir='ltr'>Christi</span> <span class='ocrx_word' id='word_1_203' title='bbox 1723 2379 1947 2431; x_wconf 83' lang='lat' dir='ltr'>maximi</span> 
     </span>
     <span class='ocr_line' id='line_1_28' title="bbox 333 2457 1944 2534; baseline 0.005 -26"><span class='ocrx_word' id='word_1_204' title='bbox 333 2457 554 2510; x_wconf 92' lang='lat' dir='ltr'>honoris</span> <span class='ocrx_word' id='word_1_205' title='bbox 602 2458 774 2510; x_wconf 86' lang='lat' dir='ltr'>instar</span> <span class='ocrx_word' id='word_1_206' title='bbox 811 2458 1085 2527; x_wconf 88' lang='lat' dir='ltr'>imposuit.</span> <span class='ocrx_word' id='word_1_207' title='bbox 1173 2461 1205 2525; x_wconf 66' lang='grc' dir='ltr'>ξ</span> <span class='ocrx_word' id='word_1_208' title='bbox 1246 2459 1296 2511; x_wconf 88' lang='grc'>6.</span> <span class='ocrx_word' id='word_1_209' title='bbox 1360 2459 1468 2513; x_wconf 83' lang='lat' dir='ltr'>Sed</span> <span class='ocrx_word' id='word_1_210' title='bbox 1507 2463 1667 2513; x_wconf 88' lang='lat' dir='ltr'>etiam</span> <span class='ocrx_word' id='word_1_211' title='bbox 1706 2463 1944 2534; x_wconf 87' lang='lat' dir='ltr'>Prophe-</span> 
     </span>
     <span class='ocr_line' id='line_1_29' title="bbox 333 2542 1946 2611; baseline 0.005 -19"><span class='ocrx_word' id='word_1_212' title='bbox 333 2549 423 2592; x_wconf 82' lang='lat' dir='ltr'>tae</span> <span class='ocrx_word' id='word_1_213' title='bbox 459 2548 650 2611; x_wconf 87' lang='lat' dir='ltr'>postea</span> <span class='ocrx_word' id='word_1_214' title='bbox 685 2542 933 2594; x_wconf 83' lang='lat' dir='ltr'>viventes</span> <span class='ocrx_word' id='word_1_215' title='bbox 981 2542 1301 2595; x_wconf 90' lang='lat' dir='ltr'>nominatim</span> <span class='ocrx_word' id='word_1_216' title='bbox 1339 2552 1392 2596; x_wconf 86' lang='lat' dir='ltr'>et</span> <span class='ocrx_word' id='word_1_217' title='bbox 1430 2545 1628 2598; x_wconf 88' lang='lat' dir='ltr'>diserte</span> <span class='ocrx_word' id='word_1_218' title='bbox 1668 2545 1946 2600; x_wconf 85' lang='lat' dir='ltr'>Christum</span> 
     </span>
     <span class='ocr_line' id='line_1_30' title="bbox 332 2624 1948 2700; baseline 0.005 -25"><span class='ocrx_word' id='word_1_219' title='bbox 332 2624 859 2695; x_wconf 87' lang='lat' dir='ltr'>praenuntiaverunt</span> <span class='ocrx_word' id='word_1_220' title='bbox 905 2634 1068 2696; x_wconf 86' lang='lat' dir='ltr'>atque</span> <span class='ocrx_word' id='word_1_221' title='bbox 1116 2627 1174 2679; x_wconf 92' lang='lat' dir='ltr'>id</span> <span class='ocrx_word' id='word_1_222' title='bbox 1221 2628 1364 2697; x_wconf 90' lang='lat' dir='ltr'>quod</span> <span class='ocrx_word' id='word_1_223' title='bbox 1410 2647 1766 2700; x_wconf 86' lang='lat' dir='ltr'>perpessurus</span> <span class='ocrx_word' id='word_1_224' title='bbox 1806 2631 1878 2683; x_wconf 86' lang='lat' dir='ltr'>sit</span> <span class='ocrx_word' id='word_1_225' title='bbox 1915 2650 1948 2683; x_wconf 90' lang='lat' dir='ltr'>a</span> 
     </span>
     <span class='ocr_line' id='line_1_31' title="bbox 335 2706 1945 2782; baseline 0.004 -22"><span class='ocrx_word' id='word_1_226' title='bbox 335 2706 563 2760; x_wconf 85' lang='lat' dir='ltr'>Judaeis</span> <span class='ocrx_word' id='word_1_227' title='bbox 601 2716 762 2779; x_wconf 91' lang='lat' dir='ltr'>atque</span> <span class='ocrx_word' id='word_1_228' title='bbox 799 2710 995 2761; x_wconf 88' lang='lat' dir='ltr'>iterum</span> <span class='ocrx_word' id='word_1_229' title='bbox 1031 2712 1273 2778; x_wconf 86' lang='lat' dir='ltr'>gentium</span> <span class='ocrx_word' id='word_1_230' title='bbox 1310 2731 1409 2782; x_wconf 87' lang='lat' dir='ltr'>per</span> <span class='ocrx_word' id='word_1_231' title='bbox 1446 2732 1567 2765; x_wconf 89' lang='lat' dir='ltr'>eum</span> <span class='ocrx_word' id='word_1_232' title='bbox 1605 2714 1945 2768; x_wconf 85' lang='lat' dir='ltr'>vocationem</span> 
     </span>
     <span class='ocr_line' id='line_1_32' title="bbox 336 2791 1947 2860; baseline 0.004 -17"><span class='ocrx_word' id='word_1_233' title='bbox 336 2791 570 2860; x_wconf 81' lang='lat' dir='ltr'>(multo)</span> <span class='ocrx_word' id='word_1_234' title='bbox 621 2800 748 2845; x_wconf 88' lang='lat' dir='ltr'>ante</span> <span class='ocrx_word' id='word_1_235' title='bbox 795 2794 980 2846; x_wconf 88' lang='lat' dir='ltr'>testati</span> <span class='ocrx_word' id='word_1_236' title='bbox 1030 2803 1182 2847; x_wconf 83' lang='lat' dir='ltr'>sunt:</span> <span class='ocrx_word' id='word_1_237' title='bbox 1240 2796 1398 2848; x_wconf 89' lang='lat' dir='ltr'>modo</span> <span class='ocrx_word' id='word_1_238' title='bbox 1438 2797 1703 2850; x_wconf 84' lang='lat' dir='ltr'>Jeremias</span> <span class='ocrx_word' id='word_1_239' title='bbox 1751 2799 1828 2850; x_wconf 91' lang='lat' dir='ltr'>sic</span> <span class='ocrx_word' id='word_1_240' title='bbox 1870 2799 1947 2850; x_wconf 87' lang='lat' dir='ltr'>ait</span> 
     </span>
     <span class='ocr_line' id='line_1_33' title="bbox 335 2875 1946 2948; baseline 0.006 -22"><span class='ocrx_word' id='word_1_241' title='bbox 335 2875 562 2943; x_wconf 82' lang='lat' dir='ltr'>(Thren.</span> <span class='ocrx_word' id='word_1_242' title='bbox 589 2877 646 2942; x_wconf 84' lang='lat'>4,</span> <span class='ocrx_word' id='word_1_243' title='bbox 675 2877 816 2948; x_wconf 78' lang='lat'>20.):</span> <span class='ocrx_word' id='word_1_244' title='bbox 858 2877 1091 2948; x_wconf 85' lang='lat' dir='ltr'>Spiritus</span> <span class='ocrx_word' id='word_1_245' title='bbox 1130 2888 1255 2933; x_wconf 84' lang='lat' dir='ltr'>ante</span> <span class='ocrx_word' id='word_1_246' title='bbox 1282 2879 1493 2942; x_wconf 64' lang='lat' dir='ltr'>vultum</span> <span class='ocrx_word' id='word_1_247' title='bbox 1517 2890 1765 2935; x_wconf 90' lang='lat' dir='ltr'>nostrum</span> <span class='ocrx_word' id='word_1_248' title='bbox 1794 2882 1946 2935; x_wconf 85' lang='lat' dir='ltr'>Chri-</span> 
     </span>
    </p>
   </div>
  </div>
 </body>
</html>
