1986 3152
298 125 398 177 162
957 123 1207 165 EUSEBH

288 238 484 313 “ἡμεῖς
523 257 759 311 υστερον
799 236 1121 311 ἀνελόμενοι
1161 236 1228 295 τά
1266 237 1559 312 τιμιώτερα
1600 245 1780 297 λίθων
1809 261 1904 298 πο-

286 323 571 381 “λυτελι·5ν
602 325 692 379 καὶ
736 320 1076 396 δοκιμώτεροι
1106 318 1247 394 ὑπὲρ
1288 329 1523 397 χρυσίον
1560 319 1695 380 ὀστᾶ
1735 319 1907 382 αὐτοῦ

288 407 654 510 ἶάπεθέμεθα
695 406 838 464 ὅπου
879 409 971 463 καὶ
1012 405 1327 463 ἀκόλουθον
1369 408 1452 479 ἠν.
1523 411 1607 464 44.
1653 413 1794 465 ἔνθα
1835 431 1907 476 ως

290 489 576 550 ’δυνατὸν
604 489 740 564 ἡμιν
770 492 1168 564 συναγομένοις
1202 494 1262 548 ἐν
1292 489 1614 563 ἀγαλλιασει
1643 493 1736 548 καὶ
1766 497 1906 568 χαρᾷ

253 598 273 630 5
290 572 548 651 “παρε’ξει
578 575 606 632 ὁ
637 574 825 649 κύριος
857 579 1128 632 ἐπιτελεῖν
1156 573 1259 647 τὴν
1287 580 1385 632 τοῦ
1407 582 1716 650 μαρτυρίου
1739 573 1911 634 αὐτοῦ

288 658 538 734 “ἡμε’ραν
576 663 899 734 γενέθλιον,
955 668 1033 727 εἴς
1072 683 1129 716 τε
1170 657 1272 731 τὴν
1314 662 1424 716 τῶν
1475 658 1912 734 προηθληκότων

288 743 547 819 “μνη’μην
586 745 677 801 καὶ.
720 747 832 801 τῶν
872 742 1190 816 μελλόντων
1219 741 1456 816 ἅσκησίν
1484 768 1543 802 τε
1573 746 1666 801 καὶ
1697 747 1909 817 ἕτοιμα·
1946 738 1957 747 ’

287 828 472 887 “σίαν.
535 833 620 886 45.
654 834 882 886 τοιαῦτα
913 827 980 885 τὰ
1011 826 1147 885 κατὰ
1178 820 1276 886 τὸν
1315 827 1587 902 μακάριον
1617 827 1909 901 Πολύκαρ-

289 911 464 986 “πον,
524 913 630 971 σὺν
685 927 798 978 τοῖς
852 909 959 969 ἀπὸ
1014 918 1422 987 Φιλαδελφείας
1476 914 1791 970 δωδέκατον
1852 915 1910 970 ἐν

234 1016 274 1047 10
293 995 570 1072 “Σμύρνῃ
601 995 1061 1071 μαρτυρήσαντα,
1094 992 1154 1064 ὃς
1183 996 1349 1069 μόνος
1379 995 1489 1054 ὑπὸ
1522 995 1748 1054 πάντων
1777 1001 1908 1069 μᾶλ-

291 1078 426 1140 “lov
456 1080 892 1155 μνημονεύεται,
926 1079 999 1146 ὥς
1031 1083 1123 1138 καὶ
1152 1079 1261 1138 ὑπὸ
1292 1084 1405 1139 τῶν
1437 1085 1623 1139 ἐθνῶν
1654 1085 1716 1138 ἐν
1745 1082 1911 1138 παντὶ

288 1165 478 1243 ε(τόπῳ
509 1161 858 1223 λαλεῖσθαι.”
920 1169 1005 1222 46.
1052 1161 1117 1221 τά
1157 1166 1261 1238 μὲν
1292 1163 1362 1237 δὴ
1393 1163 1530 1222 κατὰ
1559 1163 1657 1222 τὸν
1685 1164 1909 1237 θαυμά-

298 1271 422 1307 σιον
472 1252 564 1306 καὶ
617 1248 985 1307 ἀποστολικὸν
1024 1248 1402 1322 Πολύκαρπον
1452 1248 1704 1307 τοιούτου
1743 1272 1910 1321 κατη-

298 1338 456 1402 ξίωτο
500 1335 720 1406 τέλους,
765 1337 878 1390 τῶν
918 1331 1057 1390 κατὰ
1095 1333 1198 1405 τὴν
1229 1339 1574 1406 Σμυρναίων
1615 1337 1910 1406 ἐκκλησίαν

236 1436 276 1467 15
299 1417 563 1491 ἀδελφοῖν
592 1417 694 1490 τὴν
727 1423 976 1492 ἱστορίαν
1008 1421 1069 1474 ἐν
1099 1408 1137 1491 ᾗ
1162 1417 1556 1492 δεδηλώκαμεν
1579 1414 1766 1474 αὐτῶν
1791 1419 1910 1473 ἐπι-

298 1506 466 1578 στολῇ
505 1505 1000 1575 κατατεθειμένων.
1063 1504 1123 1558 ἐν
1162 1504 1232 1575 τῇ
1273 1500 1418 1577 αὐτῇ
1457 1503 1519 1559 δὲ
1559 1504 1685 1574 περὶ
1737 1498 1909 1559 αὐτοῦ

297 1594 486 1662 γραφῇ
527 1589 619 1644 καὶ
659 1585 800 1643 ἄλλα
839 1584 1114 1661 μαρτύρια
1155 1586 1403 1659 συνῆπτο
1434 1584 1571 1643 κατὰ
1599 1585 1704 1658 τὴν
1734 1582 1911 1657 αὐτὴν

298 1670 574 1744 Σμύρναν
615 1673 974 1744 πεπραγμένα
1013 1669 1124 1727 ὑπὸ
1166 1670 1268 1742 τὴν
1310 1669 1487 1742 αὐτὴν
1516 1675 1780 1743 περίοδον
1809 1670 1947 1748 tofi]

298 1754 503 1829 χρόνου
533 1758 629 1828 τῆς
660 1762 758 1812 τοῦ
783 1753 1160 1827 Πολυκοὲρπου
1190 1761 1513 1829 μαρτυρίας,
1544 1750 1676 1828 μεθ’
1711 1746 1790 1812 ὧν
1819 1755 1910 1810 καὶ
1941 1783 1946 1789 ·

232 1857 274 1888 20
299 1841 679 1914 Μητρόδωρος
718 1842 815 1911 τῆς
854 1839 991 1896 κατὰ
1023 1845 1336 1910 Μαρκίωνα
1367 1838 1579 1911 πλάνης
1610 1837 1910 1913 πρεσβύτε-

297 1949 390 1995 ρος
423 1922 491 1997 δη
524 1925 666 1982 εἶναι
699 1927 881 1982 δοκων
910 1925 1046 1995 πυρὶ
1089 1925 1434 1996 παραδοθεὶς
1474 1922 1760 1997 ἀνῄρηται.
1821 1926 1906 1980 47.

295 2032 407 2065 των
436 2033 499 2079 γε
529 2008 641 2081 μὴν
669 2007 791 2066 τότε
790 2006 1148 2110 ,περιβόητος
1188 2032 1399 2082 μαρτυς
1442 2015 1519 2074 εις
1560 2031 1640 2074 τις
1684 2010 1908 2080 ἐγνωρί-

297 2099 411 2161 ζετο
443 2091 699 2164 Πιόνιος,
742 2093 809 2148 οὐ
850 2093 946 2159 τὰς
989 2116 1126 2149 κατα
1156 2096 1319 2164 μέρος
1358 2091 1677 2164 ὁμολογίας,
1718 2089 1822 2163 τήν
1850 2113 1908 2147 τε

296 2179 392 2232 τοῦ
423 2175 594 2247 λόγου
624 2183 968 2249 παρρησίαν,
1001 2178 1093 2232 καὶ
1124 2175 1220 2241 τὰς
1251 2172 1394 2247 ὓπερ
1425 2179 1519 2247 τῆς
1551 2181 1785 2240 πίστεως
1819 2175 1908 2230 ἐπὶ
1966 2209 1967 2212 =

233 2275 274 2307 25
297 2261 398 2317 τοῦ
429 2257 607 2332 δήμου
639 2262 731 2316 καὶ
761 2262 874 2315 τῶν
903 2257 1187 2332 ἀρχόντων
1217 2257 1549 2332 ἀπολογίας,
1583 2263 1910 2315 διδασκαλι-

298 2342 395 2409 κάς
426 2366 485 2399 τε
519 2349 875 2417 δημηγορίας,
907 2345 999 2400 καὶ
1031 2348 1108 2399 ε”τι
1140 2342 1234 2408 τὰς
1266 2342 1401 2414 πρὸς
1432 2343 1558 2410 τοὺς
1581 2339 1907 2400 ὑποπεπτω-

298 2428 461 2493 κότας
493 2433 569 2503 τῷ
600 2427 737 2484 κατὰ
766 2425 862 2484 τὸν
894 2426 1138 2500 διωγμὸν
1168 2431 1452 2504 πειρασμῷ
1479 2426 1775 2499 δεξιώσεις,
1807 2449 1907 2482 πα·

299 2518 580 2584 ραμυθίας
621 2535 680 2568 τε
724 2508 788 2578 ἂς
842 2513 930 2568 ἐπὶ
971 2516 1066 2584 τῆς
1119 2516 1335 2585 εἱρκτῆς
1387 2525 1500 2578 τοῖς
1552 2508 1684 2584 παρ’
1739 2509 1908 2568 αὐτὸν

300 2598 816 2669 εἰσαφικνουμένοις
869 2592 1131 2668 ἀδελφοῖς
1183 2603 1542 2670 παρετίθετο,
1594 2593 1657 2661 ἅς
1707 2620 1766 2652 τε
1819 2595 1907 2651 ἐπὶ

236 2694 276 2726 30
299 2678 512 2747 τούτοις
552 2676 816 2752 ὑπέμεινε
859 2679 1139 2751 βασάνους
1179 2704 1238 2738 τε
1277 2683 1369 2738 καὶ
1419 2679 1514 2746 τὰς
1555 2681 1644 2736 ἐπὶ
1685 2677 1908 2744 ταύταις
1932 2731 1957 2739 ,.

299 2761 608 2837 ἀλγηδόνας
649 2763 996 2837 καθηλώσεις
1037 2787 1125 2836 τε,
1178 2766 1269 2822 καὶ
1322 2763 1424 2836 τὴν
1467 2766 1556 2821 ἐπὶ
1594 2766 1689 2836 τῆς
1729 2765 1907 2836 πυροῖς

297 2855 620 2923 καρτερίαν,
662 2847 764 2921 τήν
794 2872 853 2905 τε
886 2848 972 2921 ἐφ’
1019 2846 1189 2906 ἅπασι
1229 2862 1342 2914 τοῖς
1373 2846 1703 2922 παραδόξοις
1734 2845 1905 2904 αὐτοῦ
