<?xml version="1.0" encoding="UTF-8"?>
<!DOCTYPE html PUBLIC "-//W3C//DTD XHTML 1.0 Transitional//EN"
    "http://www.w3.org/TR/xhtml1/DTD/xhtml1-transitional.dtd">
<html xmlns="http://www.w3.org/1999/xhtml" xml:lang="en" lang="en">
 <head>
  <title>
</title>
<meta http-equiv="Content-Type" content="text/html;charset=utf-8" />
  <meta name='ocr-system' content='tesseract 3.04.00' />
  <meta name='ocr-capabilities' content='ocr_page ocr_carea ocr_par ocr_line ocrx_word'/>
</head>
<body>
  <div class='ocr_page' id='page_1' title='image "./operaeusebius04euseuoft_0172.png"; bbox 0 0 2032 3174; ppageno 0'>
   <div class='ocr_carea' id='block_1_1' title="bbox 350 104 1263 154">
    <p class='ocr_par' dir='ltr' id='par_1_1' title="bbox 350 104 1263 154">
     <span class='ocr_line' id='line_1_1' title="bbox 350 104 1263 154; baseline -0.012 0"><span class='ocrx_word' id='word_1_1' title='bbox 350 104 449 154; x_wconf 77' lang='lat'>112</span> <span class='ocrx_word' id='word_1_2' title='bbox 1016 104 1263 144; x_wconf 82' lang='lat' dir='ltr'>EUSEBH</span> 
     </span>
    </p>
   </div>
   <div class='ocr_carea' id='block_1_2' title="bbox 282 217 2026 2903">
    <p class='ocr_par' dir='ltr' id='par_1_2' title="bbox 282 217 2026 2903">
     <span class='ocr_line' id='line_1_2' title="bbox 335 217 1950 321; baseline 0.001 -46.052"><span class='ocrx_word' id='word_1_3' title='bbox 335 219 514 321; x_wconf 48' lang='grc' dir='ltr'>4Ξῑμέγα</span> <span class='ocrx_word' id='word_1_4' title='bbox 544 217 891 291; x_wconf 89' lang='grc' dir='ltr'>παράδειγμα</span> <span class='ocrx_word' id='word_1_5' title='bbox 921 225 1213 290; x_wconf 80' lang='grc' dir='ltr'>μετανοίας</span> <span class='ocrx_word' id='word_1_6' title='bbox 1237 217 1509 292; x_wconf 79' lang='grc' dir='ltr'><em>ἀληθινῆς</em></span> <span class='ocrx_word' id='word_1_7' title='bbox 1533 223 1623 277; x_wconf 89' lang='grc' dir='ltr'>καὶ</span> <span class='ocrx_word' id='word_1_8' title='bbox 1647 223 1785 294; x_wconf 82' lang='grc' dir='ltr'>μέγα</span> <span class='ocrx_word' id='word_1_9' title='bbox 1809 221 1950 292; x_wconf 74' lang='grc' dir='ltr'>γνώ-</span> 
     </span>
     <span class='ocr_line' id='line_1_3' title="bbox 336 301 1953 407; baseline 0.002 -49.078"><span class='ocrx_word' id='word_1_10' title='bbox 336 302 559 407; x_wconf 53' lang='grc' dir='ltr'>ἶρισμα</span> <span class='ocrx_word' id='word_1_11' title='bbox 574 310 1027 374; x_wconf 77' lang='grc' dir='ltr'>παλιγγενεσίας,</span> <span class='ocrx_word' id='word_1_12' title='bbox 1069 301 1338 374; x_wconf 87' lang='grc' dir='ltr'>τρόπαιον</span> <span class='ocrx_word' id='word_1_13' title='bbox 1367 302 1719 371; x_wconf 77' lang='grc' dir='ltr'>ἀναστάσεως</span> <span class='ocrx_word' id='word_1_14' title='bbox 1750 311 1953 376; x_wconf 85' lang='grc' dir='ltr'>βλεπο-</span> 
     </span>
     <span class='ocr_line' id='line_1_4' title="bbox 336 384 542 458; baseline 0 0"><span class='ocrx_word' id='word_1_15' title='bbox 336 384 542 458; x_wconf 60' lang='grc' dir='ltr'>μένηῖ</span> 
     </span>
     <span class='ocr_line' id='line_1_5' title="bbox 487 470 1948 547; baseline -0.001 -18"><span class='ocrx_word' id='word_1_16' title='bbox 487 482 650 530; x_wconf 76' lang='lat' dir='ltr'><strong>XXIV.</strong></span> <span class='ocrx_word' id='word_1_17' title='bbox 694 480 820 546; x_wconf 81' lang='lat' dir='ltr'><strong>[Nic.</strong></span> <span class='ocrx_word' id='word_1_18' title='bbox 850 481 906 530; x_wconf 83' lang='lat' dir='ltr'>H.</span> <span class='ocrx_word' id='word_1_19' title='bbox 935 481 985 529; x_wconf 88' lang='lat' dir='ltr'>E.</span> <span class='ocrx_word' id='word_1_20' title='bbox 1016 482 1070 537; x_wconf 87' lang='grc' dir='ltr'>ΙΙ,</span> <span class='ocrx_word' id='word_1_21' title='bbox 1098 479 1211 547; x_wconf 66' lang='grc'>45]</span> <span class='ocrx_word' id='word_1_22' title='bbox 1272 474 1458 529; x_wconf 87' lang='grc' dir='ltr'>Ταῦτα</span> <span class='ocrx_word' id='word_1_23' title='bbox 1490 475 1587 528; x_wconf 88' lang='grc' dir='ltr'>τοῦ</span> <span class='ocrx_word' id='word_1_24' title='bbox 1611 470 1948 544; x_wconf 75' lang='grc' dir='ltr'>Κλήμεντος,</span> 
     </span>
     <span class='ocr_line' id='line_1_6' title="bbox 300 552 1953 628; baseline 0.002 -18"><span class='ocrx_word' id='word_1_25' title='bbox 300 572 323 602; x_wconf 71' lang='grc' dir='ltr'><strong><em>ὃ</em></strong></span> <span class='ocrx_word' id='word_1_26' title='bbox 349 559 591 628; x_wconf 76' lang='grc' dir='ltr'>ἱστορίας</span> <span class='ocrx_word' id='word_1_27' title='bbox 633 553 772 620; x_wconf 85' lang='grc' dir='ltr'>ὁμοῦ</span> <span class='ocrx_word' id='word_1_28' title='bbox 811 557 903 610; x_wconf 90' lang='grc' dir='ltr'>καὶ</span> <span class='ocrx_word' id='word_1_29' title='bbox 947 552 1216 626; x_wconf 73' lang='grc' dir='ltr'>ὠφελείας</span> <span class='ocrx_word' id='word_1_30' title='bbox 1254 561 1348 627; x_wconf 84' lang='grc' dir='ltr'>τῆς</span> <span class='ocrx_word' id='word_1_31' title='bbox 1387 558 1498 612; x_wconf 74' lang='grc' dir='ltr'>τῶν</span> <span class='ocrx_word' id='word_1_32' title='bbox 1550 558 1953 628; x_wconf 80' lang='grc' dir='ltr'>ἐντευξομένων</span> 
     </span>
     <span class='ocr_line' id='line_1_7' title="bbox 346 637 1954 713; baseline 0.001 -18"><span class='ocrx_word' id='word_1_33' title='bbox 346 643 564 710; x_wconf 77' lang='grc' dir='ltr'>ἕνεκεν,</span> <span class='ocrx_word' id='word_1_34' title='bbox 600 637 844 696; x_wconf 84' lang='grc' dir='ltr'>ἐνταῦθά</span> <span class='ocrx_word' id='word_1_35' title='bbox 875 663 965 711; x_wconf 88' lang='grc' dir='ltr'>μοι</span> <span class='ocrx_word' id='word_1_36' title='bbox 996 648 1221 713; x_wconf 84' lang='grc' dir='ltr'>κείσθω.</span> <span class='ocrx_word' id='word_1_37' title='bbox 1283 642 1418 713; x_wconf 83' lang='grc' dir='ltr'>φέρε</span> <span class='ocrx_word' id='word_1_38' title='bbox 1452 640 1512 696; x_wconf 72' lang='grc' dir='ltr'>δὲ</span> <span class='ocrx_word' id='word_1_39' title='bbox 1543 642 1635 696; x_wconf 85' lang='grc' dir='ltr'>καὶ</span> <span class='ocrx_word' id='word_1_40' title='bbox 1664 643 1828 696; x_wconf 82' lang='grc' dir='ltr'>τοῦδε</span> <span class='ocrx_word' id='word_1_41' title='bbox 1857 643 1954 697; x_wconf 87' lang='grc' dir='ltr'>τοῦ</span> 
     </span>
     <span class='ocr_line' id='line_1_8' title="bbox 345 719 1954 797; baseline 0.001 -19"><span class='ocrx_word' id='word_1_42' title='bbox 345 722 657 780; x_wconf 80' lang='grc' dir='ltr'>ἀποστόλου</span> <span class='ocrx_word' id='word_1_43' title='bbox 695 722 791 789; x_wconf 81' lang='grc' dir='ltr'>τὰς</span> <span class='ocrx_word' id='word_1_44' title='bbox 833 719 1265 797; x_wconf 84' lang='grc' dir='ltr'>άναντιρρήτους</span> <span class='ocrx_word' id='word_1_45' title='bbox 1309 722 1776 797; x_wconf 79' lang='grc' dir='ltr'>ἐπισημηνιόμεθα</span> <span class='ocrx_word' id='word_1_46' title='bbox 1818 749 1954 796; x_wconf 87' lang='grc' dir='ltr'>γρα-</span> 
     </span>
     <span class='ocr_line' id='line_1_9' title="bbox 346 804 1949 880; baseline 0.001 -18"><span class='ocrx_word' id='word_1_47' title='bbox 346 806 469 879; x_wconf 81' lang='grc' dir='ltr'>φάς.</span> <span class='ocrx_word' id='word_1_48' title='bbox 531 812 580 865; x_wconf 80' lang='grc'>2.</span> <span class='ocrx_word' id='word_1_49' title='bbox 625 809 717 863; x_wconf 86' lang='grc' dir='ltr'>καὶ</span> <span class='ocrx_word' id='word_1_50' title='bbox 763 805 831 879; x_wconf 82' lang='grc' dir='ltr'>δὴ</span> <span class='ocrx_word' id='word_1_51' title='bbox 871 807 932 864; x_wconf 88' lang='grc' dir='ltr'>τὸ</span> <span class='ocrx_word' id='word_1_52' title='bbox 972 805 1095 864; x_wconf 87' lang='grc' dir='ltr'>κατ’</span> <span class='ocrx_word' id='word_1_53' title='bbox 1141 805 1310 864; x_wconf 80' lang='grc' dir='ltr'>αὐτὸν</span> <span class='ocrx_word' id='word_1_54' title='bbox 1343 804 1665 880; x_wconf 78' lang='grc' dir='ltr'>εὐαγγέλιον</span> <span class='ocrx_word' id='word_1_55' title='bbox 1695 822 1814 874; x_wconf 78' lang='grc' dir='ltr'>ταῖς</span> <span class='ocrx_word' id='word_1_56' title='bbox 1844 806 1949 864; x_wconf 80' lang='grc' dir='ltr'>ὑπὸ</span> 
     </span>
     <span class='ocr_line' id='line_1_10' title="bbox 346 890 1953 965; baseline 0.001 -18"><span class='ocrx_word' id='word_1_57' title='bbox 346 890 444 949; x_wconf 86' lang='grc' dir='ltr'>τὸν</span> <span class='ocrx_word' id='word_1_58' title='bbox 483 891 728 962; x_wconf 83' lang='grc' dir='ltr'>οὐρανὸν</span> <span class='ocrx_word' id='word_1_59' title='bbox 770 893 1177 965; x_wconf 91' lang='grc' dir='ltr'>διεγνωσμένον</span> <span class='ocrx_word' id='word_1_60' title='bbox 1220 896 1531 964; x_wconf 80' lang='grc' dir='ltr'>ἐκκλησίαις</span> <span class='ocrx_word' id='word_1_61' title='bbox 1562 896 1781 964; x_wconf 79' lang='grc' dir='ltr'>πρῶτον</span> <span class='ocrx_word' id='word_1_62' title='bbox 1803 890 1953 949; x_wconf 65' lang='grc' dir='ltr'>’ἀνω-</span> 
     </span>
     <span class='ocr_line' id='line_1_11' title="bbox 283 973 1955 1049; baseline 0 -17"><span class='ocrx_word' id='word_1_63' title='bbox 283 993 324 1022; x_wconf 77' lang='lat'>10</span> <span class='ocrx_word' id='word_1_64' title='bbox 346 975 696 1048; x_wconf 88' lang='grc' dir='ltr'>μολογήσθω.</span> <span class='ocrx_word' id='word_1_65' title='bbox 759 973 842 1032; x_wconf 76' lang='grc' dir='ltr'>ὅτι</span> <span class='ocrx_word' id='word_1_66' title='bbox 873 1000 936 1047; x_wconf 89' lang='grc' dir='ltr'>γε</span> <span class='ocrx_word' id='word_1_67' title='bbox 965 975 1075 1048; x_wconf 84' lang='grc' dir='ltr'>μὴν</span> <span class='ocrx_word' id='word_1_68' title='bbox 1108 974 1350 1048; x_wconf 80' lang='grc' dir='ltr'>εὐλόγως</span> <span class='ocrx_word' id='word_1_69' title='bbox 1380 976 1517 1048; x_wconf 84' lang='grc' dir='ltr'>πρὸς</span> <span class='ocrx_word' id='word_1_70' title='bbox 1556 981 1667 1034; x_wconf 73' lang='grc' dir='ltr'>τῶν</span> <span class='ocrx_word' id='word_1_71' title='bbox 1707 974 1955 1049; x_wconf 74' lang='grc' dir='ltr'>ἀρχαίων</span> 
     </span>
     <span class='ocr_line' id='line_1_12' title="bbox 348 1059 1954 1135; baseline 0.001 -20"><span class='ocrx_word' id='word_1_72' title='bbox 348 1063 409 1117; x_wconf 83' lang='grc' dir='ltr'>ἐν</span> <span class='ocrx_word' id='word_1_73' title='bbox 431 1059 660 1133; x_wconf 76' lang='grc' dir='ltr'>τετάρτῃ</span> <span class='ocrx_word' id='word_1_74' title='bbox 683 1069 848 1135; x_wconf 74' lang='grc' dir='ltr'>’μοίρᾳ</span> <span class='ocrx_word' id='word_1_75' title='bbox 871 1064 983 1117; x_wconf 79' lang='grc' dir='ltr'>τῶν</span> <span class='ocrx_word' id='word_1_76' title='bbox 1006 1059 1191 1118; x_wconf 74' lang='grc' dir='ltr'>ἄλλων</span> <span class='ocrx_word' id='word_1_77' title='bbox 1213 1064 1382 1134; x_wconf 77' lang='grc' dir='ltr'>τριῶν</span> <span class='ocrx_word' id='word_1_78' title='bbox 1405 1067 1764 1132; x_wconf 89' lang='grc' dir='ltr'>κατείλεκται,</span> <span class='ocrx_word' id='word_1_79' title='bbox 1782 1059 1954 1133; x_wconf 81' lang='grc' dir='ltr'>ταύτῃ</span> 
     </span>
     <span class='ocr_line' id='line_1_13' title="bbox 346 1141 1957 1216; baseline 0.002 -18"><span class='ocrx_word' id='word_1_80' title='bbox 346 1141 417 1201; x_wconf 74' lang='grc' dir='ltr'>ἂν</span> <span class='ocrx_word' id='word_1_81' title='bbox 456 1146 668 1215; x_wconf 85' lang='grc' dir='ltr'>γένοιτο</span> <span class='ocrx_word' id='word_1_82' title='bbox 712 1150 896 1216; x_wconf 83' lang='grc' dir='ltr'>δῆλον.</span> <span class='ocrx_word' id='word_1_83' title='bbox 967 1150 1013 1201; x_wconf 76' lang='lat'>3.</span> <span class='ocrx_word' id='word_1_84' title='bbox 1059 1149 1116 1201; x_wconf 78' lang='lat' dir='ltr'>oc</span> <span class='ocrx_word' id='word_1_85' title='bbox 1150 1148 1438 1202; x_wconf 87' lang='grc' dir='ltr'>θεσπέσιοι</span> <span class='ocrx_word' id='word_1_86' title='bbox 1479 1147 1571 1202; x_wconf 88' lang='grc' dir='ltr'>καὶ</span> <span class='ocrx_word' id='word_1_87' title='bbox 1613 1145 1685 1211; x_wconf 78' lang='grc' dir='ltr'>ὠς</span> <span class='ocrx_word' id='word_1_88' title='bbox 1728 1143 1957 1216; x_wconf 69' lang='grc' dir='ltr'>άληθῶς</span> 
     </span>
     <span class='ocr_line' id='line_1_14' title="bbox 346 1228 2005 1302; baseline 0.001 -18"><span class='ocrx_word' id='word_1_89' title='bbox 346 1238 711 1298; x_wconf 79' lang='grc' dir='ltr'>θεοπρεπεῑς,</span> <span class='ocrx_word' id='word_1_90' title='bbox 753 1230 894 1300; x_wconf 83' lang='grc' dir='ltr'>φημὶ</span> <span class='ocrx_word' id='word_1_91' title='bbox 938 1229 999 1284; x_wconf 75' lang='grc' dir='ltr'>δὲ</span> <span class='ocrx_word' id='word_1_92' title='bbox 1030 1233 1128 1285; x_wconf 91' lang='grc' dir='ltr'>τοῦ</span> <span class='ocrx_word' id='word_1_93' title='bbox 1161 1234 1402 1302; x_wconf 83' lang='grc' dir='ltr'>Χριστοῦ</span> <span class='ocrx_word' id='word_1_94' title='bbox 1433 1229 1559 1296; x_wconf 80' lang='grc' dir='ltr'>τοὺς</span> <span class='ocrx_word' id='word_1_95' title='bbox 1591 1228 1952 1300; x_wconf 73' lang='grc' dir='ltr'>ἀποστόλους,</span> <span class='ocrx_word' id='word_1_96' title='bbox 2002 1275 2005 1278; x_wconf 86' lang='grc'><em>.</em></span> 
     </span>
     <span class='ocr_line' id='line_1_15' title="bbox 346 1310 1954 1412; baseline 0.001 -45"><span class='ocrx_word' id='word_1_97' title='bbox 346 1311 442 1368; x_wconf 86' lang='grc' dir='ltr'>τὸν</span> <span class='ocrx_word' id='word_1_98' title='bbox 472 1318 598 1412; x_wconf 82' lang='grc' dir='ltr'>βίον</span> <span class='ocrx_word' id='word_1_99' title='bbox 629 1310 810 1385; x_wconf 79' lang='grc' dir='ltr'>ἄκρως</span> <span class='ocrx_word' id='word_1_100' title='bbox 840 1316 1311 1385; x_wconf 82' lang='grc' dir='ltr'>κεκαρθαρμένοι,</span> <span class='ocrx_word' id='word_1_101' title='bbox 1353 1317 1444 1369; x_wconf 85' lang='grc' dir='ltr'>καὶ</span> <span class='ocrx_word' id='word_1_102' title='bbox 1475 1313 1643 1386; x_wconf 79' lang='grc' dir='ltr'>αρετῇ</span> <span class='ocrx_word' id='word_1_103' title='bbox 1676 1311 1825 1387; x_wconf 79' lang='grc' dir='ltr'>πάσῃ</span> <span class='ocrx_word' id='word_1_104' title='bbox 1857 1336 1954 1379; x_wconf 93' lang='grc' dir='ltr'>τας</span> 
     </span>
     <span class='ocr_line' id='line_1_16' title="bbox 282 1395 1956 1470; baseline 0 -18"><span class='ocrx_word' id='word_1_105' title='bbox 282 1410 324 1442; x_wconf 84' lang='lat'>15</span> <span class='ocrx_word' id='word_1_106' title='bbox 348 1395 526 1469; x_wconf 79' lang='grc' dir='ltr'>ψυχὰς</span> <span class='ocrx_word' id='word_1_107' title='bbox 568 1399 993 1469; x_wconf 81' lang='grc' dir='ltr'>κεκοσμημένοι,</span> <span class='ocrx_word' id='word_1_108' title='bbox 1036 1395 1138 1468; x_wconf 80' lang='grc' dir='ltr'>τὴν</span> <span class='ocrx_word' id='word_1_109' title='bbox 1179 1398 1239 1454; x_wconf 88' lang='grc' dir='ltr'>δε</span> <span class='ocrx_word' id='word_1_110' title='bbox 1279 1401 1528 1470; x_wconf 77' lang='grc' dir='ltr'>γλῶτταν</span> <span class='ocrx_word' id='word_1_111' title='bbox 1559 1397 1956 1468; x_wconf 88' lang='grc' dir='ltr'>ι’διωτευοντες,</span> 
     </span>
     <span class='ocr_line' id='line_1_17' title="bbox 345 1478 1958 1555; baseline 0.001 -19"><span class='ocrx_word' id='word_1_112' title='bbox 345 1483 415 1554; x_wconf 80' lang='grc' dir='ltr'>τῇ</span> <span class='ocrx_word' id='word_1_113' title='bbox 445 1503 507 1553; x_wconf 90' lang='grc' dir='ltr'>γε</span> <span class='ocrx_word' id='word_1_114' title='bbox 536 1478 648 1554; x_wconf 84' lang='grc' dir='ltr'>μὴν</span> <span class='ocrx_word' id='word_1_115' title='bbox 676 1478 815 1553; x_wconf 83' lang='grc' dir='ltr'>πρὸς</span> <span class='ocrx_word' id='word_1_116' title='bbox 845 1487 943 1538; x_wconf 87' lang='grc' dir='ltr'>τοῦ</span> <span class='ocrx_word' id='word_1_117' title='bbox 967 1487 1209 1554; x_wconf 85' lang='grc' dir='ltr'>σωτῆρος</span> <span class='ocrx_word' id='word_1_118' title='bbox 1234 1480 1422 1548; x_wconf 79' lang='grc' dir='ltr'>αὐτοῖς</span> <span class='ocrx_word' id='word_1_119' title='bbox 1447 1483 1803 1555; x_wconf 86' lang='grc' dir='ltr'>δεδωρημένῃ</span> <span class='ocrx_word' id='word_1_120' title='bbox 1826 1488 1958 1538; x_wconf 88' lang='grc' dir='ltr'>θεία</span> 
     </span>
     <span class='ocr_line' id='line_1_18' title="bbox 348 1564 2026 1642; baseline 0.001 -22"><span class='ocrx_word' id='word_1_121' title='bbox 348 1567 439 1621; x_wconf 86' lang='grc' dir='ltr'>καὶ</span> <span class='ocrx_word' id='word_1_122' title='bbox 481 1569 905 1642; x_wconf 74' lang='grc' dir='ltr'>παραδοξοποιςό</span> <span class='ocrx_word' id='word_1_123' title='bbox 947 1565 1180 1638; x_wconf 89' lang='grc' dir='ltr'>δυνάμει</span> <span class='ocrx_word' id='word_1_124' title='bbox 1217 1572 1588 1639; x_wconf 87' lang='grc' dir='ltr'>θαρσοῦντες,</span> <span class='ocrx_word' id='word_1_125' title='bbox 1642 1564 1701 1622; x_wconf 88' lang='grc' dir='ltr'>τὸ</span> <span class='ocrx_word' id='word_1_126' title='bbox 1741 1589 1845 1638; x_wconf 90' lang='grc' dir='ltr'>μεν</span> <span class='ocrx_word' id='word_1_127' title='bbox 1898 1569 1956 1622; x_wconf 81' lang='grc' dir='ltr'>ἐν</span> <span class='ocrx_word' id='word_1_128' title='bbox 2024 1620 2026 1622; x_wconf 78' lang='grc'>,</span> 
     </span>
     <span class='ocr_line' id='line_1_19' title="bbox 347 1649 1956 1725; baseline 0 -20"><span class='ocrx_word' id='word_1_129' title='bbox 347 1656 602 1725; x_wconf 76' lang='grc' dir='ltr'>περινοίᾳ</span> <span class='ocrx_word' id='word_1_130' title='bbox 632 1653 724 1706; x_wconf 88' lang='grc' dir='ltr'>καὶ</span> <span class='ocrx_word' id='word_1_131' title='bbox 754 1652 917 1725; x_wconf 82' lang='grc' dir='ltr'>τέχνῃ</span> <span class='ocrx_word' id='word_1_132' title='bbox 949 1649 1130 1722; x_wconf 88' lang='grc' dir='ltr'>λόγων</span> <span class='ocrx_word' id='word_1_133' title='bbox 1159 1649 1225 1707; x_wconf 77' lang='grc' dir='ltr'>τὰ</span> <span class='ocrx_word' id='word_1_134' title='bbox 1255 1655 1352 1708; x_wconf 88' lang='grc' dir='ltr'>τοῦ</span> <span class='ocrx_word' id='word_1_135' title='bbox 1397 1649 1736 1707; x_wconf 78' lang='grc' dir='ltr'>διδασκάλου</span> <span class='ocrx_word' id='word_1_136' title='bbox 1776 1649 1956 1722; x_wconf 79' lang='grc' dir='ltr'>μαθή-</span> 
     </span>
     <span class='ocr_line' id='line_1_20' title="bbox 348 1732 2021 1808; baseline 0.001 -19"><span class='ocrx_word' id='word_1_137' title='bbox 348 1757 491 1805; x_wconf 88' lang='grc' dir='ltr'>ματα</span> <span class='ocrx_word' id='word_1_138' title='bbox 531 1733 864 1807; x_wconf 83' lang='grc' dir='ltr'>πρεσβεύειν</span> <span class='ocrx_word' id='word_1_139' title='bbox 905 1733 1031 1791; x_wconf 73' lang='grc' dir='ltr'>οὔτε</span> <span class='ocrx_word' id='word_1_140' title='bbox 1070 1733 1284 1808; x_wconf 76' lang='grc' dir='ltr'>ᾔδεσαν</span> <span class='ocrx_word' id='word_1_141' title='bbox 1324 1732 1450 1792; x_wconf 85' lang='grc' dir='ltr'>οῦτε</span> <span class='ocrx_word' id='word_1_142' title='bbox 1493 1738 1839 1807; x_wconf 83' lang='grc' dir='ltr'>ἐνεχείρουν,</span> <span class='ocrx_word' id='word_1_143' title='bbox 1893 1758 1960 1808; x_wconf 80' lang='grc' dir='ltr'>τῃ</span> <span class='ocrx_word' id='word_1_144' title='bbox 2019 1752 2021 1754; x_wconf 76' lang='grc'><strong>’</strong></span> 
     </span>
     <span class='ocr_line' id='line_1_21' title="bbox 282 1816 1958 1892; baseline 0.001 -19"><span class='ocrx_word' id='word_1_145' title='bbox 282 1833 326 1864; x_wconf 80' lang='lat'>20</span> <span class='ocrx_word' id='word_1_146' title='bbox 352 1818 412 1874; x_wconf 74' lang='grc' dir='ltr'>δὲ</span> <span class='ocrx_word' id='word_1_147' title='bbox 451 1823 551 1874; x_wconf 91' lang='grc' dir='ltr'>τοῦ</span> <span class='ocrx_word' id='word_1_148' title='bbox 589 1824 755 1876; x_wconf 83' lang='grc' dir='ltr'>θείου</span> <span class='ocrx_word' id='word_1_149' title='bbox 796 1818 1105 1892; x_wconf 82' lang='grc' dir='ltr'>πνεύματος</span> <span class='ocrx_word' id='word_1_150' title='bbox 1155 1824 1253 1875; x_wconf 89' lang='grc' dir='ltr'>τοῦ</span> <span class='ocrx_word' id='word_1_151' title='bbox 1305 1825 1707 1890; x_wconf 83' lang='grc' dir='ltr'>συνεργοῦντος</span> <span class='ocrx_word' id='word_1_152' title='bbox 1757 1816 1958 1883; x_wconf 61' lang='grc' dir='ltr'>αὐτοῖς’</span> 
     </span>
     <span class='ocr_line' id='line_1_22' title="bbox 347 1899 1955 1977; baseline 0 -19"><span class='ocrx_word' id='word_1_153' title='bbox 347 1899 631 1970; x_wconf 71' lang='grc' dir='ltr'>ἀποδείξει</span> <span class='ocrx_word' id='word_1_154' title='bbox 673 1906 765 1960; x_wconf 84' lang='grc' dir='ltr'>καὶ</span> <span class='ocrx_word' id='word_1_155' title='bbox 808 1907 874 1976; x_wconf 80' lang='grc' dir='ltr'>τῇ</span> <span class='ocrx_word' id='word_1_156' title='bbox 918 1901 990 1960; x_wconf 79' lang='grc' dir='ltr'>δι’</span> <span class='ocrx_word' id='word_1_157' title='bbox 1038 1902 1225 1959; x_wconf 77' lang='grc' dir='ltr'>αὐτῶν</span> <span class='ocrx_word' id='word_1_158' title='bbox 1276 1907 1686 1977; x_wconf 85' lang='grc' dir='ltr'>συντελουμένῃ</span> <span class='ocrx_word' id='word_1_159' title='bbox 1738 1913 1955 1976; x_wconf 87' lang='grc' dir='ltr'>θαυμα-</span> 
     </span>
     <span class='ocr_line' id='line_1_23' title="bbox 348 1986 1957 2062; baseline 0.002 -21"><span class='ocrx_word' id='word_1_160' title='bbox 348 1992 565 2062; x_wconf 78' lang='grc' dir='ltr'>τουργῷ</span> <span class='ocrx_word' id='word_1_161' title='bbox 595 1993 693 2044; x_wconf 89' lang='grc' dir='ltr'>τοῦ</span> <span class='ocrx_word' id='word_1_162' title='bbox 716 1994 959 2059; x_wconf 86' lang='grc' dir='ltr'>Χριστοῦ</span> <span class='ocrx_word' id='word_1_163' title='bbox 986 1986 1216 2059; x_wconf 76' lang='grc' dir='ltr'>δυνάμει</span> <span class='ocrx_word' id='word_1_164' title='bbox 1240 1986 1381 2061; x_wconf 81' lang='grc' dir='ltr'>μόνῃ</span> <span class='ocrx_word' id='word_1_165' title='bbox 1407 1986 1696 2060; x_wconf 73' lang='grc' dir='ltr'>χρεόμενοι,</span> <span class='ocrx_word' id='word_1_166' title='bbox 1730 1993 1823 2059; x_wconf 87' lang='grc' dir='ltr'>τῆς</span> <span class='ocrx_word' id='word_1_167' title='bbox 1846 1989 1957 2055; x_wconf 68' lang='grc' dir='ltr'>τῶν</span> 
     </span>
     <span class='ocr_line' id='line_1_24' title="bbox 348 2068 1955 2144; baseline 0.001 -18"><span class='ocrx_word' id='word_1_168' title='bbox 348 2068 609 2142; x_wconf 78' lang='grc' dir='ltr'>οὐρανῶν</span> <span class='ocrx_word' id='word_1_169' title='bbox 639 2077 923 2142; x_wconf 88' lang='grc' dir='ltr'>βασιλείας</span> <span class='ocrx_word' id='word_1_170' title='bbox 952 2071 1055 2142; x_wconf 81' lang='grc' dir='ltr'>τὴν</span> <span class='ocrx_word' id='word_1_171' title='bbox 1085 2076 1297 2142; x_wconf 76' lang='grc' dir='ltr'>γνῶσιν</span> <span class='ocrx_word' id='word_1_172' title='bbox 1329 2074 1418 2128; x_wconf 82' lang='grc' dir='ltr'>ἐπὶ</span> <span class='ocrx_word' id='word_1_173' title='bbox 1448 2078 1631 2128; x_wconf 82' lang='grc' dir='ltr'>πᾶσαν</span> <span class='ocrx_word' id='word_1_174' title='bbox 1661 2071 1955 2144; x_wconf 87' lang='grc' dir='ltr'>κατήγγελ-</span> 
     </span>
     <span class='ocr_line' id='line_1_25' title="bbox 351 2152 1954 2228; baseline 0.001 -19"><span class='ocrx_word' id='word_1_175' title='bbox 351 2162 449 2210; x_wconf 91' lang='grc' dir='ltr'>λον</span> <span class='ocrx_word' id='word_1_176' title='bbox 479 2152 580 2225; x_wconf 83' lang='grc' dir='ltr'>την</span> <span class='ocrx_word' id='word_1_177' title='bbox 611 2158 970 2227; x_wconf 80' lang='grc' dir='ltr'>οἰκουμένην,</span> <span class='ocrx_word' id='word_1_178' title='bbox 1014 2160 1261 2227; x_wconf 82' lang='grc' dir='ltr'>σπουδῆς</span> <span class='ocrx_word' id='word_1_179' title='bbox 1301 2160 1396 2227; x_wconf 85' lang='grc' dir='ltr'>τῆς</span> <span class='ocrx_word' id='word_1_180' title='bbox 1436 2157 1562 2227; x_wconf 85' lang='grc' dir='ltr'>περὶ</span> <span class='ocrx_word' id='word_1_181' title='bbox 1601 2154 1661 2212; x_wconf 86' lang='grc' dir='ltr'>τὸ</span> <span class='ocrx_word' id='word_1_182' title='bbox 1693 2164 1954 2228; x_wconf 90' lang='grc' dir='ltr'>λογογρα-</span> 
     </span>
     <span class='ocr_line' id='line_1_26' title="bbox 286 2236 1957 2312; baseline 0.002 -19"><span class='ocrx_word' id='word_1_183' title='bbox 286 2253 328 2285; x_wconf 83' lang='lat'>25</span> <span class='ocrx_word' id='word_1_184' title='bbox 352 2252 483 2307; x_wconf 82' lang='grc' dir='ltr'>φεῑν</span> <span class='ocrx_word' id='word_1_185' title='bbox 507 2236 708 2310; x_wconf 77' lang='grc' dir='ltr'>μικράν</span> <span class='ocrx_word' id='word_1_186' title='bbox 731 2237 1055 2311; x_wconf 80' lang='grc' dir='ltr'>ποιούμενοι</span> <span class='ocrx_word' id='word_1_187' title='bbox 1079 2244 1367 2312; x_wconf 81' lang='grc' dir='ltr'>φροντίδα.</span> <span class='ocrx_word' id='word_1_188' title='bbox 1399 2244 1447 2296; x_wconf 80' lang='lat'>4.</span> <span class='ocrx_word' id='word_1_189' title='bbox 1469 2242 1559 2296; x_wconf 87' lang='grc' dir='ltr'>καὶ</span> <span class='ocrx_word' id='word_1_190' title='bbox 1583 2237 1729 2296; x_wconf 82' lang='grc' dir='ltr'>τοῦτ’</span> <span class='ocrx_word' id='word_1_191' title='bbox 1755 2247 1957 2312; x_wconf 81' lang='grc' dir='ltr'>ἔπρατ-</span> 
     </span>
     <span class='ocr_line' id='line_1_27' title="bbox 348 2320 1956 2398; baseline 0.001 -20"><span class='ocrx_word' id='word_1_192' title='bbox 348 2345 445 2378; x_wconf 93' lang='grc' dir='ltr'>τον</span> <span class='ocrx_word' id='word_1_193' title='bbox 475 2320 569 2378; x_wconf 77' lang='grc' dir='ltr'>ἅτε</span> <span class='ocrx_word' id='word_1_194' title='bbox 599 2330 804 2394; x_wconf 85' lang='grc' dir='ltr'>μείζονι</span> <span class='ocrx_word' id='word_1_195' title='bbox 835 2324 925 2378; x_wconf 85' lang='grc' dir='ltr'>καὶ</span> <span class='ocrx_word' id='word_1_196' title='bbox 956 2322 1097 2395; x_wconf 73' lang='grc' dir='ltr'>ὑπὲρ</span> <span class='ocrx_word' id='word_1_197' title='bbox 1128 2320 1432 2395; x_wconf 74' lang='grc' dir='ltr'>ἄνθρωπον</span> <span class='ocrx_word' id='word_1_198' title='bbox 1464 2322 1956 2398; x_wconf 79' lang='grc' dir='ltr'>ἐξυπηρετούμενοι</span> 
     </span>
     <span class='ocr_line' id='line_1_28' title="bbox 354 2406 1956 2483; baseline 0.002 -22"><span class='ocrx_word' id='word_1_199' title='bbox 354 2411 624 2481; x_wconf 79' lang='grc' dir='ltr'>διακονία.</span> <span class='ocrx_word' id='word_1_200' title='bbox 686 2406 714 2462; x_wconf 85' lang='grc' dir='ltr'>ὁ</span> <span class='ocrx_word' id='word_1_201' title='bbox 746 2410 884 2478; x_wconf 84' lang='grc' dir='ltr'>γοῦν</span> <span class='ocrx_word' id='word_1_202' title='bbox 914 2413 1137 2473; x_wconf 91' lang='grc' dir='ltr'>Παῦλος</span> <span class='ocrx_word' id='word_1_203' title='bbox 1168 2406 1394 2466; x_wconf 87' lang='grc' dir='ltr'>πάντων</span> <span class='ocrx_word' id='word_1_204' title='bbox 1426 2411 1485 2465; x_wconf 82' lang='grc' dir='ltr'>ἐν</span> <span class='ocrx_word' id='word_1_205' title='bbox 1516 2411 1841 2483; x_wconf 82' lang='grc' dir='ltr'>παρασκευῇ</span> <span class='ocrx_word' id='word_1_206' title='bbox 1870 2407 1956 2464; x_wconf 92' lang='grc' dir='ltr'>λό-</span> 
     </span>
     <span class='ocr_line' id='line_1_29' title="bbox 350 2490 1954 2565; baseline 0.003 -20"><span class='ocrx_word' id='word_1_207' title='bbox 350 2514 466 2562; x_wconf 91' lang='grc' dir='ltr'>γων</span> <span class='ocrx_word' id='word_1_208' title='bbox 510 2490 892 2558; x_wconf 75' lang='grc' dir='ltr'>δυνατώτατος</span> <span class='ocrx_word' id='word_1_209' title='bbox 935 2490 1174 2564; x_wconf 79' lang='grc' dir='ltr'>νοήμασί</span> <span class='ocrx_word' id='word_1_210' title='bbox 1209 2517 1266 2548; x_wconf 88' lang='grc' dir='ltr'>τε</span> <span class='ocrx_word' id='word_1_211' title='bbox 1309 2491 1642 2559; x_wconf 75' lang='grc' dir='ltr'>ἱκανώτατος</span> <span class='ocrx_word' id='word_1_212' title='bbox 1695 2491 1954 2565; x_wconf 74' lang='grc' dir='ltr'>γεγονώς,</span> 
     </span>
     <span class='ocr_line' id='line_1_30' title="bbox 351 2570 1955 2651; baseline 0.001 -21"><span class='ocrx_word' id='word_1_213' title='bbox 351 2570 418 2630; x_wconf 76' lang='grc' dir='ltr'>οὗ</span> <span class='ocrx_word' id='word_1_214' title='bbox 453 2575 620 2631; x_wconf 85' lang='grc' dir='ltr'>πλέον</span> <span class='ocrx_word' id='word_1_215' title='bbox 659 2579 771 2632; x_wconf 72' lang='grc' dir='ltr'>τῶν</span> <span class='ocrx_word' id='word_1_216' title='bbox 812 2575 1173 2648; x_wconf 86' lang='grc' dir='ltr'>βραχυτάτων</span> <span class='ocrx_word' id='word_1_217' title='bbox 1214 2579 1519 2635; x_wconf 73' lang='grc' dir='ltr'>ἐπιστολῶν</span> <span class='ocrx_word' id='word_1_218' title='bbox 1556 2580 1745 2651; x_wconf 80' lang='grc' dir='ltr'>γραφῇ</span> <span class='ocrx_word' id='word_1_219' title='bbox 1783 2599 1955 2649; x_wconf 89' lang='grc' dir='ltr'>παρα-</span> 
     </span>
     <span class='ocr_line' id='line_1_31' title="bbox 286 2658 1954 2735; baseline 0.003 -21"><span class='ocrx_word' id='word_1_220' title='bbox 286 2673 329 2704; x_wconf 87' lang='lat'>30</span> <span class='ocrx_word' id='word_1_221' title='bbox 355 2660 591 2729; x_wconf 85' lang='grc' dir='ltr'>δέδωκε,</span> <span class='ocrx_word' id='word_1_222' title='bbox 633 2665 809 2716; x_wconf 88' lang='grc' dir='ltr'>καίτοι</span> <span class='ocrx_word' id='word_1_223' title='bbox 849 2667 1020 2732; x_wconf 89' lang='grc' dir='ltr'>μυρία</span> <span class='ocrx_word' id='word_1_224' title='bbox 1050 2683 1113 2731; x_wconf 90' lang='grc' dir='ltr'>γε</span> <span class='ocrx_word' id='word_1_225' title='bbox 1144 2663 1236 2716; x_wconf 88' lang='grc' dir='ltr'>καὶ</span> <span class='ocrx_word' id='word_1_226' title='bbox 1268 2658 1550 2735; x_wconf 86' lang='grc' dir='ltr'>άπόρρητα</span> <span class='ocrx_word' id='word_1_227' title='bbox 1582 2663 1763 2733; x_wconf 85' lang='grc' dir='ltr'>λέγειν</span> <span class='ocrx_word' id='word_1_228' title='bbox 1795 2666 1954 2734; x_wconf 79' lang='grc' dir='ltr'>ἔχων,</span> 
     </span>
     <span class='ocr_line' id='line_1_32' title="bbox 352 2738 1956 2818; baseline 0.002 -20"><span class='ocrx_word' id='word_1_229' title='bbox 352 2739 447 2799; x_wconf 77' lang='grc' dir='ltr'>ἅτε</span> <span class='ocrx_word' id='word_1_230' title='bbox 476 2749 587 2802; x_wconf 78' lang='grc' dir='ltr'>τῶν</span> <span class='ocrx_word' id='word_1_231' title='bbox 617 2746 802 2817; x_wconf 89' lang='grc' dir='ltr'>μέχρις</span> <span class='ocrx_word' id='word_1_232' title='bbox 832 2741 1077 2816; x_wconf 78' lang='grc' dir='ltr'>οὐρανοῦ</span> <span class='ocrx_word' id='word_1_233' title='bbox 1105 2751 1291 2815; x_wconf 90' lang='grc' dir='ltr'>τρίτου</span> <span class='ocrx_word' id='word_1_234' title='bbox 1322 2738 1703 2818; x_wconf 79' lang='grc' dir='ltr'>θεωρημάτων</span> <span class='ocrx_word' id='word_1_235' title='bbox 1725 2743 1956 2813; x_wconf 79' lang='grc' dir='ltr'>ἐπιψαῦ-</span> 
     </span>
     <span class='ocr_line' id='line_1_33' title="bbox 296 2825 1954 2903; baseline 0.001 -20"><span class='ocrx_word' id='word_1_236' title='bbox 296 2832 299 2835; x_wconf 68' lang='grc'><em>’</em></span> <span class='ocrx_word' id='word_1_237' title='bbox 351 2845 478 2899; x_wconf 86' lang='grc' dir='ltr'>σας,</span> <span class='ocrx_word' id='word_1_238' title='bbox 521 2825 604 2884; x_wconf 76' lang='grc' dir='ltr'>ἐπ’</span> <span class='ocrx_word' id='word_1_239' title='bbox 651 2827 822 2886; x_wconf 83' lang='grc' dir='ltr'>αὐτόν</span> <span class='ocrx_word' id='word_1_240' title='bbox 864 2852 922 2885; x_wconf 86' lang='grc' dir='ltr'>τε</span> <span class='ocrx_word' id='word_1_241' title='bbox 965 2828 1062 2886; x_wconf 87' lang='grc' dir='ltr'>τὸν</span> <span class='ocrx_word' id='word_1_242' title='bbox 1100 2833 1386 2903; x_wconf 79' lang='grc' dir='ltr'>θεοπρεπῆ</span> <span class='ocrx_word' id='word_1_243' title='bbox 1419 2829 1757 2902; x_wconf 87' lang='grc' dir='ltr'>παράδεισον</span> <span class='ocrx_word' id='word_1_244' title='bbox 1787 2827 1954 2903; x_wconf 79' lang='grc' dir='ltr'>ἀναρ-</span> 
     </span>
    </p>
   </div>
  </div>
 </body>
</html>
