1986 3152
268 76 372 128 234
933 69 1183 111 EUSEBH

131 171 144 194 ⁸
250 189 398 248 “vo-522
435 187 508 261 μὴ
548 181 914 260 τηρούντων.”
997 188 1076 240 18.
1121 181 1269 239 καὶὸ
1300 183 1403 255 μὲν
1433 189 1731 257 Εἰρηναῖος
1762 207 1859 255 φε-

257 270 507 345 ρώνυμός
547 294 626 335 τις
668 266 747 325 ὢν
786 270 853 340 τῇ
883 272 1252 342 προσηγορίᾳ,
1296 263 1447 343 αὐτῷ
1481 290 1539 324 τε
1569 269 1647 342 τῷ
1675 267 1858 344 τρόπῳ

259 352 627 427 εἰρηνοποιὸς,
674 355 898 408 τοιαῦτα
936 346 1074 423 ὑπὲρ
1107 354 1201 422 τῆς
1231 355 1343 407 τῶν
1375 354 1680 422 ἐκκλησιῶν
1713 349 1858 426 εἰρή-

255 463 352 511 νης
403 435 697 507 παρεκάλει
749 458 807 491 τε
847 437 937 491 καὶ
980 437 1326 506 ἐπρέσβευεν.
1409 433 1437 490 ὁ
1484 432 1538 491 δ’
1586 431 1750 502 αὐτὸς
1791 433 1859 492 οὐ

214 542 234 572 5
255 522 424 596 μόνον
447 525 521 596 τῷ
547 527 787 592 Βίκτορι,
821 521 912 575 καὶ
945 517 1230 593 διαφόροις
1265 519 1326 574 δὲ
1356 524 1632 584 πλείστοις
1662 515 1860 592 ἄρχου-

256 626 346 664 σιν
386 609 691 678 ἐκκλησιῶν
721 602 786 660 τὰ
816 602 1125 675 κατάλληλα
1159 601 1232 659 δι’
1272 606 1576 660 ἐπιστολῶν
1607 604 1733 676 περὶ
1763 605 1863 660 τοῦ

254 691 616 761 κεκινημένου
648 686 942 761 ζητήματος
975 683 1180 760 ὡμίλει.

380 785 521 833 XXV.
577 783 705 849 [Nic.
734 783 792 832 H.
821 782 875 831 E.
903 783 979 839 lv,
1008 780 1116 848 36]
1198 776 1274 828 Οἵ
1300 795 1360 843 γε
1390 771 1500 844 μὴν
1534 772 1622 828 ἐπὶ
1652 779 1861 830 Παλαι-

254 863 466 930 στίνης,
509 855 605 922 οὓς
647 855 847 930 ἀρτίως
887 855 1327 928 διεληλύθαμεν,
1372 852 1401 912 ὅ
1443 878 1502 912 τε
1544 853 1862 930 Νάρκισσος

192 959 232 990 10
256 944 346 998 καὶ
381 940 676 1013 Θεόφιλος,
705 942 796 997 καὶ
828 938 933 996 σὺν
963 936 1151 1006 αὐτοῖς
1183 938 1424 1005 Κάσσιος
1454 945 1548 1012 τῆς
1580 938 1717 996 κατὰ
1757 938 1860 997 Τύ-

255 1050 354 1098 ρον
387 1029 675 1097 ἐκκλησίας
708 1027 1028 1097 ἐπίσκοπος,
1062 1026 1153 1080 καὶ
1185 1023 1402 1097 Κλάρος
1432 1026 1527 1096 τῆς
1560 1027 1620 1081 ἐν
1650 1031 1863 1082 Πτολε-

254 1115 438 1181 μαΐδι,
490 1114 546 1165 οἳ
586 1132 643 1167 τε
684 1107 818 1181 μετὰ
859 1106 1072 1165 τούτων
1114 1106 1556 1180 συνεληλυθότες
1598 1109 1723 1182 περὶ
1766 1113 1861 1180 τῆς

254 1191 627 1265 κατελθούσης
670 1198 745 1260 εἰς
778 1190 981 1259 αὐτούς
1014 1196 1073 1249 ἐκ
1105 1195 1366 1265 διαδοχῆς
1397 1195 1508 1248 τῶν
1537 1188 1857 1248 ἀποστόλων

253 1279 380 1351 περὶ
435 1282 533 1333 τοῦ
585 1275 768 1350 πάσχα
819 1275 1177 1348 παραδόσεως
1223 1283 1455 1332 πλεῖστα
1502 1273 1861 1348 διειληφότες,

191 1376 231 1408 15
257 1358 390 1418 κατά
421 1359 480 1417 τό
512 1363 663 1427 τέλος
693 1366 788 1433 τῆς
819 1364 1035 1434 γραφῆς
1067 1359 1254 1426 αὐτοῖς
1286 1360 1525 1433 ῥήμασιν
1551 1362 1863 1432 ἐπιλέγουσι

252 1470 420 1502 ταυτα
462 1441 576 1514 τῆς
602 1442 657 1502 δ’
686 1448 970 1518 ἐπιστολῆς
997 1443 1155 1517 ἡμων
1177 1442 1480 1516 πειράθητε
1511 1443 1648 1500 κατὰ
1679 1447 1863 1501 πᾶσαν

242 1528 578 1602 “ἐκκλησίαν
602 1526 917 1603 αντίγραφα
943 1530 1382 1601 διαπέμψασθαι,
1413 1528 1561 1595 ὅπως
1585 1527 1658 1601 μὴ
1683 1534 1863 1600 ἔνοχοι

243 1609 432 1716 ἕωμεν
461 1628 574 1680 τοῖς
605 1618 814 1688 ραδίως
845 1618 1132 1670 πλανῶσιν
1155 1615 1369 1670 ἕαυτων
1391 1637 1486 1679 τας
1510 1612 1703 1685 ψυχάς.
1768 1617 1862 1684 δη-

243 1695 491 1769 “λοῦμεν
534 1699 594 1754 δε
634 1696 769 1770 υμῖν
805 1696 886 1754 ὅτι
927 1702 992 1772 τῇ
1025 1693 1169 1770 αυτῇ
1198 1695 1373 1772 ἡμέρα
1403 1698 1495 1753 καὶ
1528 1700 1587 1754 ἐν
1610 1695 1863 1764 Ἀλεξαν-

189 1780 259 1829 20‘
243 1777 442 1884 “δρεία
473 1779 732 1855 άγουσιν,
778 1774 918 1856 ᾗπερ
951 1784 1042 1839 καὶ
1072 1780 1243 1854 ἡμεῖς.
1309 1779 1438 1854 παρ’
1474 1805 1632 1854 ημων
1662 1779 1767 1854 γὰρ
1797 1779 1860 1836 τοὶ

242 1863 571 1968 Ξῖγράμματα
622 1873 893 1939 κομίζεται
934 1864 1123 1933 αὐτοῖς
1168 1867 1254 1922 καὶ
1300 1863 1435 1938 ἡμῖν
1478 1861 1612 1935 παρ’
1658 1863 1861 1935 αὐτων,

242 1946 423 2051 ἱαίστε
474 1949 786 2023 συμφώνως
839 1952 930 2006 καὶ
979 1948 1116 2022 ὁμοῦ
1164 1948 1322 2021 άγειν
1367 1948 1507 2040 ἡμας
1549 1947 1652 2022 τὴν
1693 1946 1862 2021 ἁγίαν

245 2028 526 2105 “ἡμε’ραν.’

383 2128 547 2176 XXVI.
616 2115 780 2173 Ἀλλα
819 2141 923 2189 γαρ
966 2115 1101 2189 πρὸς
1140 2129 1254 2182 τοῖς
1293 2116 1658 2173 ἆποδοθεῖσιν
1690 2121 1864 2189 Εἰρη-

187 2214 232 2245 25
254 2204 416 2256 ναίου
459 2198 845 2272 συγγράμμασι
886 2202 976 2256 καὶ
1018 2214 1136 2266 ταῖς
1179 2202 1490 2267 ἐπιστολαῖς
1523 2203 1756 2273 φέρεταί
1782 2224 1863 2267 τις

254 2281 428 2340 αὐτοῦ
456 2281 591 2356 πρὸς
608 2282 874 2356 Ἕλληνας
906 2281 1065 2355 λόγος
1097 2283 1512 2357 συντομώτατος
1543 2286 1634 2341 καὶ
1666 2283 1730 2340 τὰ
1758 2283 1862 2358 μά-

255 2375 410 2423 λιστα
433 2363 878 2439 ἀναγκαιότατος,
897 2370 1022 2440 περὶ
1050 2367 1344 2441 ἐπιστήμης
1372 2371 1860 2443 ἐπιγεγραμμένος·

254 2452 347 2507 καὶ
389 2448 552 2518 ἄλλος
591 2449 657 2508 ὃν
697 2449 1057 2510 ἀνατέθεικεν
1095 2449 1348 2529 ἀδελφῷ,
1395 2457 1703 2529 Μαρκιανςό
1733 2450 1864 2510 ‘coh'-

252 2559 412 2608 νομα,
448 2541 524 2600 εἰς
558 2538 830 2603 ἐπίδειξεν
853 2542 950 2592 τοῦ
975 2535 1341 2594 ἀποστολικοῦ
1366 2536 1737 2610 κηρύγματος·
1770 2537 1860 2592 καὶ

187 2635 233 2668 30
255 2624 474 2691 βιβλίον
531 2643 581 2676 τι
643 2621 940 2688 διαλέξεων
993 2619 1311 2694 διαφόρων,
1374 2624 1432 2678 ἐν
1486 2645 1528 2678 ω
1580 2624 1675 2693 τῆς
1727 2619 1862 2693 πρὸς

246 2699 537 2787 Εβραίους
580 2706 866 2775 ἐπιστολῆς
906 2706 997 2761 καὶ
1038 2709 1131 2778 τῆς
1175 2707 1472 2778 λεγομένης
1505 2710 1718 2778 Σοφίας
1751 2713 1862 2762 Σο-
1942 2724 1946 2725 ’

253 2791 497 2860 λομῶνος
528 2786 881 2861 μνημονεύει,
922 2787 1059 2861 ρητά
1088 2813 1212 2846 τινα
1245 2792 1298 2857 ἐξ
1330 2788 1517 2847 αὐτων
1547 2789 1860 2861 παραθέμε-
