<?xml version="1.0" encoding="UTF-8"?>
<!DOCTYPE html PUBLIC "-//W3C//DTD XHTML 1.0 Transitional//EN"
    "http://www.w3.org/TR/xhtml1/DTD/xhtml1-transitional.dtd">
<html xmlns="http://www.w3.org/1999/xhtml" xml:lang="en" lang="en">
 <head>
  <title>
</title>
<meta http-equiv="Content-Type" content="text/html;charset=utf-8" />
  <meta name='ocr-system' content='tesseract 3.04.00' />
  <meta name='ocr-capabilities' content='ocr_page ocr_carea ocr_par ocr_line ocrx_word'/>
</head>
<body>
  <div class='ocr_page' id='page_1' title='image "./operaeusebius04euseuoft_0085.png"; bbox 0 0 2032 3174; ppageno 0'>
   <div class='ocr_carea' id='block_1_1' title="bbox 562 125 1706 194">
    <p class='ocr_par' dir='ltr' id='par_1_1' title="bbox 562 125 1706 194">
     <span class='ocr_line' id='line_1_1' title="bbox 562 125 1706 194; baseline -0.002 -24"><span class='ocrx_word' id='word_1_1' title='bbox 562 130 718 171; x_wconf 79' lang='lat' dir='ltr'><strong>HIST.</strong></span> <span class='ocrx_word' id='word_1_2' title='bbox 753 128 998 170; x_wconf 82' lang='lat' dir='ltr'><strong>ECCLES.</strong></span> <span class='ocrx_word' id='word_1_3' title='bbox 1031 129 1066 179; x_wconf 82' lang='lat'><em>1,</em></span> <span class='ocrx_word' id='word_1_4' title='bbox 1098 131 1137 168; x_wconf 83' lang='lat'><em>6.</em></span> <span class='ocrx_word' id='word_1_5' title='bbox 1172 131 1210 171; x_wconf 82' lang='lat'><em>7.</em></span> <span class='ocrx_word' id='word_1_6' title='bbox 1244 129 1260 194; x_wconf 68' lang='lat' dir='ltr'>g</span> <span class='ocrx_word' id='word_1_7' title='bbox 1635 125 1706 178; x_wconf 77' lang='lat'><em>25</em></span> 
     </span>
    </p>
   </div>
   <div class='ocr_carea' id='block_1_2' title="bbox 34 238 1715 2761">
    <p class='ocr_par' dir='ltr' id='par_1_2' title="bbox 34 238 1715 2761">
     <span class='ocr_line' id='line_1_2' title="bbox 87 238 1706 320; baseline -0.004 -15"><span class='ocrx_word' id='word_1_8' title='bbox 87 247 238 308; x_wconf 78' lang='grc' dir='ltr'><em>“τῶν</em></span> <span class='ocrx_word' id='word_1_9' title='bbox 276 251 456 320; x_wconf 91' lang='grc' dir='ltr'><em>γενῶν</em></span> <span class='ocrx_word' id='word_1_10' title='bbox 500 251 559 303; x_wconf 88' lang='grc' dir='ltr'><em>ἐν</em></span> <span class='ocrx_word' id='word_1_11' title='bbox 583 243 803 318; x_wconf 86' lang='grc' dir='ltr'><em>Ἰσραὴλ</em></span> <span class='ocrx_word' id='word_1_12' title='bbox 843 243 1131 318; x_wconf 79' lang='grc' dir='ltr'><em>ἠριθμεῖτο</em></span> <span class='ocrx_word' id='word_1_13' title='bbox 1174 241 1205 315; x_wconf 82' lang='grc' dir='ltr'>ἢ</span> <span class='ocrx_word' id='word_1_14' title='bbox 1246 242 1415 316; x_wconf 82' lang='grc' dir='ltr'><em>φύσει</em></span> <span class='ocrx_word' id='word_1_15' title='bbox 1458 238 1489 315; x_wconf 81' lang='grc' dir='ltr'>ἢ</span> <span class='ocrx_word' id='word_1_16' title='bbox 1532 243 1706 320; x_wconf 78' lang='grc' dir='ltr'><em>νόμῳ,</em></span> 
     </span>
     <span class='ocr_line' id='line_1_3' title="bbox 87 326 1705 405; baseline -0.003 -16"><span class='ocrx_word' id='word_1_17' title='bbox 87 329 291 405; x_wconf 70' lang='grc' dir='ltr'><em>“φυ’σει</em></span> <span class='ocrx_word' id='word_1_18' title='bbox 335 331 465 404; x_wconf 72' lang='grc' dir='ltr'><em>μὲν,</em></span> <span class='ocrx_word' id='word_1_19' title='bbox 507 337 741 404; x_wconf 79' lang='grc' dir='ltr'>γνησίου</span> <span class='ocrx_word' id='word_1_20' title='bbox 786 332 1094 403; x_wconf 89' lang='grc' dir='ltr'><em>σπέρματος</em></span> <span class='ocrx_word' id='word_1_21' title='bbox 1139 331 1396 403; x_wconf 80' lang='grc' dir='ltr'><em>διαδοχῇ,</em></span> <span class='ocrx_word' id='word_1_22' title='bbox 1439 326 1588 405; x_wconf 77' lang='grc' dir='ltr'><em>νόμω</em></span> <span class='ocrx_word' id='word_1_23' title='bbox 1623 329 1705 400; x_wconf 78' lang='grc' dir='ltr'><em>δὲ,</em></span> 
     </span>
     <span class='ocr_line' id='line_1_4' title="bbox 90 411 1706 489; baseline -0.002 -16"><span class='ocrx_word' id='word_1_24' title='bbox 90 413 318 489; x_wconf 82' lang='grc' dir='ltr'><em>“ἑτε’ρου</em></span> <span class='ocrx_word' id='word_1_25' title='bbox 372 417 877 488; x_wconf 86' lang='grc' dir='ltr'><em>παιδοποιουμένου</em></span> <span class='ocrx_word' id='word_1_26' title='bbox 926 420 1002 479; x_wconf 87' lang='grc' dir='ltr'><em>εἰς</em></span> <span class='ocrx_word' id='word_1_27' title='bbox 1053 411 1226 486; x_wconf 75' lang='grc' dir='ltr'><em>ὄνομα</em></span> <span class='ocrx_word' id='word_1_28' title='bbox 1277 411 1706 485; x_wconf 86' lang='grc' dir='ltr'><em>τελευτήσαντος</em></span> 
     </span>
     <span class='ocr_line' id='line_1_5' title="bbox 87 495 1705 573; baseline -0.003 -16"><span class='ocrx_word' id='word_1_29' title='bbox 87 497 376 573; x_wconf 61' lang='grc' dir='ltr'><em>αἀδελφοῦ</em></span> <span class='ocrx_word' id='word_1_30' title='bbox 426 499 685 557; x_wconf 77' lang='grc' dir='ltr'><em>ἀτέκνου·</em></span> <span class='ocrx_word' id='word_1_31' title='bbox 738 497 845 572; x_wconf 80' lang='grc' dir='ltr'><em>(ὅτι</em></span> <span class='ocrx_word' id='word_1_32' title='bbox 884 495 987 569; x_wconf 77' lang='grc' dir='ltr'><em>γὰρ</em></span> <span class='ocrx_word' id='word_1_33' title='bbox 1041 495 1263 554; x_wconf 81' lang='grc' dir='ltr'><em>οὐδέπω</em></span> <span class='ocrx_word' id='word_1_34' title='bbox 1307 498 1498 553; x_wconf 90' lang='grc' dir='ltr'><em>δέδοτο</em></span> <span class='ocrx_word' id='word_1_35' title='bbox 1553 498 1705 563; x_wconf 81' lang='grc' dir='ltr'><em>ἐλπὶς</em></span> 
     </span>
     <span class='ocr_line' id='line_1_6' title="bbox 89 579 1704 656; baseline -0.002 -15"><span class='ocrx_word' id='word_1_36' title='bbox 89 580 479 650; x_wconf 77' lang='grc' dir='ltr'><em>“ἆναστάσεως</em></span> <span class='ocrx_word' id='word_1_37' title='bbox 511 583 718 656; x_wconf 82' lang='grc' dir='ltr'><em>σαφὴς,</em></span> <span class='ocrx_word' id='word_1_38' title='bbox 749 581 851 654; x_wconf 83' lang='grc' dir='ltr'><em>τὴν</em></span> <span class='ocrx_word' id='word_1_39' title='bbox 874 584 1186 654; x_wconf 89' lang='grc' dir='ltr'><em>μέλλουσαν</em></span> <span class='ocrx_word' id='word_1_40' title='bbox 1211 585 1544 654; x_wconf 71' lang='grc' dir='ltr'><em>ἐπαγγελίαν</em></span> <span class='ocrx_word' id='word_1_41' title='bbox 1574 579 1704 637; x_wconf 80' lang='grc' dir='ltr'><em>ἀνα-</em></span> 
     </span>
     <span class='ocr_line' id='line_1_7' title="bbox 88 662 1707 741; baseline -0.002 -15"><span class='ocrx_word' id='word_1_42' title='bbox 88 667 315 726; x_wconf 82' lang='grc' dir='ltr'><em>“στάσει</em></span> <span class='ocrx_word' id='word_1_43' title='bbox 357 671 647 741; x_wconf 78' lang='grc' dir='ltr'><em>ἐμιμοῦντο</em></span> <span class='ocrx_word' id='word_1_44' title='bbox 677 669 888 739; x_wconf 80' lang='grc' dir='ltr'><em>θνητῇ,</em></span> <span class='ocrx_word' id='word_1_45' title='bbox 929 670 1023 722; x_wconf 81' lang='grc' dir='ltr'><em>ἵνα</em></span> <span class='ocrx_word' id='word_1_46' title='bbox 1053 662 1415 722; x_wconf 75' lang='grc' dir='ltr'><em>ἀνέκλειπτον</em></span> <span class='ocrx_word' id='word_1_47' title='bbox 1443 663 1503 722; x_wconf 79' lang='grc' dir='ltr'><em>τὸ</em></span> <span class='ocrx_word' id='word_1_48' title='bbox 1533 662 1707 738; x_wconf 76' lang='grc' dir='ltr'><em>ὄνομα</em></span> 
     </span>
     <span class='ocr_line' id='line_1_8' title="bbox 90 742 1709 827; baseline -0.002 -17"><span class='ocrx_word' id='word_1_49' title='bbox 90 749 288 827; x_wconf 76' lang='grc' dir='ltr'><em>“μείνῃ</em></span> <span class='ocrx_word' id='word_1_50' title='bbox 332 755 431 809; x_wconf 86' lang='grc' dir='ltr'><em>τοῦ</em></span> <span class='ocrx_word' id='word_1_51' title='bbox 471 748 918 825; x_wconf 84' lang='grc' dir='ltr'><em>μετηλλαχότος)·</em></span> <span class='ocrx_word' id='word_1_52' title='bbox 967 754 1015 806; x_wconf 82' lang='lat'><em>3.</em></span> <span class='ocrx_word' id='word_1_53' title='bbox 1051 752 1169 806; x_wconf 87' lang='grc' dir='ltr'><em>ἐπεὶ</em></span> <span class='ocrx_word' id='word_1_54' title='bbox 1201 742 1302 806; x_wconf 75' lang='grc' dir='ltr'><em>οὖν</em></span> <span class='ocrx_word' id='word_1_55' title='bbox 1332 754 1389 805; x_wconf 77' lang='grc' dir='ltr'><em>οἱ</em></span> <span class='ocrx_word' id='word_1_56' title='bbox 1414 752 1482 822; x_wconf 80' lang='grc' dir='ltr'><em>τῇ</em></span> <span class='ocrx_word' id='word_1_57' title='bbox 1511 772 1709 822; x_wconf 91' lang='grc' dir='ltr'><em>γενεα-</em></span> 
     </span>
     <span class='ocr_line' id='line_1_9' title="bbox 89 833 1707 912; baseline -0.001 -20"><span class='ocrx_word' id='word_1_58' title='bbox 89 833 286 912; x_wconf 76' lang='grc' dir='ltr'><em>“λογι’ᾳ</em></span> <span class='ocrx_word' id='word_1_59' title='bbox 316 834 487 910; x_wconf 83' lang='grc' dir='ltr'><em>ταύτῃ</em></span> <span class='ocrx_word' id='word_1_60' title='bbox 521 833 883 908; x_wconf 83' lang='grc' dir='ltr'><em>ἐμφερόμενοι</em></span> <span class='ocrx_word' id='word_1_61' title='bbox 905 838 962 890; x_wconf 78' lang='grc' dir='ltr'><em>οἱ</em></span> <span class='ocrx_word' id='word_1_62' title='bbox 987 835 1089 906; x_wconf 74' lang='grc' dir='ltr'><em>μὲν</em></span> <span class='ocrx_word' id='word_1_63' title='bbox 1114 836 1430 900; x_wconf 80' lang='grc' dir='ltr'><em>διεδέξαντο</em></span> <span class='ocrx_word' id='word_1_64' title='bbox 1454 847 1582 900; x_wconf 86' lang='grc' dir='ltr'><em>παῖς</em></span> <span class='ocrx_word' id='word_1_65' title='bbox 1606 855 1707 890; x_wconf 90' lang='grc' dir='ltr'><em>πα-</em></span> 
     </span>
     <span class='ocr_line' id='line_1_10' title="bbox 88 915 1709 993; baseline -0.002 -16"><span class='ocrx_word' id='word_1_66' title='bbox 88 916 254 993; x_wconf 81' lang='grc' dir='ltr'><em>“τέρα</em></span> <span class='ocrx_word' id='word_1_67' title='bbox 286 926 554 993; x_wconf 79' lang='grc' dir='ltr'><em>γνησίως,</em></span> <span class='ocrx_word' id='word_1_68' title='bbox 586 924 643 976; x_wconf 75' lang='grc' dir='ltr'><em>οἱ</em></span> <span class='ocrx_word' id='word_1_69' title='bbox 672 920 731 975; x_wconf 75' lang='grc' dir='ltr'><em>δὲ</em></span> <span class='ocrx_word' id='word_1_70' title='bbox 763 920 964 990; x_wconf 82' lang='grc' dir='ltr'><em>ἑτέροις</em></span> <span class='ocrx_word' id='word_1_71' title='bbox 995 919 1097 991; x_wconf 79' lang='grc' dir='ltr'><em>μὲν</em></span> <span class='ocrx_word' id='word_1_72' title='bbox 1131 915 1543 990; x_wconf 80' lang='grc' dir='ltr'><em>ἐγεννήθησαν,</em></span> <span class='ocrx_word' id='word_1_73' title='bbox 1593 919 1709 974; x_wconf 82' lang='grc' dir='ltr'><em>ἑτέ-</em></span> 
     </span>
     <span class='ocr_line' id='line_1_11' title="bbox 89 997 1706 1078; baseline -0.002 -17"><span class='ocrx_word' id='word_1_74' title='bbox 89 1003 243 1078; x_wconf 83' lang='grc' dir='ltr'><em>“ροις</em></span> <span class='ocrx_word' id='word_1_75' title='bbox 276 1005 336 1061; x_wconf 78' lang='grc' dir='ltr'><em>δὲ</em></span> <span class='ocrx_word' id='word_1_76' title='bbox 360 1005 782 1078; x_wconf 79' lang='grc' dir='ltr'><em>προσετέθησαν</em></span> <span class='ocrx_word' id='word_1_77' title='bbox 806 1001 1024 1075; x_wconf 80' lang='grc' dir='ltr'><em>κλήσει,</em></span> <span class='ocrx_word' id='word_1_78' title='bbox 1057 999 1388 1076; x_wconf 71' lang='grc' dir='ltr'><em>ἀμφοτέρων</em></span> <span class='ocrx_word' id='word_1_79' title='bbox 1411 1003 1642 1074; x_wconf 88' lang='grc' dir='ltr'><em>γέγονεν</em></span> <span class='ocrx_word' id='word_1_80' title='bbox 1673 997 1706 1074; x_wconf 84' lang='grc' dir='ltr'>ἡ</span> 
     </span>
     <span class='ocr_line' id='line_1_12' title="bbox 88 1081 1706 1162; baseline -0.002 -16"><span class='ocrx_word' id='word_1_81' title='bbox 88 1084 339 1162; x_wconf 70' lang='grc' dir='ltr'><em>“μνήμη,</em></span> <span class='ocrx_word' id='word_1_82' title='bbox 380 1091 472 1145; x_wconf 86' lang='grc' dir='ltr'><em>καὶ</em></span> <span class='ocrx_word' id='word_1_83' title='bbox 502 1091 614 1145; x_wconf 90' lang='grc' dir='ltr'><em>τῶν</em></span> <span class='ocrx_word' id='word_1_84' title='bbox 654 1086 1072 1160; x_wconf 84' lang='grc' dir='ltr'><em>γεγεννηκότων</em></span> <span class='ocrx_word' id='word_1_85' title='bbox 1114 1089 1206 1144; x_wconf 85' lang='grc' dir='ltr'><em>καὶ</em></span> <span class='ocrx_word' id='word_1_86' title='bbox 1251 1089 1362 1143; x_wconf 86' lang='grc' dir='ltr'><em>τῶν</em></span> <span class='ocrx_word' id='word_1_87' title='bbox 1403 1081 1476 1153; x_wconf 85' lang='grc' dir='ltr'><em>ῶς</em></span> <span class='ocrx_word' id='word_1_88' title='bbox 1516 1110 1706 1159; x_wconf 86' lang='grc' dir='ltr'><em>γεγεν-</em></span> 
     </span>
     <span class='ocr_line' id='line_1_13' title="bbox 89 1168 1711 1245; baseline -0.002 -15"><span class='ocrx_word' id='word_1_89' title='bbox 89 1169 389 1245; x_wconf 78' lang='grc' dir='ltr'><em>“νηκο’των.</em></span> <span class='ocrx_word' id='word_1_90' title='bbox 421 1177 470 1230; x_wconf 84' lang='lat'><em>4.</em></span> <span class='ocrx_word' id='word_1_91' title='bbox 500 1169 674 1238; x_wconf 79' lang='grc' dir='ltr'><em>οὕτως</em></span> <span class='ocrx_word' id='word_1_92' title='bbox 696 1168 991 1242; x_wconf 80' lang='grc' dir='ltr'><em>οὐδέτερον</em></span> <span class='ocrx_word' id='word_1_93' title='bbox 1013 1174 1125 1228; x_wconf 86' lang='grc' dir='ltr'><em>τῶν</em></span> <span class='ocrx_word' id='word_1_94' title='bbox 1149 1169 1487 1243; x_wconf 81' lang='grc' dir='ltr'><em>εὐαγγελίων</em></span> <span class='ocrx_word' id='word_1_95' title='bbox 1505 1169 1711 1239; x_wconf 78' lang='grc' dir='ltr'><em>ψεύδε-</em></span> 
     </span>
     <span class='ocr_line' id='line_1_14' title="bbox 87 1253 1708 1330; baseline -0.002 -16"><span class='ocrx_word' id='word_1_96' title='bbox 87 1255 244 1330; x_wconf 75' lang='grc' dir='ltr'><em>“ται,</em></span> <span class='ocrx_word' id='word_1_97' title='bbox 287 1259 377 1314; x_wconf 82' lang='grc' dir='ltr'><em>καὶ</em></span> <span class='ocrx_word' id='word_1_98' title='bbox 409 1256 584 1330; x_wconf 80' lang='grc' dir='ltr'><em>φύσιν</em></span> <span class='ocrx_word' id='word_1_99' title='bbox 614 1255 895 1329; x_wconf 80' lang='grc' dir='ltr'><em>ἀριθμοῦν</em></span> <span class='ocrx_word' id='word_1_100' title='bbox 925 1258 1016 1312; x_wconf 87' lang='grc' dir='ltr'><em>καὶ</em></span> <span class='ocrx_word' id='word_1_101' title='bbox 1048 1254 1243 1328; x_wconf 84' lang='grc' dir='ltr'><em>νόμον·</em></span> <span class='ocrx_word' id='word_1_102' title='bbox 1294 1253 1572 1327; x_wconf 86' lang='grc' dir='ltr'><em>ἐπεπλάκη</em></span> <span class='ocrx_word' id='word_1_103' title='bbox 1601 1253 1708 1327; x_wconf 76' lang='grc' dir='ltr'><em>γάρ</em></span> 
     </span>
     <span class='ocr_line' id='line_1_15' title="bbox 89 1337 1709 1414; baseline -0.001 -18"><span class='ocrx_word' id='word_1_104' title='bbox 89 1337 384 1414; x_wconf 52' lang='lat' dir='ltr'><em>“dammas</em></span> <span class='ocrx_word' id='word_1_105' title='bbox 414 1339 479 1397; x_wconf 75' lang='grc' dir='ltr'><em>τὰ</em></span> <span class='ocrx_word' id='word_1_106' title='bbox 510 1344 672 1413; x_wconf 87' lang='grc' dir='ltr'><em>γένη,</em></span> <span class='ocrx_word' id='word_1_107' title='bbox 715 1338 776 1396; x_wconf 87' lang='grc' dir='ltr'><em>τό</em></span> <span class='ocrx_word' id='word_1_108' title='bbox 805 1363 863 1397; x_wconf 89' lang='grc' dir='ltr'><em>τε</em></span> <span class='ocrx_word' id='word_1_109' title='bbox 895 1337 1001 1397; x_wconf 74' lang='grc' dir='ltr'><em>ἀπὸ</em></span> <span class='ocrx_word' id='word_1_110' title='bbox 1033 1344 1132 1397; x_wconf 86' lang='grc' dir='ltr'><em>τοῦ</em></span> <span class='ocrx_word' id='word_1_111' title='bbox 1164 1343 1495 1413; x_wconf 85' lang='grc' dir='ltr'><em>Σολομῶνος</em></span> <span class='ocrx_word' id='word_1_112' title='bbox 1527 1342 1617 1396; x_wconf 89' lang='grc' dir='ltr'><em>καὶ</em></span> <span class='ocrx_word' id='word_1_113' title='bbox 1649 1337 1709 1396; x_wconf 87' lang='grc' dir='ltr'>τό</span> 
     </span>
     <span class='ocr_line' id='line_1_16' title="bbox 89 1421 1708 1497; baseline 0 -16"><span class='ocrx_word' id='word_1_114' title='bbox 89 1423 236 1482; x_wconf 60' lang='lat' dir='ltr'><em>“Hand</em></span> <span class='ocrx_word' id='word_1_115' title='bbox 265 1428 363 1482; x_wconf 85' lang='grc' dir='ltr'><em>τοῦ</em></span> <span class='ocrx_word' id='word_1_116' title='bbox 396 1422 624 1497; x_wconf 82' lang='grc' dir='ltr'><em>Νάθαν,</em></span> <span class='ocrx_word' id='word_1_117' title='bbox 655 1422 1026 1481; x_wconf 78' lang='grc' dir='ltr'><em>ἀναστάσεσιν</em></span> <span class='ocrx_word' id='word_1_118' title='bbox 1056 1421 1304 1481; x_wconf 74' lang='grc' dir='ltr'><em>ἀτέκνων</em></span> <span class='ocrx_word' id='word_1_119' title='bbox 1335 1427 1426 1480; x_wconf 84' lang='grc' dir='ltr'><em>καὶ</em></span> <span class='ocrx_word' id='word_1_120' title='bbox 1458 1428 1708 1497; x_wconf 83' lang='grc' dir='ltr'><em>δευτερο-</em></span> 
     </span>
     <span class='ocr_line' id='line_1_17' title="bbox 90 1506 1711 1582; baseline -0.001 -17"><span class='ocrx_word' id='word_1_121' title='bbox 90 1507 351 1582; x_wconf 80' lang='grc' dir='ltr'><em>“γαμιάις</em></span> <span class='ocrx_word' id='word_1_122' title='bbox 381 1512 473 1565; x_wconf 86' lang='grc' dir='ltr'><em>καὶ</em></span> <span class='ocrx_word' id='word_1_123' title='bbox 503 1506 800 1566; x_wconf 74' lang='grc' dir='ltr'><em>ἀναστάσει</em></span> <span class='ocrx_word' id='word_1_124' title='bbox 830 1506 1189 1581; x_wconf 75' lang='grc' dir='ltr'><em>σπερμάτων,</em></span> <span class='ocrx_word' id='word_1_125' title='bbox 1223 1506 1294 1574; x_wconf 81' lang='grc' dir='ltr'><em>ὡς</em></span> <span class='ocrx_word' id='word_1_126' title='bbox 1326 1513 1552 1574; x_wconf 83' lang='grc' dir='ltr'><em>δικαίως</em></span> <span class='ocrx_word' id='word_1_127' title='bbox 1582 1507 1711 1574; x_wconf 83' lang='grc' dir='ltr'><em>τοὺς</em></span> 
     </span>
     <span class='ocr_line' id='line_1_18' title="bbox 92 1590 1710 1665; baseline -0.001 -15"><span class='ocrx_word' id='word_1_128' title='bbox 92 1590 332 1659; x_wconf 78' lang='grc' dir='ltr'><em>“αὐτοῦς</em></span> <span class='ocrx_word' id='word_1_129' title='bbox 374 1590 566 1650; x_wconf 71' lang='grc' dir='ltr'><em>ἄλλοτε</em></span> <span class='ocrx_word' id='word_1_130' title='bbox 611 1590 795 1649; x_wconf 77' lang='grc' dir='ltr'><em>ἄλλων</em></span> <span class='ocrx_word' id='word_1_131' title='bbox 826 1599 1176 1665; x_wconf 80' lang='grc' dir='ltr'><em>νομίζεσθαι,</em></span> <span class='ocrx_word' id='word_1_132' title='bbox 1207 1594 1319 1649; x_wconf 86' lang='grc' dir='ltr'><em>τῶν</em></span> <span class='ocrx_word' id='word_1_133' title='bbox 1348 1593 1451 1664; x_wconf 77' lang='grc' dir='ltr'><em>μὲν</em></span> <span class='ocrx_word' id='word_1_134' title='bbox 1482 1591 1710 1649; x_wconf 81' lang='grc' dir='ltr'><em>δοκούν-</em></span> 
     </span>
     <span class='ocr_line' id='line_1_19' title="bbox 93 1672 1711 1749; baseline -0.001 -15"><span class='ocrx_word' id='word_1_135' title='bbox 93 1673 241 1734; x_wconf 83' lang='grc' dir='ltr'><em>“των</em></span> <span class='ocrx_word' id='word_1_136' title='bbox 270 1679 552 1749; x_wconf 86' lang='grc' dir='ltr'><em>πατέρων,</em></span> <span class='ocrx_word' id='word_1_137' title='bbox 600 1679 714 1733; x_wconf 87' lang='grc' dir='ltr'><em>τῶν</em></span> <span class='ocrx_word' id='word_1_138' title='bbox 742 1677 804 1732; x_wconf 74' lang='grc' dir='ltr'><em>δὲ</em></span> <span class='ocrx_word' id='word_1_139' title='bbox 831 1675 1221 1749; x_wconf 77' lang='grc' dir='ltr'><em>ὑπαρχόντων·</em></span> <span class='ocrx_word' id='word_1_140' title='bbox 1285 1672 1357 1742; x_wconf 82' lang='grc' dir='ltr'><em>ῶς</em></span> <span class='ocrx_word' id='word_1_141' title='bbox 1397 1674 1711 1749; x_wconf 81' lang='grc' dir='ltr'><em>ἀμφοτέρας</em></span> 
     </span>
     <span class='ocr_line' id='line_1_20' title="bbox 34 1756 1711 1835; baseline -0.001 -17"><span class='ocrx_word' id='word_1_142' title='bbox 34 1769 42 1807; x_wconf 75' lang='lat' dir='ltr'>l</span> <span class='ocrx_word' id='word_1_143' title='bbox 90 1757 224 1827; x_wconf 76' lang='grc' dir='ltr'><em>“τὰς</em></span> <span class='ocrx_word' id='word_1_144' title='bbox 258 1759 535 1834; x_wconf 80' lang='grc' dir='ltr'><em>διηγήσεις</em></span> <span class='ocrx_word' id='word_1_145' title='bbox 567 1766 773 1835; x_wconf 82' lang='grc' dir='ltr'><em>κυρίως</em></span> <span class='ocrx_word' id='word_1_146' title='bbox 804 1758 1036 1833; x_wconf 75' lang='grc' dir='ltr'><em>ἀληθεῖς</em></span> <span class='ocrx_word' id='word_1_147' title='bbox 1067 1756 1237 1826; x_wconf 78' lang='grc' dir='ltr'><em>οὔσας</em></span> <span class='ocrx_word' id='word_1_148' title='bbox 1269 1761 1357 1816; x_wconf 87' lang='grc' dir='ltr'><em>ἐπὶ</em></span> <span class='ocrx_word' id='word_1_149' title='bbox 1389 1758 1484 1817; x_wconf 80' lang='grc' dir='ltr'><em>τὸν</em></span> <span class='ocrx_word' id='word_1_150' title='bbox 1510 1757 1711 1832; x_wconf 85' lang='grc' dir='ltr'><em>Ἰωσὴφ</em></span> 
     </span>
     <span class='ocr_line' id='line_1_21' title="bbox 93 1841 1711 1918; baseline -0.001 -16"><span class='ocrx_word' id='word_1_151' title='bbox 93 1841 495 1911; x_wconf 78' lang='grc' dir='ltr'><em>“πολυπλο’κως</em></span> <span class='ocrx_word' id='word_1_152' title='bbox 536 1846 638 1918; x_wconf 75' lang='grc' dir='ltr'><em>μὲν</em></span> <span class='ocrx_word' id='word_1_153' title='bbox 662 1890 677 1917; x_wconf 89' lang='grc'><em>,</em></span> <span class='ocrx_word' id='word_1_154' title='bbox 710 1842 834 1901; x_wconf 79' lang='grc' dir='ltr'><em>ἀλλ’</em></span> <span class='ocrx_word' id='word_1_155' title='bbox 880 1843 1124 1917; x_wconf 77' lang='grc' dir='ltr'><em>ἀκριβῶς</em></span> <span class='ocrx_word' id='word_1_156' title='bbox 1154 1851 1464 1901; x_wconf 80' lang='grc' dir='ltr'><em>κατελθεῖν.</em></span> <span class='ocrx_word' id='word_1_157' title='bbox 1535 1848 1583 1902; x_wconf 80' lang='lat'><em>5.</em></span> <span class='ocrx_word' id='word_1_158' title='bbox 1619 1849 1711 1900; x_wconf 83' lang='grc' dir='ltr'><em>ἵνα</em></span> 
     </span>
     <span class='ocr_line' id='line_1_22' title="bbox 94 1921 1713 2003; baseline -0.001 -16"><span class='ocrx_word' id='word_1_159' title='bbox 94 1926 192 1992; x_wconf 65' lang='lat' dir='ltr'><em>“d-*s</em></span> <span class='ocrx_word' id='word_1_160' title='bbox 223 1930 394 2001; x_wconf 75' lang='grc' dir='ltr'><em>σαφὲς</em></span> <span class='ocrx_word' id='word_1_161' title='bbox 424 1921 465 2003; x_wconf 76' lang='grc' dir='ltr'><em>ᾖ</em></span> <span class='ocrx_word' id='word_1_162' title='bbox 490 1927 550 1986; x_wconf 82' lang='grc' dir='ltr'><em>τὸ</em></span> <span class='ocrx_word' id='word_1_163' title='bbox 581 1928 900 2003; x_wconf 88' lang='grc' dir='ltr'><em>λεγόμενον,</em></span> <span class='ocrx_word' id='word_1_164' title='bbox 933 1929 1035 2000; x_wconf 84' lang='grc' dir='ltr'><em>τὴν</em></span> <span class='ocrx_word' id='word_1_165' title='bbox 1060 1926 1377 2000; x_wconf 82' lang='grc' dir='ltr'><em>ἐπαλλαγὴν</em></span> <span class='ocrx_word' id='word_1_166' title='bbox 1397 1932 1510 1985; x_wconf 86' lang='grc' dir='ltr'><em>τῶν</em></span> <span class='ocrx_word' id='word_1_167' title='bbox 1533 1932 1713 2000; x_wconf 89' lang='grc' dir='ltr'><em>γενῶν</em></span> 
     </span>
     <span class='ocr_line' id='line_1_23' title="bbox 91 2009 1712 2087; baseline -0.001 -17"><span class='ocrx_word' id='word_1_168' title='bbox 91 2009 474 2087; x_wconf 71' lang='grc' dir='ltr'><em>“διηγήσομαι.</em></span> <span class='ocrx_word' id='word_1_169' title='bbox 537 2012 646 2071; x_wconf 73' lang='grc' dir='ltr'><em>ἀπὸ</em></span> <span class='ocrx_word' id='word_1_170' title='bbox 675 2018 774 2071; x_wconf 83' lang='grc' dir='ltr'><em>τοῦ</em></span> <span class='ocrx_word' id='word_1_171' title='bbox 805 2015 994 2086; x_wconf 84' lang='grc' dir='ltr'><em>Δαβὶδ</em></span> <span class='ocrx_word' id='word_1_172' title='bbox 1026 2013 1118 2070; x_wconf 77' lang='grc' dir='ltr'><em>διὰ</em></span> <span class='ocrx_word' id='word_1_173' title='bbox 1142 2016 1475 2086; x_wconf 88' lang='grc' dir='ltr'><em>Σολομῶνος</em></span> <span class='ocrx_word' id='word_1_174' title='bbox 1499 2010 1595 2080; x_wconf 76' lang='grc' dir='ltr'><em>τάς</em></span> <span class='ocrx_word' id='word_1_175' title='bbox 1626 2036 1712 2084; x_wconf 82' lang='grc' dir='ltr'><em>γε·</em></span> 
     </span>
     <span class='ocr_line' id='line_1_24' title="bbox 95 2093 1715 2173; baseline -0.001 -18"><span class='ocrx_word' id='word_1_176' title='bbox 95 2093 258 2164; x_wconf 75' lang='grc' dir='ltr'><em>“νεάς</em></span> <span class='ocrx_word' id='word_1_177' title='bbox 288 2100 821 2173; x_wconf 87' lang='grc' dir='ltr'><em>καταριθμουμένοις</em></span> <span class='ocrx_word' id='word_1_178' title='bbox 850 2104 1030 2171; x_wconf 88' lang='grc' dir='ltr'><em>τρίτος</em></span> <span class='ocrx_word' id='word_1_179' title='bbox 1053 2096 1159 2154; x_wconf 79' lang='grc' dir='ltr'><em>ἀπὸ</em></span> <span class='ocrx_word' id='word_1_180' title='bbox 1180 2099 1370 2163; x_wconf 88' lang='grc' dir='ltr'><em>τέλους</em></span> <span class='ocrx_word' id='word_1_181' title='bbox 1402 2093 1715 2169; x_wconf 78' lang='grc' dir='ltr'><em>εὑρίσκεται</em></span> 
     </span>
     <span class='ocr_line' id='line_1_25' title="bbox 96 2177 1714 2256; baseline -0.001 -17"><span class='ocrx_word' id='word_1_182' title='bbox 96 2177 405 2255; x_wconf 74' lang='grc' dir='ltr'><em>“Ματθο“ιν,</em></span> <span class='ocrx_word' id='word_1_183' title='bbox 455 2180 516 2249; x_wconf 80' lang='grc' dir='ltr'><em>ὃς</em></span> <span class='ocrx_word' id='word_1_184' title='bbox 558 2187 820 2256; x_wconf 90' lang='grc' dir='ltr'><em>ἐγέννησε</em></span> <span class='ocrx_word' id='word_1_185' title='bbox 860 2181 957 2240; x_wconf 82' lang='grc' dir='ltr'><em>τὸν</em></span> <span class='ocrx_word' id='word_1_186' title='bbox 994 2180 1191 2255; x_wconf 76' lang='grc' dir='ltr'><em>Ἰακώβ</em></span> <span class='ocrx_word' id='word_1_187' title='bbox 1232 2185 1331 2238; x_wconf 83' lang='grc' dir='ltr'><em>τοῦ</em></span> <span class='ocrx_word' id='word_1_188' title='bbox 1366 2179 1567 2255; x_wconf 84' lang='grc' dir='ltr'><em>Ἰωσὴφ</em></span> <span class='ocrx_word' id='word_1_189' title='bbox 1616 2179 1714 2238; x_wconf 80' lang='grc' dir='ltr'><em>τὸν</em></span> 
     </span>
     <span class='ocr_line' id='line_1_26' title="bbox 96 2261 1714 2340; baseline -0.001 -17"><span class='ocrx_word' id='word_1_190' title='bbox 96 2261 365 2340; x_wconf 79' lang='grc' dir='ltr'><em>“πατέρα·</em></span> <span class='ocrx_word' id='word_1_191' title='bbox 423 2265 530 2324; x_wconf 81' lang='grc' dir='ltr'><em>ἀπὸ</em></span> <span class='ocrx_word' id='word_1_192' title='bbox 578 2267 639 2324; x_wconf 76' lang='grc' dir='ltr'><em>δὲ</em></span> <span class='ocrx_word' id='word_1_193' title='bbox 681 2265 892 2327; x_wconf 88' lang='grc' dir='ltr'><em>Νάθαν</em></span> <span class='ocrx_word' id='word_1_194' title='bbox 932 2270 1030 2324; x_wconf 84' lang='grc' dir='ltr'><em>τοῦ</em></span> <span class='ocrx_word' id='word_1_195' title='bbox 1071 2268 1262 2339; x_wconf 84' lang='grc' dir='ltr'><em>Λαβὶδ</em></span> <span class='ocrx_word' id='word_1_196' title='bbox 1311 2265 1448 2323; x_wconf 80' lang='grc' dir='ltr'><em>κατὰ</em></span> <span class='ocrx_word' id='word_1_197' title='bbox 1487 2269 1714 2324; x_wconf 80' lang='grc' dir='ltr'><em>Λουκᾶν</em></span> 
     </span>
     <span class='ocr_line' id='line_1_27' title="bbox 94 2342 1714 2425; baseline 0 -19"><span class='ocrx_word' id='word_1_198' title='bbox 94 2345 331 2422; x_wconf 80' lang='grc' dir='ltr'><em>“ὁμοίως</em></span> <span class='ocrx_word' id='word_1_199' title='bbox 369 2357 548 2425; x_wconf 88' lang='grc' dir='ltr'><em>τρίτος</em></span> <span class='ocrx_word' id='word_1_200' title='bbox 585 2350 693 2409; x_wconf 79' lang='grc' dir='ltr'><em>ἀπὸ</em></span> <span class='ocrx_word' id='word_1_201' title='bbox 733 2354 924 2418; x_wconf 88' lang='grc' dir='ltr'><em>τέλους</em></span> <span class='ocrx_word' id='word_1_202' title='bbox 956 2354 1167 2424; x_wconf 85' lang='grc' dir='ltr'><em>Μελχὶ,</em></span> <span class='ocrx_word' id='word_1_203' title='bbox 1214 2342 1283 2407; x_wconf 76' lang='grc' dir='ltr'><em>οὗ</em></span> <span class='ocrx_word' id='word_1_204' title='bbox 1322 2349 1442 2417; x_wconf 83' lang='grc' dir='ltr'><em>υίὸς</em></span> <span class='ocrx_word' id='word_1_205' title='bbox 1478 2347 1653 2407; x_wconf 64' lang='grc' dir='ltr'><em>ὁ“Ηλὶ</em></span> <span class='ocrx_word' id='word_1_206' title='bbox 1685 2345 1714 2406; x_wconf 81' lang='grc' dir='ltr'>ὁ</span> 
     </span>
     <span class='ocr_line' id='line_1_28' title="bbox 96 2430 1712 2509; baseline 0.001 -20"><span class='ocrx_word' id='word_1_207' title='bbox 96 2431 233 2490; x_wconf 83' lang='grc' dir='ltr'><em>“τοῦ</em></span> <span class='ocrx_word' id='word_1_208' title='bbox 257 2430 457 2507; x_wconf 80' lang='grc' dir='ltr'><em>Ἰωσὴφ</em></span> <span class='ocrx_word' id='word_1_209' title='bbox 487 2435 690 2509; x_wconf 85' lang='grc' dir='ltr'><em>πατήρ·</em></span> <span class='ocrx_word' id='word_1_210' title='bbox 732 2433 931 2509; x_wconf 82' lang='grc' dir='ltr'><em>Ἰωσὴφ</em></span> <span class='ocrx_word' id='word_1_211' title='bbox 962 2434 1067 2509; x_wconf 76' lang='grc' dir='ltr'><em>γὰρ</em></span> <span class='ocrx_word' id='word_1_212' title='bbox 1099 2434 1218 2502; x_wconf 81' lang='grc' dir='ltr'><em>υίὸς</em></span> <span class='ocrx_word' id='word_1_213' title='bbox 1242 2431 1362 2492; x_wconf 80' lang='grc' dir='ltr'><em>Ἠλὶ</em></span> <span class='ocrx_word' id='word_1_214' title='bbox 1390 2439 1489 2492; x_wconf 83' lang='grc' dir='ltr'><em>τοῦ</em></span> <span class='ocrx_word' id='word_1_215' title='bbox 1512 2439 1712 2506; x_wconf 88' lang='grc' dir='ltr'><em>Μελχί.</em></span> 
     </span>
     <span class='ocr_line' id='line_1_29' title="bbox 97 2513 1714 2594; baseline 0 -20"><span class='ocrx_word' id='word_1_216' title='bbox 97 2513 184 2574; x_wconf 82' lang='lat'><em>“6.</em></span> <span class='ocrx_word' id='word_1_217' title='bbox 220 2523 430 2575; x_wconf 86' lang='grc' dir='ltr'><em>σκοποῦ</em></span> <span class='ocrx_word' id='word_1_218' title='bbox 460 2525 653 2576; x_wconf 91' lang='grc' dir='ltr'><em>τοίνυν</em></span> <span class='ocrx_word' id='word_1_219' title='bbox 682 2516 825 2593; x_wconf 79' lang='grc' dir='ltr'><em>ἡμῖν·</em></span> <span class='ocrx_word' id='word_1_220' title='bbox 845 2522 1102 2594; x_wconf 83' lang='grc' dir='ltr'><em>κειμένου</em></span> <span class='ocrx_word' id='word_1_221' title='bbox 1132 2525 1232 2577; x_wconf 81' lang='grc' dir='ltr'><em>τοῦ</em></span> <span class='ocrx_word' id='word_1_222' title='bbox 1256 2517 1461 2591; x_wconf 82' lang='grc' dir='ltr'><em>Ἰωσὴφ</em></span> <span class='ocrx_word' id='word_1_223' title='bbox 1493 2517 1714 2576; x_wconf 79' lang='grc' dir='ltr'><em>ἀποδει-</em></span> 
     </span>
     <span class='ocr_line' id='line_1_30' title="bbox 96 2599 1714 2678; baseline 0 -20"><span class='ocrx_word' id='word_1_224' title='bbox 96 2599 297 2660; x_wconf 80' lang='grc' dir='ltr'><em>“κτεόν</em></span> <span class='ocrx_word' id='word_1_225' title='bbox 337 2605 452 2669; x_wconf 87' lang='grc' dir='ltr'><em>πῶς</em></span> <span class='ocrx_word' id='word_1_226' title='bbox 495 2602 745 2677; x_wconf 82' lang='grc' dir='ltr'><em>ἑκάτερος</em></span> <span class='ocrx_word' id='word_1_227' title='bbox 787 2601 959 2662; x_wconf 75' lang='grc' dir='ltr'><em>αὐτοῦ</em></span> <span class='ocrx_word' id='word_1_228' title='bbox 998 2603 1177 2678; x_wconf 89' lang='grc' dir='ltr'><em>πατὴρ</em></span> <span class='ocrx_word' id='word_1_229' title='bbox 1226 2609 1550 2678; x_wconf 79' lang='grc' dir='ltr'><em>ἱστορεῖται,</em></span> <span class='ocrx_word' id='word_1_230' title='bbox 1598 2601 1627 2658; x_wconf 80' lang='grc' dir='ltr'>ὅ</span> <span class='ocrx_word' id='word_1_231' title='bbox 1656 2623 1714 2658; x_wconf 92' lang='grc' dir='ltr'><em>τε</em></span> 
     </span>
     <span class='ocr_line' id='line_1_31' title="bbox 96 2681 1714 2761; baseline 0 -19"><span class='ocrx_word' id='word_1_232' title='bbox 96 2681 327 2758; x_wconf 76' lang='grc' dir='ltr'><em>“Ἰακῶβ</em></span> <span class='ocrx_word' id='word_1_233' title='bbox 356 2685 384 2743; x_wconf 85' lang='grc' dir='ltr'>ὁ</span> <span class='ocrx_word' id='word_1_234' title='bbox 415 2685 523 2744; x_wconf 80' lang='grc' dir='ltr'><em>ἀπὸ</em></span> <span class='ocrx_word' id='word_1_235' title='bbox 553 2691 885 2761; x_wconf 77' lang='grc' dir='ltr'><em>Σολομῶνος</em></span> <span class='ocrx_word' id='word_1_236' title='bbox 915 2691 1006 2745; x_wconf 84' lang='grc' dir='ltr'><em>καὶ</em></span> <span class='ocrx_word' id='word_1_237' title='bbox 1028 2687 1150 2745; x_wconf 87' lang='grc' dir='ltr'><em>Ἡλὶ</em></span> <span class='ocrx_word' id='word_1_238' title='bbox 1180 2686 1208 2744; x_wconf 83' lang='grc' dir='ltr'>ὁ</span> <span class='ocrx_word' id='word_1_239' title='bbox 1240 2686 1354 2744; x_wconf 79' lang='grc' dir='ltr'><em>άπὸ.</em></span> <span class='ocrx_word' id='word_1_240' title='bbox 1378 2693 1474 2744; x_wconf 84' lang='grc' dir='ltr'><em>τοῦ</em></span> <span class='ocrx_word' id='word_1_241' title='bbox 1507 2684 1714 2744; x_wconf 85' lang='grc' dir='ltr'><em>Νάθαν</em></span> 
     </span>
    </p>
   </div>
   <div class='ocr_carea' id='block_1_3' title="bbox 221 2880 1145 2947">
    <p class='ocr_par' dir='ltr' id='par_1_3' title="bbox 221 2880 1145 2947">
     <span class='ocr_line' id='line_1_32' title="bbox 221 2880 1145 2947; baseline 0.001 -29"><span class='ocrx_word' id='word_1_242' title='bbox 221 2881 274 2919; x_wconf 82' lang='lat'><em>23</em></span> <span class='ocrx_word' id='word_1_243' title='bbox 305 2880 469 2922; x_wconf 77' lang='lat' dir='ltr'><strong>Matth.</strong></span> <span class='ocrx_word' id='word_1_244' title='bbox 496 2883 531 2931; x_wconf 85' lang='lat'><em>1,</em></span> <span class='ocrx_word' id='word_1_245' title='bbox 558 2883 622 2920; x_wconf 82' lang='lat'><em>15.</em></span> <span class='ocrx_word' id='word_1_246' title='bbox 798 2883 850 2922; x_wconf 75' lang='lat'><em>25</em></span> <span class='ocrx_word' id='word_1_247' title='bbox 881 2882 991 2921; x_wconf 87' lang='lat' dir='ltr'>Luc.</span> <span class='ocrx_word' id='word_1_248' title='bbox 1015 2883 1145 2947; x_wconf 56' lang='grc'><em>3,.’23</em></span> 
     </span>
    </p>
   </div>
   <div class='ocr_carea' id='block_1_4' title="bbox 1732 1025 1773 1056">
    <p class='ocr_par' dir='ltr' id='par_1_4' title="bbox 1732 1025 1773 1056">
     <span class='ocr_line' id='line_1_33' title="bbox 1732 1025 1773 1056; baseline 0.024 -1"><span class='ocrx_word' id='word_1_249' title='bbox 1732 1025 1773 1056; x_wconf 82' lang='grc'><em>10</em></span> 
     </span>
    </p>
   </div>
   <div class='ocr_carea' id='block_1_5' title="bbox 1734 1446 1776 1478">
    <p class='ocr_par' dir='ltr' id='par_1_5' title="bbox 1734 1446 1776 1478">
     <span class='ocr_line' id='line_1_34' title="bbox 1734 1446 1776 1478; baseline 0.048 -2"><span class='ocrx_word' id='word_1_250' title='bbox 1734 1446 1776 1478; x_wconf 83' lang='grc'><em>15</em></span> 
     </span>
    </p>
   </div>
   <div class='ocr_carea' id='block_1_6' title="bbox 1734 1866 1776 1898">
    <p class='ocr_par' dir='ltr' id='par_1_6' title="bbox 1734 1866 1776 1898">
     <span class='ocr_line' id='line_1_35' title="bbox 1734 1866 1776 1898; baseline 0.048 -2"><span class='ocrx_word' id='word_1_251' title='bbox 1734 1866 1776 1898; x_wconf 86' lang='grc'><em>20</em></span> 
     </span>
    </p>
   </div>
   <div class='ocr_carea' id='block_1_7' title="bbox 1735 2286 1777 2319">
    <p class='ocr_par' dir='ltr' id='par_1_7' title="bbox 1735 2286 1777 2319">
     <span class='ocr_line' id='line_1_36' title="bbox 1735 2286 1777 2319; baseline 0.024 -1"><span class='ocrx_word' id='word_1_252' title='bbox 1735 2286 1777 2319; x_wconf 83' lang='grc'><em>25</em></span> 
     </span>
    </p>
   </div>
   <div class='ocr_carea' id='block_1_8' title="bbox 1737 2707 1777 2738">
    <p class='ocr_par' dir='ltr' id='par_1_8' title="bbox 1737 2707 1777 2738">
     <span class='ocr_line' id='line_1_37' title="bbox 1737 2707 1777 2738; baseline 0 0"><span class='ocrx_word' id='word_1_253' title='bbox 1737 2707 1777 2738; x_wconf 81' lang='grc'><em>30</em></span> 
     </span>
    </p>
   </div>
  </div>
 </body>
</html>
