2032 3174
543 99 700 142 HIST.
725 99 969 141 EOCLES.
1001 99 1082 142 111.
1113 103 1152 142 5.
1186 102 1224 143 6.
1407 108 1410 110 “
1625 97 1693 150 89

89 220 146 274 οἰ
173 213 257 277 ἐπ’
294 213 472 287 αὐτὴν
496 211 851 289 Ἰερουσαλὴμ
893 211 1043 272 ὦσαν
1077 218 1163 272 ἐπὶ
1194 214 1531 288 μητρόπολιν
1562 213 1694 288 ὀχυ-

89 296 338 374 ρωτάτην
397 298 874 372 καταπεφευγότες
929 298 1083 356 δεινὰ
1145 302 1235 357 καὶ
1299 303 1439 372 πέρα
1493 304 1693 357 δεινῶν

90 381 394 456 ἑωράκασι,
437 387 534 440 τοῦ
575 407 633 440 τε
674 383 878 450 παντὸς
919 386 1159 457 πολέμου
1191 384 1286 441 τὸν
1323 382 1556 458 τρόπον,
1600 386 1692 441 καὶ

85 470 196 525 τῶν
229 470 288 524 ἐν
318 466 492 544 τούτῳ
523 471 909 541 γεγενημένων
951 470 1009 524 ἐν
1039 469 1193 540 μέρει
1226 471 1454 539 ἕκαστα,
1495 471 1587 524 καὶ
1619 467 1691 534 ὡς

90 554 177 608 ἐπὶ
207 553 349 609 τέλει
379 551 439 609 τὸ
470 550 604 626 πρὸς
635 555 746 608 τῶν
770 557 1071 624 προφητῶν
1095 551 1541 625 ἀνηγορευμένον
1565 555 1688 624 βδέ-
1713 575 1733 608 5

88 643 268 709 λυγμα
298 640 393 708 τῆς
427 635 748 709 ἐρημώσεως
782 639 842 692 ἐν
872 634 1024 711 αὐτῷ
1045 637 1275 708 κατέστη
1297 643 1371 713 τῷ
1397 635 1565 693 πάλαι
1595 641 1691 693 τοῦ

31 728 36 732 ’
85 726 224 777 θεοῦ
265 718 572 796 περιβοήτω
614 743 752 795 νεω,
807 722 1050 791 παντελῆ
1091 720 1316 791 φθορὰν
1357 723 1447 776 καὶ
1489 745 1692 792 αφανι-

85 801 224 876 σμόν
266 809 492 876 ἔσχατον
530 801 630 860 τὸν
662 802 753 859 δια
794 801 966 877 πυρὸς
996 799 1386 876 ὑπομείναντι,
1427 824 1692 877 παρεστιν

83 910 190 964 οτῳ
221 892 388 959 φίλον
419 886 506 943 ἐπ’
541 886 763 961 ἀκριβες
797 890 856 943 ἐκ
886 890 981 958 τῆς
1012 911 1086 943 τω
1112 886 1356 964 Ἰωσήπω
1387 894 1692 960 γραφείσης

84 967 454 1039 αναλέξασθαι
508 975 766 1044 ιστορίας.
849 975 895 1028 ἶ).
942 970 1013 1038 ὠς
1068 971 1129 1028 δε
1181 969 1344 1039 αὐτὸς
1384 973 1540 1038 οὗτος
1581 995 1692 1028 των

83 1051 505 1129 αθροισθέντων
537 1053 644 1112 ἀπὸ
690 1059 784 1128 τῆς
811 1052 1079 1123 ΜΙουδαιας
1110 1075 1324 1128 απασης
1366 1060 1426 1113 ἐν
1466 1054 1691 1130 ημέραις

82 1143 176 1212 τῆς
206 1144 304 1196 τοῦ
335 1139 533 1213 Πάσχα
565 1142 754 1213 ἑορτῆς
787 1137 972 1212 ὥσπερ
1006 1143 1063 1196 ἐν
1096 1144 1288 1214 εΐρκτῇ
1318 1139 1557 1214 ῥήμασιν
1588 1140 1691 1197 αῦ-

82 1238 197 1290 τοῖς
239 1221 679 1296 αποκλεισθῆναι
724 1231 800 1290 εἰς
852 1223 917 1280 τα
950 1223 1300 1298 Ιεροσόλυμα
1351 1224 1491 1298 ἀμφὶ
1543 1249 1690 1297 τρια·

87 1314 275 1374 κοσιάς
306 1306 580 1381 μυριάδας
611 1309 670 1365 τὸ
703 1312 916 1381 πλῆθος
950 1313 1181 1380 ἱστορει,
1214 1306 1521 1382 αναγκαῖον
1553 1304 1688 1366 ὑπο-

84 1390 456 1464 σημήνασθαι.
500 1397 548 1448 6.
574 1395 712 1465 χρῆν
735 1396 892 1465 γοῦν,
922 1395 980 1449 ’ἐν
1004 1389 1090 1458 αἷς
1114 1391 1338 1466 ἡμέραις
1358 1393 1453 1451 τὸν
1466 1417 1690 1451 παντων

85 1481 304 1548 σωτῆρα
336 1478 426 1533 καὶ
459 1476 753 1551 ευεργέτην
782 1477 880 1534 τὸν
913 1476 1152 1549 Χριστὸν
1176 1481 1273 1534 τοῦ
1297 1480 1438 1534 θεοῦ
1467 1502 1531 1534 τα
1555 1476 1690 1535 κατὰ

82 1559 142 1616 τὸ
173 1559 353 1635 παθος
387 1561 786 1633 διατέθεινται,
819 1573 936 1627 ταῖς
969 1558 1158 1628 αὐταῖς
1191 1558 1377 1633 ω’σπερ
1411 1566 1471 1619 ἐν
1504 1567 1689 1636 ειρκτῇ

83 1647 578 1710 κατακλεισθέντας
603 1644 698 1702 τὸν
721 1644 1059 1719 μετελθόντα
1077 1644 1277 1712 αὐτοὺς
1293 1643 1531 1718 ὄλεθρον
1555 1645 1689 1719 πρὸς

29 1753 34 1755 ·
82 1732 175 1800 τῆς
205 1735 364 1795 θείας
408 1733 562 1801 δίκης
605 1733 1026 1798 καταδέξασθαι.
1103 1735 1145 1786 7.
1182 1728 1483 1802 παρελθών
1525 1729 1592 1802 δὴ
1623 1729 1689 1786 τὰ

82 1816 193 1870 τῶν
239 1816 298 1870 ἐν
337 1815 489 1887 μέρει
535 1813 968 1887 συμβεβηκότων
1008 1813 1195 1882 αὐτοῖς
1226 1813 1328 1871 ὅσα
1371 1812 1463 1870 διὰ
1493 1818 1686 1886 ξίφους

83 1899 174 1954 καὶ
204 1895 352 1974 ἄλλω
382 1898 567 1974 τρόπῳ
599 1897 716 1955 κατ’
756 1897 942 1956 αὐτῶν
977 1901 1368 1972 ἐγκεχείρισται
1400 1899 1567 1972 μόνας
1592 1898 1687 1964 τὰς

85 1976 174 2037 δια
215 1985 316 2038 τοῦ
359 1985 521 2055 λιμοῦ
561 1980 867 2055 ἀναγκαῖον
909 1981 1146 2055 ἡγοῦμαι
1186 1981 1474 2057 συμφοράς
1514 2006 1686 2056 παρα-

83 2068 320 2137 θέσθαι,
364 2064 436 2132 ὦς
482 2063 552 2123 ἂν
594 2070 652 2124 ἐκ
690 2069 890 2140 μέρους
933 2074 1108 2140 ἔχοιεν
1139 2073 1197 2124 oc
1230 2071 1362 2142 τῇδε
1403 2071 1467 2140 τῇ
1499 2071 1686 2147 γραφῇ

84 2148 506 2223 ἐντυγχάνοντες
540 2153 747 2208 εἰδέναι
787 2151 935 2219 ὅπως
975 2149 1176 2218 αὐτούς
1208 2159 1303 2225 τῆς
1336 2158 1414 2218 εἰς
1437 2151 1533 2210 τὸν
1558 2161 1686 2222 Χρι-

83 2232 213 2290 στὸν
244 2238 340 2291 τοῦ
370 2241 508 2292 θεοῦ
539 2244 884 2310 παρανομίας
916 2234 1018 2293 οὐκ
1051 2242 1126 2304 εἰς
1157 2232 1425 2310 μακρὸνὴ
1459 2240 1517 2293 ἐκ
1547 2242 1686 2294 θεοῦ

82 2320 321 2389 μετῆλθε
350 2325 598 2393 τιμωρία.

209 2413 280 2461 Vl.
335 2412 463 2478 [Nic.
492 2414 548 2463 H.
577 2415 632 2464 E.
663 2415 739 2471 ΠΙ,
769 2413 843 2481 6.]
896 2406 1040 2478 Φέρε
1066 2406 1134 2478 δὴ
1158 2397 1259 2462 οῦν
1289 2408 1400 2462 των
1431 2407 1686 2477 ἱστοριῶν

82 2483 183 2556 τὴν
213 2487 464 2558 πέμπτην
494 2490 592 2544 τοῦ
621 2484 886 2560 Ἰωσήπου
915 2513 1050 2562 μετα
1080 2502 1264 2563 χεῖρας
1289 2481 1453 2556 αὖθις
1484 2486 1684 2545 ἀναλα-

83 2566 199 2640 βων
249 2593 361 2627 των
399 2569 520 2628 τότε
560 2575 925 2645 πραχθέντων
967 2578 1157 2630 διέλθε
1199 2573 1300 2645 τὴν
1340 2577 1681 2678 τραγωδιάν·

92 2647 223 2719 “τοῖς
263 2678 325 2725 γε
363 2653 474 2727 μὴν
516 2653 793 2730 εῦπόροις’
799 2654 1034 2729 ’φησὶ
1040 2653 1153 2714 (καὶ
1206 2656 1264 2714 τὸ
1314 2659 1502 2731 μένειν
1549 2653 1723 2729 πρὸς3

198 2848 251 2887 30
282 2846 466 2900 Ioseph.
489 2849 539 2888 B.
562 2849 596 2888 Ι.
619 2850 673 2901 V,
699 2851 764 2900 10,
788 2851 826 2891 2.

1719 997 1755 1027 10

1714 1415 1752 1448 15

1710 1837 1750 1869 20

1709 2256 1750 2289 25
