<?xml version="1.0" encoding="UTF-8"?>
<!DOCTYPE html PUBLIC "-//W3C//DTD XHTML 1.0 Transitional//EN"
    "http://www.w3.org/TR/xhtml1/DTD/xhtml1-transitional.dtd">
<html xmlns="http://www.w3.org/1999/xhtml" xml:lang="en" lang="en">
 <head>
  <title>
</title>
<meta http-equiv="Content-Type" content="text/html;charset=utf-8" />
  <meta name='ocr-system' content='tesseract 3.04.00' />
  <meta name='ocr-capabilities' content='ocr_page ocr_carea ocr_par ocr_line ocrx_word'/>
</head>
<body>
  <div class='ocr_page' id='page_1' title='image "./operaeusebius04euseuoft_0219.png"; bbox 0 0 1986 3152; ppageno 0'>
   <div class='ocr_carea' id='block_1_1' title="bbox 529 114 1666 167">
    <p class='ocr_par' dir='ltr' id='par_1_1' title="bbox 529 114 1666 167">
     <span class='ocr_line' id='line_1_1' title="bbox 529 114 1666 167; baseline 0.011 -12"><span class='ocrx_word' id='word_1_1' title='bbox 529 115 688 156; x_wconf 76' lang='lat' dir='ltr'><strong>HlsT.</strong></span> <span class='ocrx_word' id='word_1_2' title='bbox 720 116 971 159; x_wconf 74' lang='lat' dir='ltr'><strong>ECCLES.</strong></span> <span class='ocrx_word' id='word_1_3' title='bbox 1003 117 1081 159; x_wconf 89' lang='lat' dir='ltr'><em>1v.</em></span> <span class='ocrx_word' id='word_1_4' title='bbox 1117 119 1182 161; x_wconf 86' lang='lat'><em>15.</em></span> <span class='ocrx_word' id='word_1_5' title='bbox 1563 114 1666 167; x_wconf 82' lang='lat'><em>159</em></span> 
     </span>
    </p>
   </div>
   <div class='ocr_carea' id='block_1_2' title="bbox 19 229 1726 2916">
    <p class='ocr_par' dir='ltr' id='par_1_2' title="bbox 19 229 1726 2916">
     <span class='ocr_line' id='line_1_2' title="bbox 48 229 1663 306; baseline -0.002 -15"><span class='ocrx_word' id='word_1_6' title='bbox 48 233 195 291; x_wconf 78' lang='grc' dir='ltr'><em>“τῶν</em></span> <span class='ocrx_word' id='word_1_7' title='bbox 222 235 607 306; x_wconf 77' lang='grc' dir='ltr'><strong><em>Χριστιανῶν,</em></strong></span> <span class='ocrx_word' id='word_1_8' title='bbox 650 229 678 287; x_wconf 88' lang='lat'>6</span> <span class='ocrx_word' id='word_1_9' title='bbox 722 238 834 289; x_wconf 77' lang='grc' dir='ltr'><em>τῶν</em></span> <span class='ocrx_word' id='word_1_10' title='bbox 879 230 1161 305; x_wconf 77' lang='grc' dir='ltr'><em>ἡμετέρων</em></span> <span class='ocrx_word' id='word_1_11' title='bbox 1201 236 1356 289; x_wconf 75' lang='grc' dir='ltr'><em>θεῶν</em></span> <span class='ocrx_word' id='word_1_12' title='bbox 1396 235 1663 305; x_wconf 85' lang='grc' dir='ltr'><em>καθαιρέ-</em></span> 
     </span>
     <span class='ocr_line' id='line_1_3' title="bbox 48 312 1662 390; baseline 0 -16"><span class='ocrx_word' id='word_1_13' title='bbox 48 314 208 390; x_wconf 74' lang='grc' dir='ltr'><em>“της,</em></span> <span class='ocrx_word' id='word_1_14' title='bbox 250 312 279 373; x_wconf 84' lang='grc' dir='ltr'>ὁ</span> <span class='ocrx_word' id='word_1_15' title='bbox 323 314 558 382; x_wconf 76' lang='grc' dir='ltr'><em>πολλοὺς</em></span> <span class='ocrx_word' id='word_1_16' title='bbox 602 314 886 374; x_wconf 77' lang='grc' dir='ltr'><em>διδάσκων</em></span> <span class='ocrx_word' id='word_1_17' title='bbox 924 314 998 389; x_wconf 85' lang='grc' dir='ltr'><em>μὴ</em></span> <span class='ocrx_word' id='word_1_18' title='bbox 1040 314 1206 373; x_wconf 80' lang='grc' dir='ltr'><em>θύειν</em></span> <span class='ocrx_word' id='word_1_19' title='bbox 1248 317 1389 388; x_wconf 75' lang='grc' dir='ltr'><em>μηδὲ</em></span> <span class='ocrx_word' id='word_1_20' title='bbox 1420 335 1662 390; x_wconf 87' lang='grc' dir='ltr'><em>προσκυ-</em></span> 
     </span>
     <span class='ocr_line' id='line_1_4' title="bbox 47 396 1663 475; baseline 0 -16"><span class='ocrx_word' id='word_1_21' title='bbox 47 397 238 459; x_wconf 76' lang='grc' dir='ltr'><em>“νεῑν.’</em></span> <span class='ocrx_word' id='word_1_22' title='bbox 284 404 366 456; x_wconf 79' lang='grc'><strong>27.</strong></span> <span class='ocrx_word' id='word_1_23' title='bbox 403 402 575 456; x_wconf 81' lang='grc' dir='ltr'><em>ταῦτα</em></span> <span class='ocrx_word' id='word_1_24' title='bbox 607 402 860 472; x_wconf 75' lang='grc' dir='ltr'><em>λέγοντες</em></span> <span class='ocrx_word' id='word_1_25' title='bbox 893 399 1141 472; x_wconf 82' lang='grc' dir='ltr'><em>ἐπεβόων</em></span> <span class='ocrx_word' id='word_1_26' title='bbox 1181 402 1272 456; x_wconf 83' lang='grc' dir='ltr'><em>καὶ</em></span> <span class='ocrx_word' id='word_1_27' title='bbox 1304 396 1536 475; x_wconf 78' lang='grc' dir='ltr'><em>ἥρω’των</em></span> <span class='ocrx_word' id='word_1_28' title='bbox 1565 401 1663 459; x_wconf 87' lang='grc' dir='ltr'><em>τὸν</em></span> 
     </span>
     <span class='ocr_line' id='line_1_5' title="bbox 43 482 1662 562; baseline 0.001 -22"><span class='ocrx_word' id='word_1_29' title='bbox 43 482 353 557; x_wconf 79' lang='grc' dir='ltr'><em>“άσιάρχην</em></span> <span class='ocrx_word' id='word_1_30' title='bbox 385 490 694 555; x_wconf 88' lang='grc' dir='ltr'><em>Φίλιππον,</em></span> <span class='ocrx_word' id='word_1_31' title='bbox 736 490 830 541; x_wconf 90' lang='grc' dir='ltr'><em>ίνα</em></span> <span class='ocrx_word' id='word_1_32' title='bbox 862 488 1045 558; x_wconf 80' lang='grc' dir='ltr'><em>ἐπαφῇ</em></span> <span class='ocrx_word' id='word_1_33' title='bbox 1076 489 1152 560; x_wconf 76' lang='grc' dir='ltr'><em>τῷ</em></span> <span class='ocrx_word' id='word_1_34' title='bbox 1182 483 1539 562; x_wconf 80' lang='grc' dir='ltr'><em>Πολυκάρπῳ</em></span> <span class='ocrx_word' id='word_1_35' title='bbox 1571 488 1662 542; x_wconf 83' lang='grc' dir='ltr'><em>λε’-</em></span> 
     </span>
     <span class='ocr_line' id='line_1_6' title="bbox 43 561 1704 673; baseline 0 -47"><span class='ocrx_word' id='word_1_36' title='bbox 43 563 228 673; x_wconf 51' lang='grc' dir='ltr'><em>ζοντα</em></span> <span class='ocrx_word' id='word_1_37' title='bbox 289 564 319 625; x_wconf 87' lang='lat'>6</span> <span class='ocrx_word' id='word_1_38' title='bbox 352 569 414 625; x_wconf 77' lang='grc' dir='ltr'><em>δε</em></span> <span class='ocrx_word' id='word_1_39' title='bbox 445 575 551 640; x_wconf 80' lang='grc' dir='ltr'><em>ἔφη</em></span> <span class='ocrx_word' id='word_1_40' title='bbox 581 561 655 641; x_wconf 85' lang='grc' dir='ltr'><em>μὴ</em></span> <span class='ocrx_word' id='word_1_41' title='bbox 689 569 831 625; x_wconf 83' lang='grc' dir='ltr'><em>εἶναι</em></span> <span class='ocrx_word' id='word_1_42' title='bbox 863 568 985 636; x_wconf 82' lang='grc' dir='ltr'><em>ἐξὸν</em></span> <span class='ocrx_word' id='word_1_43' title='bbox 1014 565 1195 644; x_wconf 78' lang='grc' dir='ltr'><em>αὐτῷ,</em></span> <span class='ocrx_word' id='word_1_44' title='bbox 1230 568 1419 641; x_wconf 78' lang='grc' dir='ltr'><em>ἐπειδὴ</em></span> <span class='ocrx_word' id='word_1_45' title='bbox 1451 577 1704 642; x_wconf 56' lang='lat' dir='ltr'><em>neuin-5</em></span> 
     </span>
     <span class='ocr_line' id='line_1_7' title="bbox 43 647 1661 726; baseline 0.001 -16.024"><span class='ocrx_word' id='word_1_46' title='bbox 43 647 247 725; x_wconf 66' lang='lat' dir='ltr'><em>“prona</em></span> <span class='ocrx_word' id='word_1_47' title='bbox 276 652 341 709; x_wconf 81' lang='grc' dir='ltr'><em>τὰ</em></span> <span class='ocrx_word' id='word_1_48' title='bbox 386 655 703 724; x_wconf 79' lang='grc' dir='ltr'><em>κυνηγέσια.</em></span> <span class='ocrx_word' id='word_1_49' title='bbox 766 652 887 709; x_wconf 88' lang='grc' dir='ltr'><em>τότε</em></span> <span class='ocrx_word' id='word_1_50' title='bbox 928 655 1117 719; x_wconf 82' lang='grc' dir='ltr'><em>ἔδοξεν</em></span> <span class='ocrx_word' id='word_1_51' title='bbox 1158 649 1345 719; x_wconf 80' lang='grc' dir='ltr'><em>αὐτοῖς</em></span> <span class='ocrx_word' id='word_1_52' title='bbox 1376 648 1661 726; x_wconf 86' lang='grc' dir='ltr'><em>ὁμοθυμα-</em></span> 
     </span>
     <span class='ocr_line' id='line_1_8' title="bbox 42 730 1663 810; baseline 0 -16"><span class='ocrx_word' id='word_1_53' title='bbox 42 730 181 794; x_wconf 68' lang='lat'>“6622</span> <span class='ocrx_word' id='word_1_54' title='bbox 212 739 531 808; x_wconf 88' lang='grc' dir='ltr'><em>ἐπιβοῆσαι,</em></span> <span class='ocrx_word' id='word_1_55' title='bbox 575 734 714 792; x_wconf 73' lang='grc' dir='ltr'><em>ὥστε</em></span> <span class='ocrx_word' id='word_1_56' title='bbox 756 739 928 804; x_wconf 73' lang='grc' dir='ltr'><em>ζῶντα</em></span> <span class='ocrx_word' id='word_1_57' title='bbox 959 735 1056 793; x_wconf 84' lang='grc' dir='ltr'><em>τὸν</em></span> <span class='ocrx_word' id='word_1_58' title='bbox 1086 735 1463 810; x_wconf 87' lang='grc' dir='ltr'><em>Πολύκαρπον</em></span> <span class='ocrx_word' id='word_1_59' title='bbox 1494 761 1663 794; x_wconf 86' lang='grc' dir='ltr'><em>κατα-</em></span> 
     </span>
     <span class='ocr_line' id='line_1_9' title="bbox 42 815 1662 897; baseline -0.001 -19"><span class='ocrx_word' id='word_1_60' title='bbox 42 815 296 878; x_wconf 81' lang='grc' dir='ltr'><em>“καῦσαι.</em></span> <span class='ocrx_word' id='word_1_61' title='bbox 385 824 468 876; x_wconf 82' lang='grc'><strong>28.</strong></span> <span class='ocrx_word' id='word_1_62' title='bbox 504 825 617 877; x_wconf 80' lang='grc' dir='ltr'><em>ἔδει</em></span> <span class='ocrx_word' id='word_1_63' title='bbox 658 819 763 893; x_wconf 79' lang='grc' dir='ltr'><em>γὰρ</em></span> <span class='ocrx_word' id='word_1_64' title='bbox 803 817 862 876; x_wconf 85' lang='grc' dir='ltr'><em>τὸ</em></span> <span class='ocrx_word' id='word_1_65' title='bbox 902 825 998 892; x_wconf 91' lang='grc' dir='ltr'><em>τῆς</em></span> <span class='ocrx_word' id='word_1_66' title='bbox 1042 826 1469 893; x_wconf 87' lang='grc' dir='ltr'><em>φανερωθείσης</em></span> <span class='ocrx_word' id='word_1_67' title='bbox 1511 819 1662 897; x_wconf 76' lang='grc' dir='ltr'><em>αὐτῷ</em></span> 
     </span>
     <span class='ocr_line' id='line_1_10' title="bbox 39 902 1660 978; baseline -0.001 -15.975"><span class='ocrx_word' id='word_1_68' title='bbox 39 902 168 962; x_wconf 81' lang='grc' dir='ltr'><em>“ε’πὶ</em></span> <span class='ocrx_word' id='word_1_69' title='bbox 198 906 298 961; x_wconf 83' lang='grc' dir='ltr'><em>τοῦ</em></span> <span class='ocrx_word' id='word_1_70' title='bbox 326 909 781 977; x_wconf 76' lang='grc' dir='ltr'><em>προσκεφαλαίου</em></span> <span class='ocrx_word' id='word_1_71' title='bbox 820 902 1087 968; x_wconf 81' lang='grc' dir='ltr'><em>ὀπτασίας</em></span> <span class='ocrx_word' id='word_1_72' title='bbox 1128 909 1527 978; x_wconf 80' lang='grc' dir='ltr'><em>πληρωθῆναι,</em></span> <span class='ocrx_word' id='word_1_73' title='bbox 1570 903 1660 961; x_wconf 89' lang='grc' dir='ltr'><em>ότε</em></span> 
     </span>
     <span class='ocr_line' id='line_1_11' title="bbox 42 983 1726 1062; baseline 0 -16"><span class='ocrx_word' id='word_1_74' title='bbox 42 983 216 1046; x_wconf 77' lang='grc' dir='ltr'><em>“ίδων</em></span> <span class='ocrx_word' id='word_1_75' title='bbox 246 985 381 1045; x_wconf 80' lang='grc' dir='ltr'><em>αὐτὸ</em></span> <span class='ocrx_word' id='word_1_76' title='bbox 412 986 708 1061; x_wconf 89' lang='grc' dir='ltr'><em>καιόμενον</em></span> <span class='ocrx_word' id='word_1_77' title='bbox 738 985 1179 1062; x_wconf 76' lang='grc' dir='ltr'><em>προσευχόμενος</em></span> <span class='ocrx_word' id='word_1_78' title='bbox 1212 990 1368 1047; x_wconf 83' lang='grc' dir='ltr'><em>εἶπεν</em></span> <span class='ocrx_word' id='word_1_79' title='bbox 1401 992 1658 1062; x_wconf 89' lang='grc' dir='ltr'><em>ἐπιστρα-</em></span> <span class='ocrx_word' id='word_1_80' title='bbox 1683 1007 1726 1038; x_wconf 86' lang='lat'><em>10</em></span> 
     </span>
     <span class='ocr_line' id='line_1_12' title="bbox 42 1069 1660 1147; baseline 0 -17"><span class='ocrx_word' id='word_1_81' title='bbox 42 1071 202 1147; x_wconf 81' lang='grc' dir='ltr'><em>“φεὶς</em></span> <span class='ocrx_word' id='word_1_82' title='bbox 240 1086 355 1138; x_wconf 77' lang='grc' dir='ltr'><em>τοῖς</em></span> <span class='ocrx_word' id='word_1_83' title='bbox 396 1070 515 1145; x_wconf 79' lang='grc' dir='ltr'><em>μετ’</em></span> <span class='ocrx_word' id='word_1_84' title='bbox 563 1071 737 1130; x_wconf 82' lang='grc' dir='ltr'><em>αὐτοῦ</em></span> <span class='ocrx_word' id='word_1_85' title='bbox 785 1086 997 1139; x_wconf 83' lang='grc' dir='ltr'><em>πιστοῖς</em></span> <span class='ocrx_word' id='word_1_86' title='bbox 1039 1095 1395 1146; x_wconf 86' lang='grc' dir='ltr'><em>προφητικως</em></span> <span class='ocrx_word' id='word_1_87' title='bbox 1441 1069 1553 1130; x_wconf 82' lang='grc' dir='ltr'><em>δει</em></span> <span class='ocrx_word' id='word_1_88' title='bbox 1592 1096 1660 1147; x_wconf 88' lang='grc' dir='ltr'><em>με</em></span> 
     </span>
     <span class='ocr_line' id='line_1_13' title="bbox 37 1150 1661 1262; baseline 0 -48"><span class='ocrx_word' id='word_1_89' title='bbox 37 1155 248 1262; x_wconf 56' lang='grc' dir='ltr'><em>Ξζῶντα</em></span> <span class='ocrx_word' id='word_1_90' title='bbox 279 1154 649 1229; x_wconf 74' lang='grc' dir='ltr'><em>κατακαῆναιῖ</em></span> <span class='ocrx_word' id='word_1_91' title='bbox 739 1161 822 1214; x_wconf 94' lang='grc'><strong>29.</strong></span> <span class='ocrx_word' id='word_1_92' title='bbox 864 1162 1036 1214; x_wconf 86' lang='grc' dir='ltr'><em>ταῦτα</em></span> <span class='ocrx_word' id='word_1_93' title='bbox 1078 1150 1182 1214; x_wconf 77' lang='grc' dir='ltr'><em>οὖν</em></span> <span class='ocrx_word' id='word_1_94' title='bbox 1220 1155 1355 1230; x_wconf 79' lang='grc' dir='ltr'><em>μετα</em></span> <span class='ocrx_word' id='word_1_95' title='bbox 1394 1156 1661 1214; x_wconf 81' lang='grc' dir='ltr'><em>τοσούτου</em></span> 
     </span>
     <span class='ocr_line' id='line_1_14' title="bbox 37 1236 1660 1315; baseline 0 -17"><span class='ocrx_word' id='word_1_96' title='bbox 37 1238 274 1315; x_wconf 82' lang='grc' dir='ltr'><em>“τα’χους</em></span> <span class='ocrx_word' id='word_1_97' title='bbox 307 1243 550 1313; x_wconf 84' lang='grc' dir='ltr'><em>ἐγένετο,</em></span> <span class='ocrx_word' id='word_1_98' title='bbox 591 1244 799 1298; x_wconf 79' lang='grc' dir='ltr'><em>θᾶττον</em></span> <span class='ocrx_word' id='word_1_99' title='bbox 838 1236 871 1313; x_wconf 77' lang='grc' dir='ltr'><em>ἢ</em></span> <span class='ocrx_word' id='word_1_100' title='bbox 915 1244 1155 1313; x_wconf 79' lang='grc' dir='ltr'><em>ἐλέγετο,</em></span> <span class='ocrx_word' id='word_1_101' title='bbox 1199 1245 1312 1298; x_wconf 73' lang='grc' dir='ltr'><em>τῶν</em></span> <span class='ocrx_word' id='word_1_102' title='bbox 1340 1239 1522 1314; x_wconf 81' lang='grc' dir='ltr'><em>ὄχλων</em></span> <span class='ocrx_word' id='word_1_103' title='bbox 1551 1264 1660 1299; x_wconf 89' lang='grc' dir='ltr'><em>πα-</em></span> 
     </span>
     <span class='ocr_line' id='line_1_15' title="bbox 19 1321 1657 1400; baseline 0 -18"><span class='ocrx_word' id='word_1_104' title='bbox 19 1321 326 1400; x_wconf 64' lang='grc' dir='ltr'><em>’“ραχρῆμα</em></span> <span class='ocrx_word' id='word_1_105' title='bbox 367 1324 728 1397; x_wconf 80' lang='grc' dir='ltr'><em>συναγόντων</em></span> <span class='ocrx_word' id='word_1_106' title='bbox 770 1329 830 1382; x_wconf 86' lang='grc' dir='ltr'><em>ἐκ</em></span> <span class='ocrx_word' id='word_1_107' title='bbox 868 1329 982 1382; x_wconf 73' lang='grc' dir='ltr'><em>τῶν</em></span> <span class='ocrx_word' id='word_1_108' title='bbox 1023 1329 1401 1400; x_wconf 77' lang='grc' dir='ltr'><em>ἐργαστηρίων</em></span> <span class='ocrx_word' id='word_1_109' title='bbox 1452 1328 1545 1382; x_wconf 87' lang='grc' dir='ltr'><em>καὶ</em></span> <span class='ocrx_word' id='word_1_110' title='bbox 1598 1329 1657 1383; x_wconf 87' lang='grc' dir='ltr'><em>ἐκ</em></span> 
     </span>
     <span class='ocr_line' id='line_1_16' title="bbox 20 1406 1720 1484; baseline 0 -17"><span class='ocrx_word' id='word_1_111' title='bbox 20 1406 184 1468; x_wconf 44' lang='grc' dir='ltr'><em>γετῶν</em></span> <span class='ocrx_word' id='word_1_112' title='bbox 224 1416 539 1482; x_wconf 84' lang='grc' dir='ltr'><em>βαλανείων</em></span> <span class='ocrx_word' id='word_1_113' title='bbox 589 1408 725 1477; x_wconf 82' lang='grc' dir='ltr'><em>ξύλα</em></span> <span class='ocrx_word' id='word_1_114' title='bbox 775 1411 867 1466; x_wconf 84' lang='grc' dir='ltr'><em>καὶ</em></span> <span class='ocrx_word' id='word_1_115' title='bbox 912 1408 1203 1482; x_wconf 75' lang='grc' dir='ltr'><em>φρύγανα,</em></span> <span class='ocrx_word' id='word_1_116' title='bbox 1246 1409 1482 1484; x_wconf 88' lang='grc' dir='ltr'><em>μάλιστα</em></span> <span class='ocrx_word' id='word_1_117' title='bbox 1517 1409 1654 1468; x_wconf 86' lang='grc' dir='ltr'><em>Ἰου-</em></span> <span class='ocrx_word' id='word_1_118' title='bbox 1679 1426 1720 1460; x_wconf 77' lang='lat'><em>15</em></span> 
     </span>
     <span class='ocr_line' id='line_1_17' title="bbox 19 1491 1656 1568; baseline 0.001 -17"><span class='ocrx_word' id='word_1_119' title='bbox 19 1491 251 1551; x_wconf 61' lang='lat' dir='ltr'><em>“‘daz&#39;mv</em></span> <span class='ocrx_word' id='word_1_120' title='bbox 281 1492 606 1568; x_wconf 82' lang='grc' dir='ltr'><em>προθύμως,</em></span> <span class='ocrx_word' id='word_1_121' title='bbox 639 1492 712 1560; x_wconf 78' lang='grc' dir='ltr'><em>ὡς</em></span> <span class='ocrx_word' id='word_1_122' title='bbox 745 1499 873 1561; x_wconf 83' lang='grc' dir='ltr'><em>ἔθος</em></span> <span class='ocrx_word' id='word_1_123' title='bbox 907 1493 1113 1564; x_wconf 84' lang='grc' dir='ltr'><em>αὐτοῖς,</em></span> <span class='ocrx_word' id='word_1_124' title='bbox 1148 1501 1225 1562; x_wconf 86' lang='grc' dir='ltr'><em>εἰς</em></span> <span class='ocrx_word' id='word_1_125' title='bbox 1247 1498 1423 1551; x_wconf 84' lang='grc' dir='ltr'><em>ταῦτα</em></span> <span class='ocrx_word' id='word_1_126' title='bbox 1445 1492 1656 1567; x_wconf 81' lang='grc' dir='ltr'><em>ὑπουρ-</em></span> 
     </span>
     <span class='ocr_line' id='line_1_18' title="bbox 35 1574 1656 1652; baseline 0 -16"><span class='ocrx_word' id='word_1_127' title='bbox 35 1574 338 1652; x_wconf 80' lang='grc' dir='ltr'><em>“γου’ντων.</em></span> <span class='ocrx_word' id='word_1_128' title='bbox 401 1583 483 1635; x_wconf 86' lang='grc'><strong>30.</strong></span> <span class='ocrx_word' id='word_1_129' title='bbox 518 1575 659 1635; x_wconf 76' lang='grc' dir='ltr'><em>ἄλλα</em></span> <span class='ocrx_word' id='word_1_130' title='bbox 687 1576 778 1635; x_wconf 82' lang='grc' dir='ltr'><em>ὅτε</em></span> <span class='ocrx_word' id='word_1_131' title='bbox 808 1577 842 1650; x_wconf 85' lang='grc' dir='ltr'>ἡ</span> <span class='ocrx_word' id='word_1_132' title='bbox 876 1577 1026 1652; x_wconf 74' lang='grc' dir='ltr'><em>πυροὶ</em></span> <span class='ocrx_word' id='word_1_133' title='bbox 1059 1577 1400 1652; x_wconf 83' lang='grc' dir='ltr'><em>ἡτοιμάσθη,</em></span> <span class='ocrx_word' id='word_1_134' title='bbox 1445 1575 1656 1636; x_wconf 79' lang='grc' dir='ltr'><em>άποθέ-</em></span> 
     </span>
     <span class='ocr_line' id='line_1_19' title="bbox 19 1658 1655 1738; baseline 0.001 -18"><span class='ocrx_word' id='word_1_135' title='bbox 19 1658 236 1736; x_wconf 15' lang='grc' dir='ltr'><em>Ᾰ“μενος</em></span> <span class='ocrx_word' id='word_1_136' title='bbox 270 1665 448 1738; x_wconf 76' lang='grc' dir='ltr'><em>ἑαυτῷ</em></span> <span class='ocrx_word' id='word_1_137' title='bbox 479 1661 661 1719; x_wconf 86' lang='grc' dir='ltr'><em>πάντα</em></span> <span class='ocrx_word' id='word_1_138' title='bbox 691 1660 758 1719; x_wconf 79' lang='grc' dir='ltr'><em>τά</em></span> <span class='ocrx_word' id='word_1_139' title='bbox 791 1661 977 1734; x_wconf 79' lang='grc' dir='ltr'><em>ἱμάτια</em></span> <span class='ocrx_word' id='word_1_140' title='bbox 1008 1665 1100 1719; x_wconf 86' lang='grc' dir='ltr'><em>καὶ</em></span> <span class='ocrx_word' id='word_1_141' title='bbox 1142 1661 1313 1730; x_wconf 85' lang='grc' dir='ltr'><em>λύσας</em></span> <span class='ocrx_word' id='word_1_142' title='bbox 1343 1662 1446 1734; x_wconf 87' lang='grc' dir='ltr'><em>τὴν</em></span> <span class='ocrx_word' id='word_1_143' title='bbox 1477 1661 1655 1736; x_wconf 72' lang='grc' dir='ltr'><em>ζώνην</em></span> 
     </span>
     <span class='ocr_line' id='line_1_20' title="bbox 37 1744 1654 1821; baseline 0.001 -17"><span class='ocrx_word' id='word_1_144' title='bbox 37 1744 328 1821; x_wconf 74' lang='grc' dir='ltr'><em>“ἐπειροῖτο</em></span> <span class='ocrx_word' id='word_1_145' title='bbox 360 1750 452 1804; x_wconf 84' lang='grc' dir='ltr'><em>καὶ</em></span> <span class='ocrx_word' id='word_1_146' title='bbox 481 1745 751 1804; x_wconf 81' lang='grc' dir='ltr'><em>ὑπολύειν</em></span> <span class='ocrx_word' id='word_1_147' title='bbox 795 1747 1022 1818; x_wconf 81' lang='grc' dir='ltr'><em>ἑαυτὸν,</em></span> <span class='ocrx_word' id='word_1_148' title='bbox 1067 1745 1142 1820; x_wconf 82' lang='grc' dir='ltr'><em>μὴ</em></span> <span class='ocrx_word' id='word_1_149' title='bbox 1185 1746 1455 1821; x_wconf 89' lang='grc' dir='ltr'><em>πρότερον</em></span> <span class='ocrx_word' id='word_1_150' title='bbox 1494 1752 1654 1805; x_wconf 85' lang='grc' dir='ltr'><em>τοῦτο</em></span> 
     </span>
     <span class='ocr_line' id='line_1_21' title="bbox 36 1825 1718 1903; baseline -0.001 -14.979"><span class='ocrx_word' id='word_1_151' title='bbox 36 1825 271 1903; x_wconf 74' lang='grc' dir='ltr'><em>“ποιων,</em></span> <span class='ocrx_word' id='word_1_152' title='bbox 318 1831 407 1888; x_wconf 82' lang='grc' dir='ltr'><em>διὰ</em></span> <span class='ocrx_word' id='word_1_153' title='bbox 447 1830 507 1888; x_wconf 89' lang='grc' dir='ltr'><em>τὸ</em></span> <span class='ocrx_word' id='word_1_154' title='bbox 549 1829 633 1887; x_wconf 82' lang='grc' dir='ltr'><em>ἀεὶ</em></span> <span class='ocrx_word' id='word_1_155' title='bbox 677 1834 908 1888; x_wconf 72' lang='grc' dir='ltr'><em>ἕκαστον</em></span> <span class='ocrx_word' id='word_1_156' title='bbox 938 1856 1049 1889; x_wconf 93' lang='grc' dir='ltr'><em>των</em></span> <span class='ocrx_word' id='word_1_157' title='bbox 1079 1836 1290 1889; x_wconf 78' lang='grc' dir='ltr'><em>πιστῶν</em></span> <span class='ocrx_word' id='word_1_158' title='bbox 1321 1830 1654 1900; x_wconf 75' lang='grc' dir='ltr'><em>σπουδάζειν</em></span> <span class='ocrx_word' id='word_1_159' title='bbox 1676 1849 1718 1880; x_wconf 82' lang='lat'><em>20</em></span> 
     </span>
     <span class='ocr_line' id='line_1_22' title="bbox 35 1912 1654 1989; baseline -0.001 -15"><span class='ocrx_word' id='word_1_160' title='bbox 35 1913 216 1983; x_wconf 68' lang='grc' dir='ltr'><em>’Ἥστις</em></span> <span class='ocrx_word' id='word_1_161' title='bbox 247 1914 438 1989; x_wconf 78' lang='grc' dir='ltr'><em>τάχιον</em></span> <span class='ocrx_word' id='word_1_162' title='bbox 467 1918 566 1973; x_wconf 82' lang='grc' dir='ltr'><em>τοῦ</em></span> <span class='ocrx_word' id='word_1_163' title='bbox 595 1915 800 1989; x_wconf 86' lang='grc' dir='ltr'><em>χρωτὸς</em></span> <span class='ocrx_word' id='word_1_164' title='bbox 832 1912 1006 1972; x_wconf 79' lang='grc' dir='ltr'><em>αὐτοῦ</em></span> <span class='ocrx_word' id='word_1_165' title='bbox 1049 1915 1350 1989; x_wconf 77' lang='grc' dir='ltr'><em>ἐφάψηται</em></span> <span class='ocrx_word' id='word_1_166' title='bbox 1397 1918 1456 1973; x_wconf 88' lang='grc' dir='ltr'><em>ἐν</em></span> <span class='ocrx_word' id='word_1_167' title='bbox 1486 1918 1654 1972; x_wconf 84' lang='grc' dir='ltr'><em>παντὶ</em></span> 
     </span>
     <span class='ocr_line' id='line_1_23' title="bbox 37 1994 1652 2074; baseline 0 -18"><span class='ocrx_word' id='word_1_168' title='bbox 37 1994 174 2074; x_wconf 77' lang='grc' dir='ltr'><em>“γάρ</em></span> <span class='ocrx_word' id='word_1_169' title='bbox 213 1998 431 2073; x_wconf 79' lang='grc' dir='ltr'><em>ἀγαθῆς</em></span> <span class='ocrx_word' id='word_1_170' title='bbox 473 2003 664 2058; x_wconf 84' lang='grc' dir='ltr'><em>ε’νεκεν</em></span> <span class='ocrx_word' id='word_1_171' title='bbox 705 2007 980 2067; x_wconf 89' lang='grc' dir='ltr'><em>πολιτείας</em></span> <span class='ocrx_word' id='word_1_172' title='bbox 1022 2003 1115 2057; x_wconf 87' lang='grc' dir='ltr'><em>καὶ</em></span> <span class='ocrx_word' id='word_1_173' title='bbox 1155 1999 1260 2074; x_wconf 86' lang='grc' dir='ltr'><em>πρὸ</em></span> <span class='ocrx_word' id='word_1_174' title='bbox 1311 2003 1407 2073; x_wconf 83' lang='grc' dir='ltr'><em>τῆς</em></span> <span class='ocrx_word' id='word_1_175' title='bbox 1459 2006 1652 2066; x_wconf 78' lang='grc' dir='ltr'><em>πολιᾶς</em></span> 
     </span>
     <span class='ocr_line' id='line_1_24' title="bbox 35 2078 1654 2159; baseline -0.001 -17"><span class='ocrx_word' id='word_1_176' title='bbox 35 2078 415 2158; x_wconf 58' lang='grc' dir='ltr'><em>ε“ἐκεκόσμητο.</em></span> <span class='ocrx_word' id='word_1_177' title='bbox 506 2089 589 2141; x_wconf 83' lang='lat'><em>31.</em></span> <span class='ocrx_word' id='word_1_178' title='bbox 625 2082 836 2150; x_wconf 79' lang='grc' dir='ltr'><em>εὐθέως</em></span> <span class='ocrx_word' id='word_1_179' title='bbox 877 2085 981 2142; x_wconf 84' lang='grc' dir='ltr'><em>ούν</em></span> <span class='ocrx_word' id='word_1_180' title='bbox 1023 2083 1174 2142; x_wconf 84' lang='grc' dir='ltr'><em>αὐτω</em></span> <span class='ocrx_word' id='word_1_181' title='bbox 1214 2091 1559 2159; x_wconf 89' lang='grc' dir='ltr'><em>περιετίθετο</em></span> <span class='ocrx_word' id='word_1_182' title='bbox 1589 2083 1654 2141; x_wconf 81' lang='grc' dir='ltr'><em>τά</em></span> 
     </span>
     <span class='ocr_line' id='line_1_25' title="bbox 35 2165 1653 2244; baseline 0 -18"><span class='ocrx_word' id='word_1_183' title='bbox 35 2165 206 2241; x_wconf 80' lang='grc' dir='ltr'><em>“πρὸς</em></span> <span class='ocrx_word' id='word_1_184' title='bbox 244 2168 346 2241; x_wconf 83' lang='grc' dir='ltr'><em>τὴν</em></span> <span class='ocrx_word' id='word_1_185' title='bbox 390 2168 576 2244; x_wconf 81' lang='grc' dir='ltr'><em>πυρὰν</em></span> <span class='ocrx_word' id='word_1_186' title='bbox 607 2168 924 2243; x_wconf 84' lang='grc' dir='ltr'><em>ἡρμοσμένα</em></span> <span class='ocrx_word' id='word_1_187' title='bbox 963 2166 1201 2242; x_wconf 88' lang='grc' dir='ltr'><em>όργανα,</em></span> <span class='ocrx_word' id='word_1_188' title='bbox 1242 2169 1560 2243; x_wconf 91' lang='grc' dir='ltr'><em>μελλόντων</em></span> <span class='ocrx_word' id='word_1_189' title='bbox 1594 2170 1653 2226; x_wconf 76' lang='grc' dir='ltr'><em>δὲ</em></span> 
     </span>
     <span class='ocr_line' id='line_1_26' title="bbox 37 2247 1716 2328; baseline 0 -18"><span class='ocrx_word' id='word_1_190' title='bbox 37 2247 254 2311; x_wconf 77' lang='grc' dir='ltr'><em>“αὗτῶν</em></span> <span class='ocrx_word' id='word_1_191' title='bbox 283 2256 374 2310; x_wconf 89' lang='grc' dir='ltr'><em>καὶ</em></span> <span class='ocrx_word' id='word_1_192' title='bbox 407 2257 728 2328; x_wconf 76' lang='grc' dir='ltr'><em>προσηλοῦν</em></span> <span class='ocrx_word' id='word_1_193' title='bbox 758 2250 928 2311; x_wconf 76' lang='grc' dir='ltr'><em>αὐτὸν</em></span> <span class='ocrx_word' id='word_1_194' title='bbox 961 2255 1115 2312; x_wconf 80' lang='grc' dir='ltr'><em>εἶπεν</em></span> <span class='ocrx_word' id='word_1_195' title='bbox 1142 2250 1334 2328; x_wconf 57' lang='grc' dir='ltr'><em>Ἦὲφετέ</em></span> <span class='ocrx_word' id='word_1_196' title='bbox 1359 2279 1427 2328; x_wconf 90' lang='grc' dir='ltr'><em>με</em></span> <span class='ocrx_word' id='word_1_197' title='bbox 1457 2251 1648 2320; x_wconf 80' lang='grc' dir='ltr'><em>οὕτως·</em></span> <span class='ocrx_word' id='word_1_198' title='bbox 1675 2268 1716 2300; x_wconf 82' lang='lat'><em>25</em></span> 
     </span>
     <span class='ocr_line' id='line_1_27' title="bbox 37 2330 1651 2412; baseline 0 -18"><span class='ocrx_word' id='word_1_199' title='bbox 37 2330 101 2394; x_wconf 73' lang='lat'>“6</span> <span class='ocrx_word' id='word_1_200' title='bbox 130 2361 232 2411; x_wconf 88' lang='grc' dir='ltr'><em>γαρ</em></span> <span class='ocrx_word' id='word_1_201' title='bbox 266 2337 457 2406; x_wconf 75' lang='grc' dir='ltr'><em>διδους</em></span> <span class='ocrx_word' id='word_1_202' title='bbox 487 2337 786 2410; x_wconf 83' lang='grc' dir='ltr'><em>ὑπομειναι</em></span> <span class='ocrx_word' id='word_1_203' title='bbox 815 2338 875 2395; x_wconf 85' lang='grc' dir='ltr'><em>τὸ</em></span> <span class='ocrx_word' id='word_1_204' title='bbox 907 2345 1018 2410; x_wconf 86' lang='grc' dir='ltr'><em>πῦρ</em></span> <span class='ocrx_word' id='word_1_205' title='bbox 1051 2339 1219 2396; x_wconf 79' lang='grc' dir='ltr'><em>δώσει</em></span> <span class='ocrx_word' id='word_1_206' title='bbox 1250 2341 1342 2395; x_wconf 88' lang='grc' dir='ltr'><em>καὶ</em></span> <span class='ocrx_word' id='word_1_207' title='bbox 1366 2363 1533 2412; x_wconf 88' lang='grc' dir='ltr'><em>χωρις</em></span> <span class='ocrx_word' id='word_1_208' title='bbox 1557 2341 1651 2411; x_wconf 88' lang='grc' dir='ltr'><em>τῆς</em></span> 
     </span>
     <span class='ocr_line' id='line_1_28' title="bbox 38 2414 1651 2496; baseline 0 -17"><span class='ocrx_word' id='word_1_209' title='bbox 38 2414 332 2495; x_wconf 57' lang='grc' dir='ltr'><em>’Ἦμετέρας</em></span> <span class='ocrx_word' id='word_1_210' title='bbox 367 2426 425 2479; x_wconf 82' lang='grc' dir='ltr'><em>ἐκ</em></span> <span class='ocrx_word' id='word_1_211' title='bbox 455 2426 568 2480; x_wconf 78' lang='grc' dir='ltr'><em>τῶν</em></span> <span class='ocrx_word' id='word_1_212' title='bbox 599 2422 749 2496; x_wconf 84' lang='grc' dir='ltr'><em>ῆλων</em></span> <span class='ocrx_word' id='word_1_213' title='bbox 780 2420 1087 2496; x_wconf 76' lang='grc' dir='ltr'><em>ἀσφαλείας</em></span> <span class='ocrx_word' id='word_1_214' title='bbox 1118 2420 1403 2489; x_wconf 82' lang='grc' dir='ltr'><em>άσκύλτως</em></span> <span class='ocrx_word' id='word_1_215' title='bbox 1437 2426 1651 2495; x_wconf 79' lang='grc' dir='ltr'><em>ἐπιμεῖ-</em></span> 
     </span>
     <span class='ocr_line' id='line_1_29' title="bbox 37 2499 1649 2582; baseline 0 -20"><span class='ocrx_word' id='word_1_216' title='bbox 37 2499 163 2563; x_wconf 69' lang='lat' dir='ltr'><em>“vat</em></span> <span class='ocrx_word' id='word_1_217' title='bbox 189 2509 256 2580; x_wconf 80' lang='grc' dir='ltr'><em>τῇ</em></span> <span class='ocrx_word' id='word_1_218' title='bbox 289 2504 470 2582; x_wconf 52' lang='grc' dir='ltr'><em>πυρᾷἶ</em></span> <span class='ocrx_word' id='word_1_219' title='bbox 533 2511 590 2564; x_wconf 83' lang='grc' dir='ltr'><em>οί</em></span> <span class='ocrx_word' id='word_1_220' title='bbox 620 2508 681 2564; x_wconf 75' lang='grc' dir='ltr'><em>δε</em></span> <span class='ocrx_word' id='word_1_221' title='bbox 711 2506 777 2564; x_wconf 80' lang='grc' dir='ltr'><em>οὐ</em></span> <span class='ocrx_word' id='word_1_222' title='bbox 811 2506 1170 2580; x_wconf 87' lang='grc' dir='ltr'><em>καθήλωσαν,</em></span> <span class='ocrx_word' id='word_1_223' title='bbox 1201 2508 1556 2582; x_wconf 83' lang='grc' dir='ltr'><em>προσέδησαν</em></span> <span class='ocrx_word' id='word_1_224' title='bbox 1588 2507 1649 2563; x_wconf 79' lang='grc' dir='ltr'><em>δε</em></span> 
     </span>
     <span class='ocr_line' id='line_1_30' title="bbox 37 2581 1648 2666; baseline -0.001 -19"><span class='ocrx_word' id='word_1_225' title='bbox 37 2581 254 2648; x_wconf 73' lang='grc' dir='ltr'><em>“αὕτόν.</em></span> <span class='ocrx_word' id='word_1_226' title='bbox 345 2596 427 2648; x_wconf 83' lang='grc'><strong>32.</strong></span> <span class='ocrx_word' id='word_1_227' title='bbox 472 2589 500 2648; x_wconf 88' lang='grc' dir='ltr'>ὁ</span> <span class='ocrx_word' id='word_1_228' title='bbox 544 2592 605 2648; x_wconf 74' lang='grc' dir='ltr'><em>δὲ</em></span> <span class='ocrx_word' id='word_1_229' title='bbox 643 2588 820 2648; x_wconf 86' lang='grc' dir='ltr'><em>ὀπίσω</em></span> <span class='ocrx_word' id='word_1_230' title='bbox 871 2590 966 2659; x_wconf 74' lang='grc' dir='ltr'><em>τὰς</em></span> <span class='ocrx_word' id='word_1_231' title='bbox 1017 2606 1203 2666; x_wconf 82' lang='grc' dir='ltr'><em>χεῖρας</em></span> <span class='ocrx_word' id='word_1_232' title='bbox 1241 2590 1502 2663; x_wconf 87' lang='grc' dir='ltr'><em>ποιήσας,</em></span> <span class='ocrx_word' id='word_1_233' title='bbox 1556 2593 1648 2647; x_wconf 85' lang='grc' dir='ltr'><em>καὶ</em></span> 
     </span>
     <span class='ocr_line' id='line_1_31' title="bbox 37 2668 1711 2749; baseline 0.001 -19.008"><span class='ocrx_word' id='word_1_234' title='bbox 37 2668 402 2747; x_wconf 65' lang='grc' dir='ltr'><em>’προσδεθεὶς</em></span> <span class='ocrx_word' id='word_1_235' title='bbox 454 2673 638 2746; x_wconf 74' lang='grc' dir='ltr'><em>ὥσπερ</em></span> <span class='ocrx_word' id='word_1_236' title='bbox 697 2674 847 2744; x_wconf 85' lang='grc' dir='ltr'><em>κριὸς</em></span> <span class='ocrx_word' id='word_1_237' title='bbox 910 2679 1170 2748; x_wconf 80' lang='grc' dir='ltr'><em>ἐπίσημος</em></span> <span class='ocrx_word' id='word_1_238' title='bbox 1232 2673 1646 2749; x_wconf 72' lang='grc' dir='ltr'><em>ἀναφερόμενος</em></span> <span class='ocrx_word' id='word_1_239' title='bbox 1670 2689 1711 2720; x_wconf 83' lang='grc'><em>30</em></span> 
     </span>
     <span class='ocr_line' id='line_1_32' title="bbox 37 2752 1644 2834; baseline 0 -20"><span class='ocrx_word' id='word_1_240' title='bbox 37 2752 134 2814; x_wconf 67' lang='grc' dir='ltr'><em>Ἳκ</em></span> <span class='ocrx_word' id='word_1_241' title='bbox 161 2757 401 2830; x_wconf 80' lang='grc' dir='ltr'><em>μεγάλου</em></span> <span class='ocrx_word' id='word_1_242' title='bbox 432 2765 693 2832; x_wconf 91' lang='grc' dir='ltr'><em>ποιμνίου</em></span> <span class='ocrx_word' id='word_1_243' title='bbox 723 2758 1081 2833; x_wconf 86' lang='grc' dir='ltr'><em>ὁλοκαύτωμα</em></span> <span class='ocrx_word' id='word_1_244' title='bbox 1125 2759 1321 2818; x_wconf 84' lang='grc' dir='ltr'><em>δεκτὸν</em></span> <span class='ocrx_word' id='word_1_245' title='bbox 1360 2762 1479 2834; x_wconf 73' lang='grc' dir='ltr'><em>θεῷ</em></span> <span class='ocrx_word' id='word_1_246' title='bbox 1509 2782 1644 2816; x_wconf 90' lang='grc' dir='ltr'><em>παν-</em></span> 
     </span>
     <span class='ocr_line' id='line_1_33' title="bbox 37 2835 1642 2916; baseline 0.001 -19"><span class='ocrx_word' id='word_1_247' title='bbox 37 2835 383 2916; x_wconf 79' lang='grc' dir='ltr'><em>“τοκράτορι,</em></span> <span class='ocrx_word' id='word_1_248' title='bbox 428 2843 582 2901; x_wconf 82' lang='grc' dir='ltr'><em>εἶπεν</em></span> <span class='ocrx_word' id='word_1_249' title='bbox 621 2848 703 2901; x_wconf 83' lang='lat'><em>33.</em></span> <span class='ocrx_word' id='word_1_250' title='bbox 742 2839 790 2901; x_wconf 84' lang='lat'>‘6</span> <span class='ocrx_word' id='word_1_251' title='bbox 833 2847 930 2901; x_wconf 86' lang='grc' dir='ltr'><em>τοῦ</em></span> <span class='ocrx_word' id='word_1_252' title='bbox 971 2842 1258 2916; x_wconf 80' lang='grc' dir='ltr'><em>ἀγαπητοῦ</em></span> <span class='ocrx_word' id='word_1_253' title='bbox 1288 2846 1380 2900; x_wconf 86' lang='grc' dir='ltr'><em>καὶ</em></span> <span class='ocrx_word' id='word_1_254' title='bbox 1413 2841 1642 2914; x_wconf 81' lang='grc' dir='ltr'><em>εὐλογη-</em></span> 
     </span>
    </p>
   </div>
   <div class='ocr_carea' id='block_1_3' title="bbox 0 0 25 3152">
    <p class='ocr_par' dir='ltr' id='par_1_3' title="bbox 0 0 25 3152">
     <span class='ocr_line' id='line_1_34' title="bbox 0 0 25 3152; baseline 0 0"><span class='ocrx_word' id='word_1_255' title='bbox 0 0 25 3152; x_wconf 95' lang='lat' dir='ltr'><em> </em></span> 
     </span>
    </p>
   </div>
  </div>
 </body>
</html>
