2032 3174
315 129 379 180 1,ss
995 126 1243 167 EUSEBII
1307 123 1309 125 ’

312 243 377 303 οὐ
409 243 545 302 κατὰ
574 245 674 315 τὴν
704 250 816 300 τῶν
848 241 1033 299 ἄλλων
1065 240 1318 315 σύμβολα
1339 245 1430 300 καὶ
1462 241 1670 310 τύπους
1700 241 1918 314 ἀνειλη-

311 328 499 401 φότων
530 327 765 401 Χριστὸς
812 329 904 383 καὶ
947 325 1125 400 ἱερεὺς
1165 323 1295 399 μεθ’
1337 323 1506 399 ὅρκου
1549 325 1918 400 παραλήψεως

312 412 339 470 ὁ
374 410 554 486 σωτὴρ
585 411 741 485 ἡμῶν
771 408 1151 486 ἀνηγόρευται.
1226 415 1305 468 18.
1339 409 1478 469 ὅθεν
1511 408 1643 468 οὐδὲ
1683 430 1917 484 σωματι-

313 500 419 564 κοῖς
450 494 599 570 παρὰ
622 493 909 562 Ἰουδαίοις
932 499 1232 571 χρισθέντα
1258 492 1428 553 αὐτὸν
1451 491 1484 567 ἡ
1511 500 1721 569 ἱστορία
1746 517 1918 569 παρα-

268 606 289 638 5
315 587 574 653 δίδωσιν,
617 578 741 637 ἀλλ’
775 578 899 638 οὐδ’
938 583 997 638 ἐκ
1035 586 1214 654 φυλῆς
1253 583 1364 638 τῶν
1406 582 1723 654 ἱερωμένων
1760 578 1920 651 γενό-

311 690 508 738 μενον,
566 668 618 732 ἐξ
670 662 841 722 αὐτοῦ
893 666 954 722 δὲ
995 671 1094 722 τοῦ
1134 669 1272 722 θεοῦ
1317 663 1423 735 πρὸ
1468 662 1758 737 ἑωσφόρον
1798 663 1918 736 μὲν,

312 753 559 807 τουτέστι
589 747 694 823 πρὸ
725 755 820 822 τῆς
851 754 948 806 τοῦ
980 748 1188 822 κόσμου
1213 747 1530 816 συστάσεως
1555 744 1919 821 οὖσιωμένον,

310 831 597 892 ἀθάνατον
631 835 689 891 δὲ
720 836 812 891 καὶ
842 830 1029 908 ἀγήρω
1060 833 1161 907 τὴν
1193 832 1504 908 ἱερωσύνην
1536 838 1612 899 εἰς
1642 831 1738 890 τὸν
1769 830 1919 888 ἄπει-

313 942 412 989 ρον
443 921 618 975 αἰῶνα
649 922 1055 991 διακατέχοντα.
1134 923 1212 975 19.
1244 922 1339 990 τῆς
1372 916 1421 974 δ’
1460 923 1538 985 εἰς
1569 914 1738 974 αὐτὸν
1766 939 1920 988 γενο-

249 1028 290 1058 10
313 1004 480 1075 μένης
511 1000 805 1076 ἀσωμάτου
835 1005 927 1060 καὶ
961 1004 1162 1061 ἐνθέου
1192 1009 1422 1076 χρίσεως
1463 1004 1602 1075 μέγα
1632 1002 1724 1057 καὶ
1757 1004 1919 1073 ἐναρ-
1965 1053 1970 1056 .

313 1087 403 1159 γὲς
427 1087 723 1161 τεκμήριον
745 1087 804 1144 τὸ
828 1086 1001 1160 μόνον
1023 1085 1194 1144 αὐτὸν
1217 1090 1269 1155 ἐξ
1295 1084 1683 1144 ἁπάντωντῶν
1700 1083 1920 1142 πώποτε

314 1173 480 1228 εἰσέτι
510 1176 602 1228 καὶ
633 1176 741 1230 νῦν
771 1171 919 1245 παρὰ
951 1176 1121 1229 πᾶσιν
1145 1169 1467 1245 ἀνθρώποις
1490 1169 1623 1228 καθ’
1657 1167 1790 1227 ὅλου
1821 1171 1923 1226 τοῦ

312 1254 521 1328 κόσμου
552 1254 792 1328 Χριστὸν
825 1259 1282 1330 ἐπιφημίζεσθαι,
1313 1254 1713 1328 ὁμολογεῖσθαί
1738 1277 1798 1311 τε
1829 1255 1920 1310 καὶ

311 1350 716 1414 μαρτυρεῖσθαι
743 1338 876 1414 πρὸς
900 1339 1161 1398 ἁπάντων
1187 1341 1275 1396 ἐπὶ
1297 1343 1362 1413 τῇ
1387 1344 1749 1414 προσηγορίᾳ,
1774 1337 1922 1410 παρά

251 1448 290 1478 15
314 1448 372 1481 τε
386 1421 611 1496 ’Έλλησι
657 1427 745 1481 καὶ
788 1423 1090 1498 βαρβάροις
1121 1421 1601 1497 μνημονεύεσθαι,
1634 1425 1726 1479 καὶ
1758 1423 1923 1480 εἰσέτι

313 1510 404 1564 καὶ
437 1513 543 1566 νῦν
573 1507 720 1583 παρὰ
750 1523 862 1576 τοῖς
893 1505 1000 1565 ἀνὰ
1029 1507 1130 1581 τὴν
1161 1509 1494 1581 οἰκουμένην
1517 1505 1688 1565 αὐτοῦ
1711 1505 1922 1564 θιασώ-

311 1616 429 1659 ταις
460 1596 725 1666 τιμᾶσθαι
748 1594 852 1666 μὲν
876 1590 949 1659 ὦς
980 1594 1238 1665 βασιλέα,
1273 1590 1659 1664 θαυμάζεσθαι
1692 1591 1754 1647 δὲ
1776 1586 1921 1662 ὑπὲρ

312 1676 623 1750 προφήτην,
658 1676 991 1746 δοξάζεσθαί
1005 1701 1064 1734 τε
1095 1674 1246 1733 ὦσαν
1266 1674 1453 1748 ἀληθῆ
1474 1678 1565 1732 καὶ
1588 1673 1760 1748 μόνον
1782 1678 1922 1732 θεοῦ

313 1758 596 1834 ἀρχιερέα,
630 1762 720 1818 καὶ
755 1763 843 1818 ἐπὶ
873 1765 1008 1817 πᾶσι
1037 1759 1253 1826 τούτοις
1291 1767 1381 1817 οἱα
1421 1762 1563 1816 θεοῦ
1592 1757 1759 1832 λόγον
1789 1781 1920 1831 προ-

250 1868 292 1898 ει
315 1843 447 1901 όντα
478 1846 570 1901 καὶ
602 1843 707 1918 πρὸ
739 1843 961 1902 αἰώνων
993 1843 1255 1901 ἁπάντων
1285 1842 1655 1917 οὐσιωμένον,
1698 1843 1801 1916 τὴν
1832 1861 1920 1901 σε·

314 1927 551 2002 βασμιον
602 1927 766 2002 τιμὴν
814 1951 963 2001 παρα
1011 1932 1108 1985 τοῦ
1148 1926 1352 2002 πατρὸς
1404 1926 1777 2001 ὑπειληφότα,
1828 1929 1920 1984 καὶ

313 2023 754 2083 προσκυνεῖσθαι
796 2011 949 2071 ὦσαν
986 2011 1138 2070 θεόν.
1210 2017 1293 2069 20.
1327 2011 1388 2070 τό
1419 2037 1480 2085 γε
1519 2010 1629 2086 μὴν
1659 2008 1921 2070 ἁπάντων

313 2095 777 2171 παραδοξότατον,
808 2094 888 2154 ὅτι
916 2097 989 2170 μὴ
1021 2110 1234 2169 φωναῖς
1257 2095 1390 2154 αὐτὸ
1416 2095 1590 2169 μόνον
1621 2099 1712 2154 καὶ
1745 2095 1923 2170 ῥημα-

312 2203 425 2237 των
455 2179 655 2253 ψόφοις
686 2180 858 2238 αὐτὸν
887 2189 1215 2255 γεραίρομεν
1236 2186 1292 2237 οἱ
1311 2182 1730 2254 καθωσιωμένοι
1750 2179 1919 2256 αὐτῷ,

250 2282 291 2317 25
314 2260 455 2320 ἄλλα
494 2267 584 2321 καὶ
625 2264 772 2339 πάσῃ
817 2268 1065 2323 διαθέσει
1111 2268 1316 2339 ψυχῆς,
1359 2263 1431 2331 ὡς
1462 2267 1552 2321 καὶ
1584 2262 1753 2336 αὐτῆς
1784 2286 1923 2335 προ-

314 2351 477 2421 τιμᾶν
505 2352 600 2420 τῆς
633 2352 846 2406 ἑαυτῶν
878 2354 1013 2422 ζωῆς
1044 2348 1145 2421 τὴν
1178 2355 1254 2414 εἰς
1285 2346 1458 2407 αὐτὸν
1486 2356 1811 2424 μαρτυρίαν.

440 2444 516 2511 [V.
573 2443 698 2508 [Nic.
728 2445 784 2493 H.
814 2445 867 2492 E.
896 2445 932 2501 1,
960 2443 1037 2509 5]
1108 2437 1295 2490 Ταῦτα
1333 2434 1435 2506 μὲν
1474 2425 1577 2491 οὖν
1607 2430 1921 2506 ἀναγκαίως

315 2516 420 2589 πρὸ
449 2520 544 2590 τῆς
575 2521 818 2591 ἱστορίας
851 2515 1093 2575 ἐνταῦθα
1115 2542 1203 2590 μοι
1238 2527 1466 2591 κείσθω,
1502 2514 1574 2584 ὥς
1598 2513 1668 2575 ἂν
1690 2517 1764 2591 μὴ
1785 2516 1921 2576 νεώ·-

313 2599 473 2675 τερόν
502 2624 583 2667 τις
615 2601 757 2659 εἶναι
787 2607 1030 2675 νομίσειε
1060 2599 1157 2659 τὸν
1181 2607 1400 2676 σωτῆρα
1431 2603 1522 2659 καὶ
1547 2600 1742 2676 κύριον
1764 2598 1920 2674 ἡμῶν

250 2708 292 2741 30
309 2681 522 2757 Ἰησοῦν
552 2683 648 2743 τὸν
670 2684 912 2760 Χριστὸν
938 2684 1029 2743 διὰ
1051 2686 1178 2752 τοὺς
1207 2689 1302 2759 τῆς
1337 2685 1608 2761 ἐνσοὲρκου
1639 2690 1920 2752 πολιτείας

315 2765 486 2826 αὐτοῦ
515 2768 764 2844 χρόνους.
826 2775 918 2827 ἵνα
951 2771 1014 2827 δὲ
1042 2771 1181 2844 μηδὲ
1211 2769 1313 2843 τὴν
1350 2775 1715 2828 διδασκαλίαν
1747 2766 1919 2827 αὐτοῦ

316 2855 450 2911 νέαν
482 2854 623 2911 εἶναι
654 2857 744 2912 καὶ
775 2857 967 2929 ξένην,
1003 2853 1155 2912 ὦσαν
1185 2851 1294 2912 ὑπὸ
1321 2858 1451 2913 νέου
1482 2857 1573 2912 καὶ
1603 2855 1779 2928 μηδὲν
1808 2857 1921 2911 τῶν
