1986 3152
479 92 637 135 HIST.
668 91 917 133 ECCLES.
950 93 1002 134 V.
1035 93 1089 133 ‘28
1120 95 1166 131 et
1195 91 1272 131 VI.
1310 93 1347 130 1.
1612 85 1717 139 239

103 204 293 280 “εὕροι
311 210 718 279 διαφωνοῦντα.
766 205 1078 280 ἀσύμφωνα
1096 212 1232 279 γοῦν
1250 212 1399 263 ἔσται
1414 204 1479 262 τα
1494 201 1717 278 Ἀσκλη-

103 287 347 350 “πια’δου
390 304 504 357 τοῖς
538 290 830 349 Θεοδότου.
896 295 975 347 17.
1010 293 1231 348 πολλῶν
1271 291 1330 347 δὲ
1373 295 1520 347 ἔστιν
1555 288 1716 347 εὐπο-

100 371 321 448 “ρῆσαι,
355 372 446 432 διὰ
477 375 536 432 τὸ
568 383 868 448 φιλοτίμως
901 374 1280 447 ἐγγεγράφθαι
1310 372 1436 441 τούς
1464 372 1717 446 μαθητὰς

100 455 129 478 ee
191 456 203 476 2
263 462 285 472 ω
1024 463 1043 472 2
1174 455 1186 474 e
1315 459 1328 478 5
1403 461 1416 482 χ
1612 464 1634 474 η

413 457 714 479 ἱἱἱἱ

101 539 570 617 “κατωρθωμε’να,
591 547 872 602 τουτέστιν
897 547 1262 616 ηφανισμένα.
1318 542 1486 599 πάλιν
1512 544 1571 599 δὲ
1594 541 1716 600 τού-
1738 567 1759 601 5

101 622 248 694 “τοις
289 627 354 684 τὰ
380 623 714 701 Ἐρμοφίλου
754 626 819 685 οὕ
852 627 1099 702 συνᾴδει.
1161 627 1226 684 τὰ
1255 627 1361 701 γὰρ
1388 626 1717 684 Ἀπολλωνί-

99 709 243 768 “δου
282 708 416 768 οὐδὲ
456 710 595 768 αὐτοὶ
634 715 850 777 ἑαυτοῖς
891 714 1002 768 ἐστι
1045 712 1336 784 σύμφωνα.
1404 717 1582 768 ἔνεστι
1613 710 1717 783 γὰρ

99 791 433 867 “συγκρῖναι
463 796 528 852 τὰ
559 795 828 869 πρότερον
853 793 952 852 ὑπ’
983 792 1169 852 αὐτῶν
1193 797 1718 852 κατασκευασθέντα

98 877 246 945 “τοι”ς
269 875 505 951 ὕστερον
529 878 696 937 πάλιν
722 885 1220 951 ἐπιδιαστραφεῖσι,
1253 880 1358 946 καὶΔ
1373 878 1559 950 εὑρεῖν
1583 876 1720 935 κατὰ

98 961 278 1019 “πολυ
321 961 622 1021 απαδοντα.
698 970 776 1021 18.
820 963 951 1036 ὅσης
997 964 1057 1020 δὲ
1088 961 1288 1036 τόλμης
1323 965 1433 1019 ἐστὶ
1464 986 1626 1020 τουτο
1656 961 1717 1019 τὸ

98 1043 455 1121 “ἆμοὲρτημα,
500 1049 644 1116 εἰκὸς
682 1049 824 1122 μηδε
867 1053 1114 1114 ἐκείνους
1149 1045 1387 1120 ἀγνοεῖν.
1449 1042 1482 1120 ἢ
1514 1046 1618 1120 γὰρ
1651 1046 1717 1105 οὐ

98 1127 496 1190 “πιστεύουσιν
526 1132 667 1234 ἆγίφ
698 1131 971 1206 πνεύματι
1002 1134 1261 1205 λελέχθαι
1284 1156 1379 1198 τας
1403 1139 1562 1197 θείας
1587 1157 1718 1204 γρα-

98 1212 276 1288 “φοές,
317 1223 415 1274 καί
441 1223 583 1275 εἰσιν
613 1215 864 1288 ἄπιστοι,
907 1213 941 1290 ἢ
973 1216 1202 1283 ἑαυτους
1235 1215 1500 1288 ἡγοῦνται
1531 1235 1719 1289 σοφω-

99 1299 326 1404 ἶτέρους
357 1325 455 1358 του
486 1300 649 1374 ἁγίου
680 1301 991 1375 πνεύματος
1015 1297 1304 1374 υπάρχειν,
1336 1302 1429 1357 καὶ
1451 1305 1508 1357 τί
1530 1303 1718 1372 ε’τερον

98 1380 171 1485 Σῖῆ
204 1390 560 1458 δαιμονῶσιν.
623 1383 756 1443 οὐδε
787 1411 891 1459 γαρ
916 1383 1268 1458 ἀρνήσασθαι
1296 1383 1617 1442 δυνανται
1590 1409 1714 1442 εαυ-

98 1464 247 1526 “τῶν
288 1469 433 1527 εἶναι
471 1468 531 1527 τὸ
573 1470 848 1544 τόλμημα,
890 1466 1097 1527 ὁπόταν
1137 1471 1228 1526 καὶ
1261 1472 1330 1542 τῇ
1359 1493 1547 1526 αυτων
1577 1471 1718 1543 χειρὶ

99 1545 173 1627 “ᾗ
201 1554 580 1628 γεγραμμένα,
625 1557 714 1612 καὶ
757 1552 888 1628 παρ’
925 1579 1004 1612 ων
1035 1552 1458 1627 κατηχήθησαν,
1500 1551 1575 1626 μὴ
1606 1579 1717 1611 τοι-

100 1633 305 1704 “αυ’τας
336 1641 654 1712 παρέλαβον
683 1664 777 1706 τας
801 1663 1038 1714 γραφας,
1069 1640 1160 1695 καὶ
1187 1641 1360 1706 δεῖξαι
1382 1635 1716 1712 ἀντίγραφα,

99 1720 273 1780 “ὃ’θεν
315 1720 455 1779 αὐτὰ
497 1722 937 1797 μετεγράψαντο,
978 1722 1052 1796 μὴ
1096 1729 1310 1795 ἔχωσιν.
1375 1726 1456 1779 19.
1493 1728 1628 1780 ἔνιοι
1658 1724 1719 1780 δὲ

98 1803 324 1864 “αυτῶν
372 1805 506 1864 οὐδε
556 1806 1007 1881 παραχαράσσειν
1056 1806 1300 1878 ἠξιωσαν
1340 1803 1535 1879 αὐτὰς,
1589 1803 1714 1864 ἀλλ’

99 1886 322 1957 “dnae-59
364 1890 736 1966 ἆρνησαμενοι
778 1890 876 1950 τόν
914 1916 972 1949 τε
1012 1890 1184 1964 νόμον
1225 1893 1314 1948 καὶ
1346 1915 1474 1958 τους
1504 1889 1718 1991 προφή-

99 1969 263 2046 “τας,
295 1972 505 2049 ανόμου
536 1979 628 2034 καὶ
661 1973 837 2034 αθέου
871 1981 1232 2045 διδασκαλίας
1264 1993 1536 2048 προφασει
1568 2000 1718 2049 χαρι-

100 2054 226 2126 “tog
278 2065 354 2128 εἰς
407 2066 636 2134 ἔσχατον
677 2058 952 2127 ἀπωλείας
991 2058 1232 2134 ὄλεθρον
1273 2065 1716 2132 κατωλίσθησαν.

101 2138 230 2200 “καὶ
261 2149 433 2202 ταῦτα
463 2147 564 2219 μὲν
594 2151 790 2203 τοῦτον
822 2144 1139 2219 ἱστορήσθω
1170 2143 1266 2202 τὸν
1297 2142 1518 2217 τρόπον.

694 2397 1019 2440 ΛΟΓΟΣ
1078 2397 1128 2438 ς.

236 2495 270 2544 1.
327 2495 452 2561 [Nic.
484 2496 541 2545 H.
570 2497 623 2547 E.
652 2495 704 2553 V,
732 2494 809 2561 2.]
878 2481 970 2551 Ὡς
996 2485 1055 2542 δὲ
1078 2486 1167 2541 καὶ
1195 2490 1449 2556 Σεβῆρος
1476 2480 1719 2556 διωγμὸν

110 2567 245 2625 κατὰ
283 2572 396 2626 τῶν
439 2572 744 2642 ἐκκλησιῶν
788 2572 984 2640 ἐκίνει,
1027 2566 1250 2644 λαμπροὶ
1289 2569 1391 2642 μὲν
1431 2571 1542 2625 τῶν
1575 2566 1718 2636 ὑπὲρ

113 2647 396 2724 εὐσεβείας
448 2650 710 2725 ἀθλητῶν
760 2651 897 2710 κατὰ
949 2651 1130 2710 πάντα
1180 2651 1352 2711 τόπον
1403 2650 1718 2710 ἆπετελεῖτο

111 2735 411 2811 μαρτύρια,
453 2736 688 2811 μάλιστα
732 2735 782 2794 δ’
831 2735 1114 2809 ἐπλήθυεν
1156 2735 1242 2795 ἐπ’
1282 2736 1717 2806 Ἀλεξανδρείας,

110 2822 221 2876 τῶν
259 2818 355 2878 ἀπ’
390 2821 679 2895 Αἰγύπτου
710 2823 800 2878 καὶ
835 2827 1112 2894 Θηβαΐδος
1143 2818 1359 2893 ἁπάσης
1390 2819 1718 2891 ἀριστίνδην

1741 990 1781 1021 10

1740 1408 1780 1440 15

1739 1829 1782 1861 20

1741 2502 1782 2535 25
