2032 3174
300 89 367 140 92
924 90 1169 130 EUSEBII

291 202 419 260 “καὶ
453 202 644 275 γενεὰς
675 203 776 260 τὸν
807 206 982 276 δῆμον
1016 202 1358 276 ἐπεβόσκετο.
1429 206 1521 262 καὶ
1552 203 1616 262 τά
1645 206 1748 278 μὲν
1777 206 1907 278 τέγη

293 283 655 360 “πεπλη’ρωτο
695 293 979 359 γυναικῶν
1030 289 1120 344 καὶ
1173 291 1400 362 βρεφῶν
1452 292 1798 363 λελυμένων,
1851 294 1918 347 οῖ

294 370 602 429 “στενωποὶ
645 373 706 428 δὲ·
750 370 1032 445 γερόντων
1073 375 1302 446 νεκρῶν.
1379 376 1458 429 12.
1493 378 1687 440 παῖδες
1720 373 1780 430 δὲ
1811 377 1903 431 καὶ

293 451 546 512 “νεανίαι
590 459 929 522 διοιδοῦντες
961 455 1144 531 ῶσπερ
1178 461 1382 513 εἴδωλα
1411 456 1547 512 κατὰ
1577 455 1671 524 τὰς
1701 456 1904 532 ἀγοράς

259 537 655 598 5“άνειλοῦντο
680 543 772 597 καὶ
796 543 1147 612 κατέπιπτον,
1179 539 1286 613 ὅπη
1310 564 1433 597 τινα
1450 538 1509 597 τὸ
1534 539 1713 607 πάθος
1743 565 1904 598 κατα-

288 618 623 696 “λαμβάνοι·
658 623 897 683 θάπτειν
924 625 982 681 δε
1007 624 1134 691 τοὺς
1160 622 1538 698 προσήκοντας
1555 623 1683 682 οὔτε
1708 634 1902 698 ἰσχυον

287 702 382 765 “oo‘'
409 707 743 781 κάμνοντες,
788 712 880 766 καὶ
920 709 978 766 τὸ
1023 712 1351 778 διευτονοῦν
1392 706 1586 780 ῶκνει,
1630 707 1722 766 διά
1752 732 1810 767 τε
1840 708 1901 766 τό

285 789 538 865 “πλῆθος
570 797 682 850 τῶν
713 799 929 866 νεκρῶν
961 795 1050 850 καὶ
1084 792 1142 850 τὸ
1177 791 1311 850 κατὰ
1335 799 1479 866 σφᾶς
1503 792 1726 866 ἄδηλον.
1774 801 1903 850 πολ-

288 871 411 933 “stol
452 883 590 948 γοῦν
635 891 748 945 τοῖς
786 875 887 935 ὑπ’
934 876 1118 935 αὐτῶν
1164 879 1532 950 θαπτομένοις
1585 878 1906 950 ἐπαπέθνη-

233 957 300 1059 10:
306 955 488 1031 “,σκον
531 964 722 1019 πολλοὶ
767 961 816 1019 δ’
857 964 944 1019 ἐπὶ
983 962 1077 1029 τὰς
1107 962 1317 1034 θήκας,
1361 965 1495 1035 πρὶν
1527 965 1812 1034 ἐπιστῆναι
1843 959 1904 1018 τὸ

289 1039 531 1144 Ξζχρεῶν,
565 1051 867 1145 προῆλθον.
924 1051 1003 1103 13.
1038 1044 1164 1103 ου’τε
1197 1047 1255 1103 δε
1285 1051 1495 1119 θρῆνος
1529 1049 1588 1103 ἐν
1617 1059 1735 1113 ταῖς
1766 1063 1904 1119 συμ-

284 1123 522 1231 ἱζφοραις
574 1127 701 1186 οὔτε
744 1129 1059 1204 ὀλοφυρμὸς
1099 1123 1201 1202 ἦν,
1257 1128 1376 1186 ἀλλ’
1427 1129 1454 1187 ὁ
1508 1130 1662 1204 λιμὸς
1703 1129 1897 1203 ἤλεγχε

284 1210 388 1268 “voc
419 1211 589 1285 πάθη
653 1217 835 1287 ξηροῖς
881 1215 940 1271 δὲ
970 1228 1083 1281 τοις
1126 1212 1367 1287 ὄμμασιν
1397 1219 1454 1270 οι
1482 1220 1901 1272 δυσθανατοῦν-

285 1291 411 1363 “teg
446 1296 710 1398 ἐφεώρων
750 1297 877 1364 τοὺς
917 1296 1246 1371 φθάσαντας
1287 1294 1736 1356 ἀναπαύσασθαι.
1799 1305 1904 1370 βα-

232 1407 269 1438 15
285 1375 453 1438 “θεῖα
487 1381 547 1438 δε
587 1380 688 1454 τὴν
729 1381 893 1439 πόλιν
923 1397 1164 1457 περιεῖχε
1196 1380 1351 1454 σιγὴ,
1395 1383 1486 1438 καὶ
1516 1380 1617 1451 νύξ
1649 1380 1910 1440 θανάτου·

286 1459 583 1538 “’.γεμουσα
659 1469 750 1523 καὶ
790 1465 1002 1524 τούτων
1041 1472 1098 1524 οι
1133 1468 1328 1540 λῃσταὶ
1372 1461 1755 1541 χαλεπώτεροι.
1820 1471 1899 1523 14.

283 1543 819 1624 “τυμβωρυχοῦντες
860 1554 999 1624 γοῦν
1037 1550 1134 1618 τὰς
1172 1556 1347 1617 οἰκίας
1396 1549 1610 1608 ἐσύλων
1653 1548 1778 1616 τούς
1809 1575 1902 1608 νε-

325 1657 522 1706 κρους,
557 1637 647 1691 καὶ
678 1660 744 1691 τα
776 1634 1101 1709 καλύμματα
1131 1642 1244 1692 τῶν
1286 1634 1556 1708 σωμάτων
1586 1639 1901 1708 περισπῶν-

283 1715 407 1784 “teg
438 1741 573 1790 μετα
606 1722 838 1791 γέλωτος
871 1718 1128 1794 ἐξῄεσαν,
1159 1717 1257 1786 τάς
1287 1742 1345 1776 τε
1376 1717 1550 1792 ἄκμας
1581 1723 1693 1776 τῶν
1724 1722 1905 1791 ξιφῶν·

229 1796 647 1875 ρο“ε’δοκίμαζον
696 1807 754 1860 ἐν
794 1816 907 1870 τοῖς
949 1803 1227 1876 πτώμασι,
1270 1827 1363 1860 και
1393 1827 1545 1870 τινας
1574 1807 1686 1860 τῶν
1720 1805 1902 1877 ε’ρριμ-

299 1883 506 1957 Ημενων
549 1894 625 1944 ἐτι
669 1891 872 1956 ζῶντας
914 1886 1249 1960 διήλαυνον,
1297 1889 1386 1944 ἐπὶ
1416 1892 1581 1964 πείρα
1610 1891 1708 1945 τοῦ
1741 1885 1903 1959 σιδή-

284 1964 449 2041 “ρου,
482 1971 612 2037 τοὺς
646 1972 706 2028 δὲ
749 1971 1093 2039 ἱκετεύοντας
1133 1975 1332 2046 χρῆσαι
1373 1978 1533 2045 σφίσι
1577 1971 1762 2040 δεξιὰν
1803 1973 1898 2028 καὶ

281 2050 497 2125 “ξίφος,
530 2059 606 2129 τῷ
638 2059 778 2131 λιμῷ
803 2059 1097 2114 κατέλιπον
1119 2055 1621 2130 ὑπερηφανοῦντες.
1676 2057 1767 2113 καὶ
1791 2059 1903 2112 τῶν

282 2131 670 2195 “έκπνεο’ντων
714 2143 938 2206 ἕκαστος
980 2138 1169 2207 ἀτενὲς
1211 2145 1287 2207 εἰς
1331 2138 1428 2197 τὸν
1472 2139 1610 2197 ναὸν
1661 2138 1898 2212 ἐφεώρα,

225 2217 445 2287 25““τούς
477 2223 804 2289 στασιαστὰς
837 2228 1037 2291 ζῶντας
1069 2221 1373 2280 ἀπολιπών.
1431 2227 1510 2280 15.
1544 2227 1601 2280 οἰ
1622 2227 1681 2280 δὲ
1705 2221 1764 2280 τὸ
1796 2224 1902 2297 μὲν

280 2299 536 2376 ρπρῶτον
588 2309 647 2362 ἐκ
696 2310 797 2363 τοῦ
850 2313 1119 2380 δημοσίου
1159 2311 1453 2381 θησαυροῦ
1495 2308 1623 2374 τοὺς
1667 2307 1901 2382 νεκροὺς

277 2385 553 2446 “minum
595 2393 876 2463 ἐκέλευον,
918 2416 1021 2463 την
1050 2388 1229 2465 ὀσμὴν
1260 2388 1327 2448 οὐ
1372 2394 1659 2498 φέροντες
1709 2389 1897 2450 ἔπειθ’

235 2495 246 2502 ·
278 2467 391 2538 “ῶς
422 2469 489 2529 οὐ
523 2472 820 2547 διήρκουν,
853 2472 959 2532 άπὸ
989 2479 1101 2533 τῶν
1132 2480 1327 2548 τειχῶν
1361 2479 1656 2550 ε’ρρίπτουν
1689 2482 1766 2543 εἰς
1798 2474 1896 2544 τάς

278 2551 619 2630 “φάραγγας.
685 2557 914 2632 περιιών
946 2561 1008 2617 δε
1038 2584 1237 2626 ταυτας
1268 2559 1296 2618 ὁ
1331 2566 1485 2627 Τίτος
1518 2556 1590 2627 ῶς
1623 2559 1892 2619 ἐθεάσατο

220 2638 698 2715 30“πεπλησμένας
728 2649 839 2702 τῶν
861 2648 1101 2718 νεκρῶν,
1136 2646 1225 2701 καὶ
1262 2645 1451 2716 βαθὺν
1475 2650 1644 2719 ἰχῶρα
1666 2642 1895 2717 μυδών-

278 2719 426 2780 “των
455 2724 551 2801 τὸν
581 2722 925 2800 ὑπορρέοντα
956 2731 1066 2785 τῶν
1099 2727 1395 2802 σωμάτων,
1431 2730 1683 2796 ἐστέναξέ
1708 2751 1766 2785 τε
1798 2730 1890 2785 καὶ

276 2803 407 2876 “τὰς
437 2821 623 2884 χεῖρας
655 2807 946 2878 άνατείνας
987 2812 1428 2888 κατεμαρτύρατο
1468 2812 1564 2870 τὸν
1603 2811 1768 2886 θεὸν,
1813 2808 1885 2880 ῶς

285 1628 315 1651 (e
