2032 3174
0 2683 11 2753 2y·†
0 2592 10 2670 ηδε,-
0 2488 10 2580 J-rxu:
0 1811 15 2466 ’ν’-ι-,ψτ-’χςι-ινῑ-ετ-τ-η--μ-Ἦ--υ-ἡᾼ
0 1778 1 1786 ⁴

363 111 429 163 96
1035 107 1284 149 ΕυεΕΒΠ

360 251 481 293 ναις
521 237 637 290 ταῖς
682 220 932 295 ἡμέραις·
981 219 1364 294 προσεύχεσθε
1396 222 1483 293 δὲ,
1514 227 1606 278 ἵνα
1637 219 1709 295 μὴ
1741 223 1962 295 γένηται

361 307 578 381 ἡφυγὴ
618 306 775 380 ὑμῶν
815 308 1108 379 χειμῶνος,
1151 305 1288 377 μηδὲ
1332 303 1607 382 σαββάτῳ.
1678 312 1828 363 ἔσται
1857 305 1961 380 γὰρ

360 392 481 450 τότε
511 401 704 460 θλΐψις
735 389 973 463 μεγάλη,
1013 394 1102 445 οἵα
1142 387 1243 445 οὐκ
1277 391 1489 461 ἐγένετο
1528 386 1624 446 ἀπ’
1659 388 1829 463 ἀρχῆς
1869 387 1964 448 κό-

362 496 503 551 σμου
535 479 635 541 ἕως
665 477 764 532 τοῦ
794 478 918 547 νῦν,
952 472 1085 530 οὐδὲ
1108 472 1181 546 μὴ
1212 470 1492 546 γένηται.”
1546 478 1595 530 2.
1629 472 1964 547 συναγαγὼν

320 588 340 619 5
364 562 424 618 δὲ
455 559 633 617 πάντα
674 558 770 616 τὸν
807 564 918 616 τῶν
958 556 1326 632 ἀνῃρημένων
1370 555 1611 631 ἀριθμὸν
1648 556 1676 615 ὁ
1719 577 1964 632 συγγρα-

362 643 499 717 φεὺς
543 647 682 721 λιμῷ
723 645 815 700 καὶ
857 646 1000 716 ξίφει
1029 641 1301 715 μυριάδας
1334 640 1529 700 ἑκατὸν
1559 644 1649 699 καὶ
1676 645 1809 699 δέκα
1843 647 1964 699 δια-

362 734 656 802 φθαρῆναί
703 745 868 800 φησι,
931 726 1056 792 τοὺς
1111 727 1170 783 δὲ
1222 725 1447 793 λοιποὺς
1499 725 1822 794 στασιώδεις
1873 728 1964 784 καὶ

362 810 716 888 λῃστρικούς,
745 810 842 868 ὑπ’
880 808 1135 884 ἀλλήλων
1165 810 1298 883 μετὰ
1328 808 1428 883 τὴν
1451 809 1659 868 ἅλωσιν
1686 813 1964 869 ἐνδεικνυ-

362 900 590 971 μένους,
633 893 978 970 ἆνῃρῆσθαι,
1024 898 1135 952 τῶν
1168 896 1228 951 δὲ
1259 898 1403 952 νέων
1432 893 1558 962 τούς
1587 894 1966 968 ὑψηλοτάτους

302 1009 341 1039 10
365 983 453 1038 καὶ
470 980 656 1038 κάλλει
680 980 927 1053 σώματος
947 981 1310 1052 διαφέροντας
1337 983 1671 1053 τετηρῆσθαι
1687 978 1966 1056 θριάμβῳ,

362 1070 459 1123 τοῦ
492 1066 552 1122 δὲ
594 1068 788 1121 λοιποῦ
829 1063 1079 1136 πλήθους
1119 1063 1245 1131 τούς
1287 1062 1431 1136 ὑπὲρ
1476 1066 1844 1122 ἑπτακαίδεκα
1876 1070 1967 1136 ἔτη

365 1155 623 1221 δεσμίους
658 1155 733 1216 εἰς
774 1148 840 1205 τα
885 1147 1003 1205 κατ’
1044 1157 1330 1221 Αἴγυπτον
1375 1154 1507 1222 ἔργα
1552 1151 1969 1223 παραπεμφθῆ-

364 1258 483 1303 ναι,
537 1238 760 1299 πλείους
817 1234 878 1289 δὲ
931 1239 1008 1298 εἰς
1059 1233 1154 1298 τὰς
1217 1236 1478 1305 ἐπαρχίας
1533 1237 1967 1305 διανενεμῆσθαι

364 1319 826 1390 φθαρησομένους
861 1320 919 1372 ἐν
948 1331 1062 1382 τοῖς
1093 1315 1350 1389 θεάτροις
1375 1314 1587 1392 σιδήρῳ
1612 1318 1703 1372 καὶ
1729 1323 1966 1391 θηρίοις,

302 1427 342 1459 15
364 1399 490 1467 τούς
525 1406 557 1457 δ
567 1397 579 1418 '
615 1398 765 1467 ἐντὸς
797 1403 1164 1457 ἑπτακαίδεκα
1197 1403 1334 1457 ἐτῶν
1365 1399 1740 1474 αἰχμαλώτους
1765 1398 1967 1474 ἀχθέν-

366 1510 460 1552 τας
496 1487 938 1558 διαπεπρᾶσθαι,
971 1483 1183 1542 τούτων
1210 1485 1269 1541 δὲ
1292 1483 1480 1556 μόνων
1503 1483 1599 1541 τὸν
1621 1482 1862 1558 άριθμὸν
1894 1490 1970 1552 εἰς

370 1572 528 1627 ἐννέα
567 1567 842 1644 μυριάδας
892 1568 1116 1643 ἀνδρῶν
1155 1574 1524 1642 συναχθῆναι.
1606 1573 1654 1626 3.
1699 1571 1867 1626 ταῦτα
1910 1569 1972 1625 δὲ
2022 1627 2025 1630 ,

368 1659 565 1710 τοῦτον
598 1652 850 1727 ἐπράχθη
890 1653 986 1710 τὸν
1026 1651 1259 1727 τρόπον,
1306 1655 1546 1730 δευτέρῳ
1584 1659 1679 1726 τῆς
1715 1649 1970 1710 Οὐεσπα-

368 1742 563 1794 σιανοῦ
607 1743 890 1809 βασιλείας
933 1743 1069 1809 ἔτει,
1116 1735 1440 1802 ἀκολούθως
1471 1750 1588 1804 ταῖς
1629 1755 1969 1811 προγνωστι-

304 1848 346 1879 20
369 1835 491 1888 καῖς
531 1827 630 1878 τοῦ
673 1828 872 1896 κυρίου
914 1823 1005 1878 καὶ
1049 1825 1292 1893 σωτῆρος
1331 1820 1488 1895 ἡμῶν
1527 1818 1701 1894 Ἰησοῦ
1734 1826 1995 1895 Χριστοῦ·

367 1906 756 1980 προρρήσεσιν,
789 1915 920 1963 θεία
941 1905 1174 1979 δυνάμει
1197 1904 1379 1979 ὥσπερ
1398 1903 1506 1978 ἤδη
1531 1904 1775 1979 παρόντα
1807 1928 1970 1980 προε-
2024 1958 2025 1961 ,

369 1988 643 2094 ωρακότος
684 1988 849 2063 αὐτα,
895 1989 1363 2062 ἐπιδακρύσαντός
1402 2013 1461 2046 τε
1491 1993 1583 2046 καὶ
1614 1988 1970 2047 άποκλαυσα-

368 2074 538 2145 μένου
570 2072 706 2130 κατὰ
736 2072 838 2146 τὴν
867 2098 979 2131 των
1010 2078 1177 2148 ιερῶν
1210 2071 1618 2146 εὐαγγελιστῶν
1647 2072 1890 2149 γραφὴν,
1922 2079 1977 2130 οἳ

369 2159 462 2213 καὶ
493 2153 660 2223 αὐτάς
692 2154 863 2214 αὐτοῦ
904 2161 1328 2231 παρατέθεινται
1357 2157 1452 2224 τὰς
1483 2162 1682 2231 λέξεις,
1723 2158 1843 2216 τοτὲ
1873 2158 1975 2230 μὲν

307 2265 347 2298 25
370 2239 647 2313 φήσαντος
673 2239 744 2308 ὡς
768 2240 902 2315 πρὸς
927 2239 1102 2314 αὐτὴν
1124 2239 1224 2313 τὴν
1241 2240 1598 2315 Ἰερουσαλήμ
1621 2246 1668 2299 4.
1689 2240 1780 2300 “εί
1801 2238 1982 2314 ἔγνως

370 2330 467 2381 καί
503 2347 565 2396 γε
605 2323 674 2380 σύ
721 2328 779 2382 ἐν
818 2329 882 2399 τῇ
915 2323 1089 2400 ἡμέρα
1127 2325 1298 2399 ταύτῃ
1339 2325 1402 2382 τὰ
1434 2324 1568 2428 πρὸς
1599 2325 1827 2400 εἰρήνην
1859 2341 1970 2384 σοι’

370 2411 477 2467 νῦν
511 2408 570 2464 δε
603 2407 810 2515 ἐκρύβη
841 2407 947 2466 ἀπὸ
977 2406 1287 2482 ὀφθαλμων
1317 2427 1444 2467 σου
1485 2410 1567 2468 ὅτι
1591 2408 1816 2484 ἥξουσιν
1847 2410 1974 2485 ἡμέ-

373 2517 463 2566 ραι
491 2493 577 2549 ἐπὶ
604 2493 682 2565 σε,
716 2494 806 2549 καὶ
833 2496 1200 2567 περιβαλοῦσί
1218 2512 1303 2551 σοι
1328 2499 1384 2551 οἱ
1406 2498 1599 2570 ἐχθροί
1618 2516 1719 2554 σου
1743 2494 1973 2570 χάρακα,

372 2578 464 2633 καὶ
497 2576 975 2651 περικυκλώσουσί
1002 2596 1092 2651 σε,
1123 2581 1215 2635 καὶ
1247 2583 1546 2647 συνέξουσί
1581 2598 1643 2638 σε
1673 2579 1973 2652 πάντοθεν,

311 2687 352 2719 30
375 2662 465 2717 καὶ
501 2663 798 2734 ἐδαφιουσί
823 2680 884 2719 σε
915 2665 1006 2719 καὶ
1038 2687 1103 2718 τα
1135 2666 1298 2721 τέκνα
1330 2663 1477 2722 σου·’
1567 2669 1615 2722 5.
1649 2688 1770 2723 τοτε
1811 2665 1871 2722 δε
1902 2687 2009 2731 ως

485 2856 512 2894 4
543 2855 723 2907 Ioseph.
746 2855 796 2895 B.
822 2856 855 2895 Ι.
880 2857 955 2907 VI,
980 2858 1018 2908 9,
1044 2859 1080 2896 2.
1106 2824 1170 2901 3,-
1321 2859 1373 2898 ‘25
1405 2859 1515 2902 Luc,
1543 2860 1608 2910 19,
1632 2860 1699 2901 42.
