1986 3152
530 122 686 165 HIST.
720 120 969 162 ECOLES.
1003 123 1082 164 VI.
1117 125 1298 163 30-32.
1618 120 1721 173 275

107 235 241 311 πρὸς
281 233 350 308 ἣν
386 234 671 309 Ὠριγένης
712 235 1039 311 ἀντιγράφει
1086 240 1445 310 πληρέστατα.
1529 242 1577 294 2.
1623 243 1721 295 τοῦ

110 321 161 379 δ’
209 320 383 378 αὐτοῦ
422 318 756 395 Ἀφρικανοῦ
809 323 899 377 καὶ
949 319 1087 378 ἄλλα
1140 320 1236 378 τὸν
1276 318 1518 394 ἀριθμὸν
1558 323 1721 379 πέντε

108 409 531 479 χρονογραφιῶν
571 398 746 477 ἦλθεν
791 411 868 471 εἰς
912 401 1052 477 ἡμᾶς
1093 403 1182 462 ἐπ’
1216 403 1438 479 ἀκριβὲς
1480 428 1719 478 πεπονη-

106 492 244 563 μένα
297 490 726 561 σπουδάσματα,
782 493 841 546 έν
893 486 976 555 οἷς
1029 509 1202 562 φησιν
1249 489 1447 547 ἑαυτὸν
1488 497 1720 564 πορείαν

106 581 434 631 στείλασθαι
477 576 563 630 ἐπὶ
604 573 706 644 τὴν
742 570 1190 646 Ἀλεξάνδρειαν,
1236 572 1327 630 δια
1371 573 1582 645 πολλὴν
1622 577 1721 631 τοῦ

98 654 340 730 Ἡρακλᾶ
382 657 601 731 φήμην,
643 655 710 714 ὃν
753 659 841 714 ἐπὶ
885 655 1065 729 λόγοις
1107 658 1431 730 φιλοσόφοις
1474 661 1566 715 καὶ
1606 673 1720 724 τοῖς

103 741 287 808 ἄλλοις
323 741 600 814 Ἑλλήνων
650 739 978 812 μαθήμασιν
1030 733 1097 796 εὖ
1146 740 1290 814 μάλα
1339 745 1718 816 διαπρέψαντα

103 826 204 897 τὴν
249 823 556 896 ἐπισκοπὴν
597 826 693 896 τῆς
735 824 936 881 αὐτόθι
981 826 1271 896 ἐκκλησίας
1304 829 1720 898 ἐγχειρισθῆναι

107 908 477 982 ἐδηλώσαμεν.
551 912 599 966 3.
646 911 737 965 καὶ
773 910 930 981 ἑτέρα
963 911 1026 965 δὲ
1057 912 1155 965 τοῦ
1185 908 1360 965 αὐτοῦ
1386 907 1723 982 Ἀφρικανοῦ

103 997 328 1066 φέρεται
371 993 628 1065 ἐπιστολὴ
669 991 805 1068 πρὸς
842 990 1215 1066 Ἀριστείδην,
1257 995 1384 1067 περὶ
1424 1000 1518 1066 τῆς
1561 1019 1720 1067 νομι-

105 1079 328 1150 ζομένης
360 1083 671 1149 διαφωνίας
702 1081 814 1134 τῶν
836 1099 984 1150 παρα
1009 1084 1292 1162 Ματθαίῳ
1323 1102 1381 1135 τε
1413 1081 1503 1134 καὶ
1529 1083 1720 1154 Λουκᾷ

102 1164 204 1219 τοῦ
232 1168 475 1235 Χριστοῦ
515 1166 918 1234 γενεαλογιῶν,
964 1165 1024 1218 έν
1055 1154 1091 1235 ᾗ
1123 1165 1436 1235 σαφέστατα
1475 1160 1577 1235 τήν
1607 1166 1720 1220 τῶν

105 1245 512 1319 εὐαγγελιστῶν
551 1253 887 1319 συμφωνίαν
916 1253 1249 1319 παρίστησιν
1281 1249 1333 1314 ἐξ
1368 1252 1610 1319 ιστορίας
1642 1253 1718 1312 είς

102 1329 274 1388 αὐτὸν
313 1330 724 1403 κατελθούσης,
771 1326 842 1403 ἣν
882 1324 1018 1387 κατὰ
1061 1328 1256 1404 καιρὸν
1302 1334 1361 1387 έν
1401 1335 1480 1406 τῷ
1519 1330 1718 1407 πρώτῳ

102 1418 196 1487 τῆς
227 1415 362 1488 μετὰ
393 1429 579 1487 χεῖρας
609 1411 932 1481 ὑποθέσεως
964 1412 1262 1486 προλαβών
1294 1418 1576 1488 έξεθέμην.

231 1510 429 1559 XXXII.
479 1510 608 1575 [Nic.
639 1511 696 1558 H.
726 1511 779 1559 Ε.
808 1511 861 1565 V,
894 1507 1001 1575 19]
1067 1501 1176 1557 Καὶ
1201 1496 1469 1573 Ὠριγένει
1495 1500 1557 1556 δε
1580 1523 1717 1557 κατα

100 1586 298 1640 τοῦτον
335 1581 431 1640 τὸν
471 1581 672 1684 χρόνον
711 1582 776 1640 τὰ
819 1589 896 1650 εἰς
925 1583 1021 1640 τὸν
1043 1582 1307 1655 Ἡσαΐ,αν
1352 1587 1411 1640 ἐν
1440 1581 1621 1661 ταύτῷ
1657 1586 1718 1642 δε

103 1669 193 1723 καὶ
234 1691 300 1724 τα
347 1673 423 1734 είς
464 1671 562 1724 τὸν
588 1663 834 1739 Ἰεζεκιὴλ
876 1684 1261 1725 συνεταττετο
1306 1660 1384 1724 ὠν
1417 1675 1494 1734 εἰς
1524 1692 1627 1742 μεν
1657 1668 1717 1726 τὸ

101 1758 287 1824 τρίτον
336 1755 498 1824 μέρος
543 1755 641 1808 τοῦ
675 1753 935 1823 Ησαίου,
989 1754 1145 1825 μέχρι
1187 1756 1280 1824 τῆς
1322 1748 1567 1824 ὁρασεως
1607 1777 1718 1810 των

1744 1014 1783 1046 10

1741 1433 1781 1465 15

101 1835 459 1909 τετραπόδων
497 1839 610 1894 τῶν
654 1839 714 1893 ἐν
753 1841 820 1910 τῇ
862 1835 1076 1912 ἐρήμῳ,
1118 1835 1411 1909 τριάκοντα
1456 1843 1532 1903 εἰς
1574 1836 1715 1910 ἡμᾶς
1738 1855 1780 1888 20

101 1924 412 1993 περιῆλθον
441 1919 613 1994 τόμοι,
650 1926 726 1987 είς
761 1920 948 1978 δὲ’τὸν
975 1917 1227 1993 Ἰεζεκιήλ
1259 1924 1421 1978 πέντε
1452 1924 1544 1978 καὶ
1577 1930 1716 1979 εἴκο-

102 2022 212 2075 σιν,
243 2002 342 2070 οὓς
372 2008 463 2061 καὶ
493 2003 700 2077 μόνους
734 2011 809 2072 εἰς
840 2004 938 2062 τὸν
968 2004 1148 2062 πάντα
1179 2013 1472 2077 πεποίηται
1503 2004 1717 2079 προφή-

101 2112 215 2172 την.
286 2094 335 2146 2.
367 2088 660 2162 γενόμενος
694 2090 756 2146 δε
786 2089 1050 2162 τηνικαδε
1084 2093 1144 2146 ἐν
1170 2086 1431 2162 Ἀθήναις
1463 2097 1718 2163 περαίνει

101 2197 202 2246 μεν
250 2197 315 2230 τα
366 2180 443 2240 εἰς
481 2173 578 2231 τὸν
610 2172 890 2247 Ἰεζεκιὴλ,
944 2178 1056 2231 τῶν
1097 2175 1160 2231 δε
1202 2180 1279 2241 εἰς
1320 2173 1379 2231 τὸ
1419 2169 1567 2250 ᾆσμα
1604 2198 1717 2231 των

102 2253 364 2333 ᾆσματων
402 2257 656 2332 ἄρχεται,
699 2261 790 2315 καὶ
821 2257 1041 2333 πρόεισί
1066 2283 1130 2330 γε
1161 2255 1361 2316 αυτόθι
1391 2261 1546 2332 μέχρι
1577 2260 1717 2332 πέμ-
1738 2275 1780 2308 25

103 2364 244 2399 πτου
282 2341 723 2416 συγγράμματος.
799 2342 1129 2401 ἐπανελθών
1162 2344 1223 2400 δὲ
1252 2345 1340 2400 ε’πὶ
1370 2341 1472 2416 τὴν
1502 2314 1718 2400 Καισα-

103 2449 258 2498 ρειαν
310 2428 401 2482 καὶ
441 2430 613 2484 ταῦτα
656 2433 733 2493 εἰς
773 2429 943 2499 πέρας
990 2429 1123 2484 δέκα
1163 2425 1297 2485 ὅντα
1337 2427 1435 2484 τὸν
1474 2425 1717 2501 ἀριθμὸν

102 2507 236 2582 ἄγει.
299 2515 348 2566 3.
381 2515 439 2567 τί
471 2515 561 2568 δεῖ·
586 2516 698 2567 τῶν
730 2509 909 2583 λόγων
938 2510 1173 2585 τάνδρὸς
1207 2514 1295 2569 ἐπὶ
1321 2515 1421 2568 τοῦ
1444 2511 1715 2582 παρόντος

104 2592 199 2651 τὸν
230 2593 431 2667 ἀκριβῆ
456 2593 763 2667 κατάλογον
790 2605 1096 2666 ποιεῖσθαι,
1131 2601 1278 2662 ἰδίας
1304 2594 1570 2669 δεόμενον
1595 2614 1715 2667 σχο-

106 2681 228 2750 λῆς;
282 2676 349 2736 ὃν
401 2681 491 2735 καὶ
544 2676 940 2754 ἀνεγράψαμεν
994 2682 1083 2736 ἐπὶ
1135 2682 1230 2753 τῆς
1270 2685 1369 2737 τοῦ
1411 2686 1714 2753 Παμφίλου
1736 2694 1776 2725 30

220 2875 271 2913 15
301 2866 575 2926 προλαβών]
611 2874 718 2914 Eus.
750 2874 809 2914 H.
842 2873 894 2916 E.
926 2872 973 2924 Ι,
1007 2875 1045 2913 7.

1350 2941 1454 2990 18*
