1986 3152
521 105 681 149 HIST.
702 104 954 146 ECCLES.
976 103 1054 146 IV.
1078 107 1257 146 12—14.
1602 103 1699 155 151

87 217 441 294 “ποοϊέμενοι
471 219 566 286 τὰς
608 223 824 278 ἑαυτῶν
854 218 1062 294 ψυχὰς,
1095 218 1234 295 ἥπερ
1266 219 1590 293 πειθόμενοι
1620 217 1703 287 οἶς

87 301 340 373 “ἀξιοῦτε
380 304 643 379 πράττειν
684 303 906 374 αὐτούς.
975 309 1023 361 4.
1060 307 1185 378 περὶ
1221 305 1282 362 δὲ
1316 308 1428 362 τῶν
1458 307 1701 377 σεισμῶν

84 386 118 409 (C
175 394 197 404 .-

123 413 235 446 των
284 388 598 462 γεγονότων
647 392 740 447 καὶ
794 391 1103 462 γινομένων
1158 387 1262 447 οὐκ
1302 387 1507 474 ἄτοπον
1558 385 1702 462 υμᾶς

87 470 469 547 ’(ὑπομνῆσαι,
514 472 872 547 ἀθυμοῦντας
902 474 1003 547 μὲν
1034 472 1170 531 ὅταν
1200 496 1302 546 περ
1347 466 1477 545 ῶσι,
1527 495 1701 547 παρα-

84 555 430 630 “βοὲλλοντας
463 559 524 614 δὲ
553 558 618 614 τὰ
648 557 885 631 ὑμέτερα
908 581 1042 629 προς
1066 581 1132 614 τα
1158 561 1402 615 ἐκείνων.
1446 562 1492 614 5.
1519 562 1575 614 οἱ
1601 558 1702 630 μὲν

85 637 228 699 “οὖν
281 639 873 714 εὐπαρρησιαστότεοοι
922 648 1172 714 γίνονται
1222 640 1359 714 πρὸς
1401 641 1500 700 τὸν
1543 639 1701 713 θεὸν,

86 723 284 828 Συμεῖς
317 727 378 782 δὲ
409 748 558 798 παρα
588 725 768 783 πάντα
797 726 896 783 τὸν
937 723 1166 799 χρόνον,
1211 725 1342 783 καθ’
1379 722 1445 782 ὃν
1475 722 1704 797 ἀγνοεῖν

87 806 369 881 “δοκεῑτε,
410 814 523 867 τῶν
559 833 619 867 τε
648 813 805 868 θεῶν
835 812 927 867 καὶ
959 813 1072 867 τῶν
1101 807 1288 866 ἄλλων
1326 807 1580 882 ἀμελεῖτε
1611 813 1704 866 καὶ

85 890 218 966 “τῆς
257 900 559 967 θρησκείας
600 898 696 966 τῆς
737 897 863 967 περὶ
893 894 991 952 τὸν
1021 890 1335 966 αθανατον,
1378 889 1445 950 ὂν
1476 892 1545 965 δὴ
1576 892 1703 959 τούς

84 976 495 1083 ΞῖΧοιστιανοὺς
545 977 961 1051 θρησκεύοντας
1015 976 1272 1036 ἐλαύνετε
1324 980 1416 1034 καὶ
1476 976 1704 1034 διώκετε

84 1058 229 1129 “ε’ως
270 1062 536 1120 θανατου.
609 1068 657 1119 6.
699 1061 842 1137 ὑπὲρ
889 1064 949 1120 δε
988 1065 1101 1120 τῶν
1139 1060 1406 1120 τοιούτων
1451 1060 1559 1135 ἤδη
1612 1065 1704 1119 καὶ

84 1144 318 1205 “πολλοι
357 1152 470 1204 τῶν
520 1149 647 1222 περὶ
698 1171 794 1215 τας
849 1152 1110 1221 ἐπαρχίας
1161 1146 1454 1220 ἡγεμόνων
1495 1148 1586 1203 καὶ
1627 1150 1706 1203 τῶ

86 1228 396 1289 “θειοτάτω
427 1230 587 1305 ἡμῶν
618 1239 869 1304 ἐγραψαν
899 1234 1093 1304 πατρὶ,
1136 1229 1218 1298 οἷς
1258 1233 1350 1288 καὶ
1390 1229 1703 1304 αντέγραψε

87 1311 302 1389 “μηδεν
345 1291 592 1390 ἐνοχλειν
632 1329 747 1383 τοῖς
777 1315 1074 1388 τοιούτοις,
1119 1322 1169 1372 εί
1206 1316 1384 1389 μηδεν
1413 1321 1702 1388 φαίνοιντο

85 1397 252 1473 “aspi
275 1399 377 1471 τὴν
399 1406 511 1458 τῶκ
534 1396 817 1473 Ῥωμαίων
838 1400 1142 1474 ἡγεμονίαν
1166 1403 1556 1474 ἐγχειροῦντες.
1612 1401 1703 1456 καὶ

87 1481 247 1557 “ἐμοὶ
289 1486 350 1542 δὲ
401 1487 528 1558 περὶ
566 1489 680 1542 τῶν
719 1484 986 1544 τοιούτων
1025 1487 1218 1542 πολλοὶ
1258 1482 1568 1557 ἐσήμαναν,
1621 1480 1704 1549 οἷς

86 1564 196 1640 “δὴ
241 1571 333 1625 καὶ
375 1567 723 1643 ἀντέγραψα,
778 1572 1213 1627 κατακολουθῶν
1253 1572 1322 1643 τῇ
1360 1572 1461 1625 τοῦ
1499 1567 1703 1642 πατρὸς

85 1651 334 1726 “γνω’μῃ.
399 1658 444 1710 7.
479 1659 530 1710 εί
560 1656 626 1710 δέ
652 1678 732 1721 τις
764 1656 1009 1727 ἐπιμένοι
1038 1653 1162 1711 τινα
1184 1659 1298 1711 τῶν
1326 1651 1593 1710 τοιούτων
1627 1658 1703 1718 εἰς

54 1763 57 1766 ·
86 1736 418 1810 “amimam
447 1740 637 1811 φέρων
669 1737 742 1804 ῶς
775 1736 843 1811 δὴ
874 1741 1146 1810 τοιοῦτον,
1173 1740 1382 1803 ἐκεῖνος
1412 1736 1441 1794 ὁ
1467 1759 1703 1810 καταφε-

87 1818 359 1895 “ρόμενος
390 1820 759 1880 ἆπολελύσθω
789 1824 890 1880 τοῦ
920 1821 1281 1895 ἐγκλήματος,
1322 1823 1415 1878 καὶ
1448 1819 1544 1878 ἐὰν
1573 1827 1701 1894 φαί-

53 1904 287 1978 ’“νηται
325 1913 569 1973 τοιοῦτος
610 1903 716 1979 ὢν,
765 1902 795 1963 ὁ
839 1907 900 1964 δὲ
939 1908 1272 1979 καταφέρων
1325 1913 1512 1979 ἔνοχος
1553 1911 1705 1963 ἔσται

89 1986 302 2061 “δίκης.
343 1993 619 2064 προετέθη
646 1995 706 2049 ἐν
722 1989 936 2068 Ἐφέσςο
964 1995 1024 2050 ἐν
1045 1996 1121 2068 τῷ
1146 1996 1314 2067 κοινῷ
1339 1996 1434 2063 τῆς
1459 1987 1701 2055 Ἀσίας.”

95 2080 145 2132 8.
193 2073 407 2141 τούτοις
447 2073 593 2132 οὕτω
643 2075 962 2150 χωρήσασιν
1008 2079 1398 2149 ἐπιμαρτυρῶν
1439 2079 1707 2131 Μελίτων

94 2163 190 2231 τῆς
232 2163 293 2216 ἐν
334 2158 622 2234 Σάρδεσιν
668 2163 958 2233 ἐκκλησίας
1012 2165 1336 2231 ἐπίσκοπος,
1389 2156 1512 2216 κατ’
1572 2157 1705 2215 αὐτὸ

36 2287 39 2289 »
94 2243 494 2317 γνωριζόμενος
533 2247 632 2301 τοῦ
670 2243 901 2319 χρόνου,
945 2243 1107 2318 δῆλός
1139 2248 1289 2303 ἐστιν
1321 2247 1381 2300 ἐκ
1410 2245 1523 2300 τῶν
1554 2249 1706 2315 εἰρη-

94 2331 281 2401 μένων
311 2327 463 2404 αὐτῷ
495 2332 555 2387 ἐν
584 2321 621 2402 ᾗ
651 2335 946 2402 πεποίηται
975 2327 1111 2403 πρὸς
1142 2351 1521 2402 αυτοκρατοοα
1555 2324 1706 2400 Ουῆ-

96 2436 198 2484 ρον
228 2411 369 2484 ὑπερ
400 2417 496 2471 τοῦ
528 2410 664 2471 καθ’
697 2412 842 2487 ἡμεῖς
874 2412 1145 2487 δόγματος
1177 2412 1462 2488 απολογία

223 2508 342 2569 xlv,
408 2507 537 2573 [Nic.
577 2508 633 2558 H.
671 2509 725 2558 Ε.
754 2509 846 2565 111,
874 2507 984 2574 3ο]
1062 2497 1182 2555 Ἐπὶ
1238 2498 1300 2554 δὲ
1349 2501 1462 2554 τῶν
1504 2501 1707 2568 δηλου-

40 2646 43 2649 ,
94 2583 309 2652 μένων,
353 2579 643 2653 Ἀνικήτου
683 2587 780 2653 τῆς
812 2582 1096 2655 Ῥωμαίων
1142 2585 1433 2655 ἐκκλησίας
1473 2579 1706 2653 ἡγουμέ-

59 2682 63 2685 *
98 2687 220 2736 νου,
253 2663 628 2739 Πολύκαρπον
668 2671 747 2723 ἔτι
790 2665 1054 2740 περιόντα
1092 2669 1170 2742 τῷ
1207 2672 1311 2741 βίῳ
1353 2668 1619 2737 γενέσθαι
1648 2687 1704 2719 τε

102 2749 190 2804 ἐπὶ
213 2747 418 2822 Ῥώμης
457 2751 548 2806 καὶ
593 2756 670 2816 εἰς
710 2748 933 2823 ὁμιλίαν
963 2753 1040 2827 τῷ
1075 2747 1341 2826 Ἀνικήτῳ
1384 2753 1574 2806 ἐλθεῖν
1616 2746 1703 2803 διά

100 2854 151 2887 τι
196 2832 399 2907 ζήτημα
440 2836 567 2905 περὶ
607 2837 703 2907 τῆς
744 2833 881 2890 κατὰ
923 2834 982 2891 τὸ
1026 2833 1208 2906 πάσχα
1252 2833 1484 2906 ἡμέρας,
1539 2836 1704 2902 Εἰρη-

1732 1003 1767 1034 10

1729 1422 1766 1455 15

1727 1843 1767 1875 20

1729 2267 1768 2299 25

1729 2687 1770 2718 30
