2032 3174
0 2697 10 2915 wvr-x-nv

319 101 383 153 78
983 99 1229 141 EUSEBII

309 215 337 234 “
351 217 464 273 ἐπεὶ
499 213 786 286 ἐπλανήθη
820 221 896 281 εἰς
919 213 1163 287 Ἰησοῦν,
1197 209 1268 280 ῶς
1299 211 1471 272 αὐτοῦ
1492 212 1647 282 ὄντος
1671 219 1770 290 τοῦ
1789 226 1923 290 Χρι·

308 298 492 356 ((στοῦ.
555 300 984 372 παρακαλοῦμέν
1014 316 1075 354 σε
1106 311 1294 355 πεῖσαι
1325 297 1532 365 πάντας
1562 298 1688 365 τοῦς
1721 299 1922 358 ἐλθόν-

307 382 439 449 “vag
472 388 549 448 εἰς
580 382 682 455 τὴν
711 379 921 456 ἡμέραν
950 385 1049 439 τοῦ
1079 380 1261 455 πάσχα
1291 384 1417 456 περὶ
1442 380 1635 455 Ἰησοῦ.
1699 387 1780 441 σοὶ
1816 383 1924 459 γὰρ

308 466 547 534 “πα’ντες
578 467 908 540 πειθόμεθα.
971 464 1126 540 ἡμεῖς
1156 465 1260 539 γάρ
1292 469 1678 539 μαρτυροῦμέν
1713 487 1798 526 σοι
1829 473 1922 526 καὶ

274 549 452 618 5“πᾶς
483 547 510 607 ὁ
543 551 671 618 λαὸς
695 549 776 607 ὅτι
802 557 1011 617 δίκαιος
1037 550 1088 607 εἶ
1116 552 1207 607 καὶ
1238 546 1321 608 ὅτι
1353 549 1650 623 πρόσωπον
1682 549 1748 608 ού
1781 560 1921 625 λαμ-

307 634 549 706 “βάνεις.
617 641 695 692 11.
730 650 925 692 πεῖσον
954 627 1058 692 οῦν
1088 634 1159 692 σύ
1184 633 1279 692 τὸν
1301 632 1465 708 ὄχλον
1487 638 1611 707 περὶ
1636 633 1816 708 Ἰησοῦ
1847 635 1922 709 μὴ

308 718 680 777 “πλανᾶσθαι.
743 721 834 776 καὶ
874 717 977 792 γὰρ
1019 723 1124 786 ποῖς
1154 718 1182 785 ὁ
1216 717 1344 785 λαὸς
1375 721 1466 776 καὶ
1499 718 1700 785 πάντες
1731 719 1921 778 πειθό-

305 802 493 876 “μεθα’
537 821 637 861 σοι.
711 810 876 876 στῆθι
918 795 1019 861 οὖν
1060 806 1148 860 ἐπὶ
1187 804 1245 860 τὸ
1277 802 1575 876 πτερύγιον
1615 809 1713 860 τοῦ
1747 808 1920 878 ἱεροῦ,

306 886 437 945 “ἴνα
467 885 693 945 ἄνωθεν
733 880 797 962 ᾗς
840 886 1109 960 ἐπιφανὴς
1160 890 1252 944 καὶ
1293 880 1326 961 ᾖ
1370 885 1677 945 εῦάκουστά
1722 905 1824 944 σου
1854 888 1922 945 τὰ

252 970 559 1047 1ο“ρήματα
601 973 764 1030 παντὶ
805 977 879 1049 τῶ
923 975 1051 1048 λαῷ.
1133 971 1220 1028 διὰ
1251 971 1355 1045 γὰρ
1386 971 1445 1028 τὸ
1476 969 1657 1044 πάσχα
1687 980 1920 1045 συνελη-

304 1054 555 1114 “λύθασι
595 1060 764 1114 πᾶσαι
804 1062 866 1113 αἱ
900 1059 1074 1129 φυλαὶ
1112 1055 1246 1162 μετὰ
1285 1058 1374 1112 καὶ
1417 1059 1529 1112 τῶν
1571 1059 1769 1113 ἐθνῶν.
1836 1061 1916 1114 12.

305 1138 583 1242 ἶὲστησαν
612 1165 715 1198 ουν
745 1164 796 1197 οι
827 1142 1212 1214 προειρημένοι
1251 1154 1586 1214 γραμματεῖς
1628 1142 1720 1196 καὶ
1753 1149 1922 1212 Φαρι-

307 1223 492 1280 “σαῖοι
531 1218 627 1282 τὸν
649 1223 914 1296 Ἰάκωβον
955 1227 1042 1280 ἐπὶ
1072 1222 1132 1280 τὸ
1163 1222 1461 1296 πτερύγιον
1492 1226 1589 1280 τοῦ
1618 1228 1786 1296 ναοῦ,
1830 1227 1922 1281 καὶ

304 1307 579 1411 ζὲκραξαν
619 1305 767 1364 αὐτῶ
800 1309 891 1365 καὶ
933 1308 1122 1380 εἶπαν,
1172 1313 1380 1379 δίκαιε,
1425 1307 1465 1383 93
1498 1306 1696 1374 πάντες
1727 1314 1924 1365 πείθε-

251 1421 291 1452 15
307 1390 480 1450 “σθαι
510 1366 833 1466 ὀφείλομεν,
877 1394 992 1449 ἐπεὶ
1023 1388 1051 1449 ὁ
1083 1389 1212 1459 λαός
1243 1394 1514 1448 πλανᾶται
1544 1387 1719 1449 ὀπίσω
1746 1388 1924 1465 Ἰησοῦ

303 1474 439 1533 “z-013
472 1479 922 1550 σταυρωθέντος,
953 1474 1291 1549 ἀπάγγειλον
1312 1472 1445 1549 ἡμῖν
1468 1481 1547 1542 τίς
1577 1474 1611 1548 ἡ
1642 1474 1793 1549 θύρα
1824 1481 1924 1533 τοῦ

301 1559 532 1633 “Ἰησοῦ.
590 1566 669 1618 13.
700 1564 790 1618 καὶ
814 1560 1148 1635 ἀπεκρίνατο
1171 1563 1335 1634 φωνῇ
1355 1558 1594 1660 μεγάλῃ,
1625 1567 1684 1616 τί
1699 1585 1765 1634 με
1797 1564 1923 1619 ἐπε-

321 1646 551 1713 ρωτᾶτε
582 1648 709 1719 περὶ
735 1644 916 1717 Ἰησοῦ
938 1649 1035 1702 τοῦ
1059 1649 1186 1702 υιοῦ
1215 1648 1313 1701 τοῦ
1337 1642 1671 1715 ἀνθρώπους
1703 1647 1794 1700 καὶ
1826 1642 1924 1700 αῦ-

306 1726 433 1795 “τὸς
474 1727 713 1801 κάθηται
757 1732 816 1785 ἐν
855 1732 929 1804 τῷ
961 1727 1181 1804 οὐρανῷ
1226 1730 1283 1784 ἐκ
1333 1731 1528 1795 δεξιῶν
1558 1733 1654 1799 τῆς
1685 1726 1923 1801 μεγάλης

253 1810 663 1885 εο“δυνάμεως,
717 1814 808 1868 καὶ
852 1814 1038 1885 μέλλει
1082 1819 1344 1885 ἔρχεσθαι
1388 1813 1475 1867 ἐπὶ
1519 1815 1631 1868 τῶν
1670 1815 1924 1884 νεφελῶν

310 1895 447 1954 “tofi
485 1895 745 1970 οὐρανοῦ.
831 1900 910 1954 14.
951 1898 1044 1953 καὶ
1085 1898 1304 1953 πολλῶν
1355 1898 1922 1968 πληροφορηθέντων,

308 1979 437 2037 “καὶ
472 1979 809 2050 δοξαζόντων
841 1983 929 2038 ἐπὶ
958 1986 1024 2054 τῇ
1053 1985 1327 2054 μαρτυρία
1369 1985 1467 2036 τοῦ
1492 1977 1788 2054 Ἰακῶβου,
1831 1982 1922 2037 καὶ

304 2062 622 2171 ἶλεγόντων
654 2062 877 2122 ῶσαννα
906 2067 981 2138 τῷ
1013 2068 1116 2121 υίῶ
1148 2066 1363 2136 Δαβιδ,
1394 2062 1515 2121 τότε
1546 2063 1712 2121 πάλιν
1743 2070 1801 2121 οἱ
1826 2062 1922 2121 αὐ-

307 2146 426 2205 “τοὶ
458 2163 794 2221 γραμματεῖς
824 2150 914 2205 καὶ
940 2157 1232 2221 Φαρισαῖοι
1257 2145 1391 2221 πρὸς
1414 2146 1684 2220 ἀλλήλους
1709 2153 1918 2220 ἔλεγον,

251 2258 293 2290 25
325 2230 527 2298 κακῶς
560 2231 894 2305 ἐποιήσαμεν
924 2229 1183 2304 τοιαύτην
1212 2239 1522 2305 μαρτυρίαν
1546 2230 1923 2305 παρασχόντες

307 2313 420 2393 “τῷ
444 2314 647 2388 Ἰησοῦ
694 2313 830 2373 ἄλλα
855 2313 1158 2387 ἀναβάντες
1183 2314 1579 2416 καταβάλωμεν
1610 2313 1798 2389 αὐτὸν,
1830 2321 1922 2373 ι’να

306 2399 689 2472 ’φοβηθέντες
721 2398 794 2473 μὴ
825 2398 1194 2459 πιστεύσωσιν
1226 2396 1391 2456 αὐτῶ.
1450 2405 1527 2456 15.
1563 2402 1652 2457 καὶ
1686 2403 1923 2473 ἔκραξαν

307 2484 626 2587 ἱζλέγοντες,
675 2480 716 2541 ῶ
749 2481 810 2555 ὦ,
844 2487 935 2541 καὶ
965 2482 992 2541 ὁ
1029 2489 1238 2550 δίκαιος
1271 2483 1575 2557 ἐπλανήθη.
1631 2486 1722 2541 καὶ
1755 2482 1923 2556 ἐπλή-

308 2566 536 2639 “ρωσαν
566 2565 668 2640 τὴν
698 2567 921 2641 γραφὴν
951 2593 1053 2668 την
1085 2571 1144 2626 ἐν
1173 2571 1246 2625 τῶ
1273 2564 1468 2644 Ἡσαΐᾳ
1507 2571 1919 2642 γεγραμμένην·
1927 2646 1930 2648 Β
1994 2616 1997 2617 ⁷

309 2651 337 2671 C?
354 2649 381 2669 ,l

253 2678 293 2710 30
311 2677 567 2756 “αρωμεν
596 2651 692 2710 τὸν
718 2658 961 2724 δίκαιον,
993 2650 1075 2709 ὅτι
1102 2651 1439 2726 δύσχρηστος
1467 2648 1602 2725 ημῖν
1635 2655 1773 2708 ε’στι
1806 2657 1922 2708 τοί-

311 2735 454 2793 “νυν
486 2762 548 2793 τ(
582 2735 893 2810 γεννήματα
923 2739 1034 2794 τῶν
1065 2743 1241 2811 ἔργων
1273 2733 1456 2794 αὐτῶν
1486 2734 1771 2809 φάγονται.
1837 2740 1917 2792 16.

431 2862 483 2900 29
516 2861 601 2903 Ies
625 2862 754 2912 3,10.
