1986 3152
556 90 998 139 HIST.'ECCLES.
1030 98 1083 138 v.
1118 99 1184 138 17.
1216 99 1284 139 18.
1623 94 1727 147 221

112 214 418 288 “ἐκκλησία
460 215 619 286 μέχρι
657 219 755 286 τῆς
784 219 997 278 τελείας
1027 219 1337 285 παρουσίας
1366 211 1395 270 ὁ
1427 211 1728 278 ἀπόστολος

110 297 318 366 “ἆξιοῖ·
361 294 486 354 ἀλλ’
519 294 623 354 οὐκ
661 293 732 354 ἂν
772 303 951 371 ἔχοιεν
993 300 1727 370 δεῖξαιτεσσαρεσκαιδέκα-

111 379 249 440 “vov
279 379 386 454 ἤδη
418 404 528 438 που
557 384 716 439 τοῦτο
749 388 867 447 ἔτος
897 380 1005 438 ἀπὸ
1034 385 1130 453 τῆς
1162 385 1511 454 Μαξιμίλλης
1542 390 1728 439 τελευ-

108 462 296 538 “τῆς.”
357 471 406 522 5.
451 457 609 531 οὗτος
638 467 742 539 μὲν
775 465 844 537 δὴ
874 470 1126 522 τοσαῦτα.
1187 464 1218 522 ὅ
1246 467 1315 537 γέ
1338 490 1421 523 τοι
1460 464 1595 537 πρὸς
1627 463 1731 522 αὐ-

123 556 221 608 τοῦ
254 553 637 622 δεδηλωμένος
660 547 973 620 Μιλτιάδης
995 551 1086 606 καὶ
1111 547 1281 616 ἄλλας
1306 546 1440 623 ἡμῖν
1461 552 1557 622 τῆς
1581 555 1728 616 ἰδίας
1751 573 1772 605 5

124 637 252 709 περὶ
291 632 357 691 τὰ
397 643 530 691 θεῖα
573 634 732 706 λόγια
777 636 1025 704 σπουδῆς
1065 631 1282 705 μνήμας
1313 637 1726 707 καταλέλοιπεν,

119 726 184 777 ε”ν
222 741 282 776 τε
320 714 403 784 οἷς
445 715 580 790 πρὸς
606 715 877 788 1’Ἐλληνας
933 719 1201 784 συνέταξε
1241 715 1422 789 λόγοις
1473 720 1564 774 καὶ
1615 732 1730 785 τοῖς

120 800 258 875 πρὸς
292 800 627 871 Ἰουδαίους,
679 803 912 876 ἑκατέρᾳ
953 805 1108 867 ἰδίως
1147 798 1419 858 ὑποθέσει
1462 804 1522 859 ἐν
1564 804 1731 859 δυσὶν

118 883 442 957 ’ὑπαντήσας
473 885 915 959 συγγράμμασιν.
978 891 1056 942 ἔτι
1087 886 1151 942 δὲ
1180 887 1272 941 καὶ
1311 885 1446 958 πρὸς
1477 885 1605 952 τούς
1636 909 1731 942 κο-

121 969 352 1043 σμικοὺς
382 967 651 1042 ἄρχοντας
680 967 823 1042 ὑπὲρ
853 960 920 1042 ἧς
951 968 1140 1043 μετῄει
1170 976 1502 1042 φιλοσοφίας
1533 977 1731 1027 πεποί-
1756 996 1795 1027 10

125 1078 250 1127 ηται
279 1053 602 1126 ἀπολογίαν.

258 1149 422 1198 XVIII.
467 1148 595 1215 [Nic.
622 1149 681 1197 H.
710 1148 765 1198 E.
794 1149 879 1206 IV,
918 1146 1029 1215 252]
1124 1143 1231 1210 Τῆς
1285 1139 1347 1195 δὲ
1398 1136 1536 1195 κατα
1583 1137 1731 1211 Φρύ-

122 1247 223 1295 γας
262 1224 606 1295 καλουμένης
646 1224 910 1296 αἱρέσεως
951 1224 1043 1279 καὶ
1085 1221 1480 1294 Ἀπολλώνιος,
1536 1226 1733 1295 ε’κκλη-

120 1305 402 1372 σιαστικός
434 1305 811 1381 συγγραφεύς,
854 1305 1198 1380 ἀκμαζούσης
1240 1309 1406 1363 εἰσέτι
1445 1305 1566 1364 τότε
1595 1305 1732 1363 κατὰ

126 1391 229 1463 τὴν
262 1398 517 1463 Φρυγίαν
548 1398 774 1463 ἔλεγχον
797 1389 1197 1464 ἐνστησάμενος
1220 1396 1367 1447 ἴδιον
1397 1389 1517 1448 κατ’
1544 1389 1733 1449 αὐτῶν
1755 1415 1795 1446 15

125 1497 419 1547 πεποιηται
471 1473 833 1548 σύγγραμμα,
886 1473 983 1540 τὰς
1032 1476 1136 1548 μὲν
1185 1477 1495 1548 φερομένας
1546 1472 1733 1532 αὐτῶν

123 1566 463 1632 προφητείας
495 1566 724 1627 ψευδεῖς
753 1557 924 1625 οὔσας
954 1559 1092 1616 κατὰ
1123 1562 1271 1626 λέξιν
1310 1558 1596 1631 εὐθύνων,
1636 1558 1733 1616 τὸν

122 1644 187 1700 δὲ
217 1649 344 1715 βίον
373 1649 486 1700 τῶν
514 1649 612 1715 τῆς
635 1647 899 1717 αἱρέσεως
930 1640 1189 1716 ἄρχηγῶν
1209 1642 1398 1709 ὁποῖός
1429 1669 1509 1710 τις
1539 1647 1734 1716 γέγονε

125 1731 438 1800 διελέγχων.
511 1725 700 1792 αὐτοῖς
751 1729 812 1784 δὲ
852 1726 1055 1801 ῥήμασι
1110 1730 1238 1798 περὶ
1285 1732 1382 1785 τοῦ
1428 1734 1732 1786 Μοντανοῦ

123 1818 296 1868 ταῦτα
335 1815 589 1884 λέγοντος
640 1811 812 1868 ἄκουε
860 1816 907 1868 2.
950 1811 1129 1868 “οἰλλὰ
1179 1819 1260 1877 τίς
1312 1803 1471 1878 οὗτός
1515 1815 1666 1869 ἐστιν
1703 1811 1796 1868 (320

121 1893 479 1970 (τπρόσφατος
522 1895 853 1962 διδάσκαλος
893 1897 959 1952 τὰ
1001 1905 1135 1968 ἔργα
1175 1895 1356 1953 αὐτοῦ
1385 1899 1477 1952 καὶ
1508 1893 1542 1968 ἡ
1576 1901 1729 1953 διδα-

121 1980 362 2037 “σκαλία
415 1987 717 2037 δείκνυσιν.
791 1973 950 2046 ουτός
1003 1984 1151 2038 ἐστιν
1199 1977 1227 2037 ὁ
1273 1979 1498 2047 διδαξας
1551 1979 1734 2047 λύσεις

119 2060 380 2168 Ξγαμων,
422 2061 451 2121 ὁ
493 2072 749 2138 νηστείας
789 2065 1196 2138 νομοθετήσας,
1238 2064 1266 2121 ὁ
1307 2068 1604 2133 Πέπουζαν
1643 2068 1735 2121 καὶ

121 2145 381 2252 ἶΤύμιον
414 2148 773 2222 Ἰερουσαλὴμ
803 2148 1080 2223 ὀνομασας
1123 2149 1334 2222 (πόλεις
1368 2153 1433 2205 δέ
1464 2156 1605 2207 εἰσιν
1637 2141 1735 2206 αὑ-

121 2230 247 2291 “ται
285 2236 474 2307 μικραὶ
523 2240 618 2305 τῆς
674 2234 980 2308 Φρυγίας),
1035 2234 1163 2299 τοὺς
1214 2233 1570 2333 πανταχόθεν
1622 2237 1738 2290 ἐκει
1755 2253 1796 2286 25

122 2314 503 2390 “συναγαγεῐν
537 2320 776 2389 ἐθέλων,
820 2318 848 2375 ὁ
882 2324 1200 2391 πρακτῆρας
1239 2342 1533 2390 χρηματων
1572 2342 1734 2374 κατα-

121 2398 456 2474 “στήσας,“
432 2427 460 2458 ο
494 2401 581 2458 ἐπ’
616 2400 844 2474 ὀνόματι
875 2422 1212 2477 προσφορων
1241 2402 1344 2474 τὴν
1378 2408 1735 2473 δωροληψίαν

120 2484 682 2559 τςεπιτεχνσόμενος,
658 2511 687 2542 ο
720 2485 955 2560 σαλαρια
985 2511 1239 2561 χορηγων
1279 2500 1392 2553 τοῖς
1435 2485 1733 2560 κηρύττου-

123 2567 253 2627 “mv
295 2570 467 2627 αὐτοῦ
517 2569 614 2627 τὸν
654 2569 849 2643 λόγον,
900 2576 995 2628 ἵνα
1036 2570 1127 2628 διὰ
1166 2577 1263 2642 τῆς
1305 2578 1735 2643 γαστριμαργίας

124 2650 196 2726 “ἡ
232 2660 563 2712 διδασκαλιά
593 2659 691 2711 τοῦ
727 2655 896 2727 λόγου
920 2653 1301 2730 κρατύνηται.”
1358 2660 1406 2712 3.
1442 2658 1534 2711 καὶ
1563 2660 1736 2711 ταῦτα
1760 2676 1800 2706 30

135 2739 238 2811 μὲν
268 2743 393 2812 περὶ
424 2742 523 2796 τοῦ
557 2743 882 2797 Μοντανοῦ·
932 2743 1023 2796 καὶ
1064 2743 1191 2811 περὶ
1230 2746 1342 2796 τῶν
1373 2744 1736 2811 προφητίδων

136 2824 196 2879 δὲ
226 2822 396 2880 αὐτοῦ
435 2822 787 2894 ὑποκαταβὰς
830 2823 974 2881 οὕτω
1015 2824 1219 2897 γράφει
1253 2822 1592 2895 “δείκνυμεν
1633 2815 1736 2877 οὖν
