<?xml version="1.0" encoding="UTF-8"?>
<!DOCTYPE html PUBLIC "-//W3C//DTD XHTML 1.0 Transitional//EN"
    "http://www.w3.org/TR/xhtml1/DTD/xhtml1-transitional.dtd">
<html xmlns="http://www.w3.org/1999/xhtml" xml:lang="en" lang="en">
 <head>
  <title>
</title>
<meta http-equiv="Content-Type" content="text/html;charset=utf-8" />
  <meta name='ocr-system' content='tesseract 3.04.00' />
  <meta name='ocr-capabilities' content='ocr_page ocr_carea ocr_par ocr_line ocrx_word'/>
</head>
<body>
  <div class='ocr_page' id='page_1' title='image "./operaeusebius04euseuoft_0546.png"; bbox 0 0 1986 3152; ppageno 0'>
   <div class='ocr_carea' id='block_1_1' title="bbox 250 143 1188 194">
    <p class='ocr_par' dir='ltr' id='par_1_1' title="bbox 250 143 1188 194">
     <span class='ocr_line' id='line_1_1' title="bbox 250 143 1188 194; baseline 0.002 -13"><span class='ocrx_word' id='word_1_1' title='bbox 250 144 355 194; x_wconf 75' lang='lat' dir='ltr'><strong><em>43ss</em></strong></span> <span class='ocrx_word' id='word_1_2' title='bbox 942 143 1188 183; x_wconf 79' lang='lat' dir='ltr'>EUSEBII</span> 
     </span>
    </p>
   </div>
   <div class='ocr_carea' id='block_1_2' title="bbox 187 256 1878 2938">
    <p class='ocr_par' dir='ltr' id='par_1_2' title="bbox 187 256 1878 2938">
     <span class='ocr_line' id='line_1_2' title="bbox 251 256 1875 336; baseline 0.001 -22"><span class='ocrx_word' id='word_1_3' title='bbox 251 256 473 328; x_wconf 88' lang='grc' dir='ltr'><strong><em>θότων,</em></strong></span> <span class='ocrx_word' id='word_1_4' title='bbox 513 257 653 329; x_wconf 76' lang='grc' dir='ltr'><strong><em>μηδὲ</em></strong></span> <span class='ocrx_word' id='word_1_5' title='bbox 695 262 771 333; x_wconf 75' lang='grc' dir='ltr'><strong><em>τῷ</em></strong></span> <span class='ocrx_word' id='word_1_6' title='bbox 818 261 936 333; x_wconf 77' lang='grc' dir='ltr'><strong><em>θεῷ</em></strong></span> <span class='ocrx_word' id='word_1_7' title='bbox 987 256 1085 323; x_wconf 76' lang='grc' dir='ltr'><strong><em>τας</em></strong></span> <span class='ocrx_word' id='word_1_8' title='bbox 1138 260 1566 331; x_wconf 84' lang='grc' dir='ltr'><strong><em>ἐποφειλομένας</em></strong></span> <span class='ocrx_word' id='word_1_9' title='bbox 1608 258 1859 336; x_wconf 71' lang='grc' dir='ltr'><strong><em>ἀποδιδῷ</em></strong></span> <span class='ocrx_word' id='word_1_10' title='bbox 1874 307 1875 310; x_wconf 18' lang='lat'>¹</span> 
     </span>
     <span class='ocr_line' id='line_1_3' title="bbox 252 338 1864 416; baseline 0.001 -18"><span class='ocrx_word' id='word_1_11' title='bbox 252 348 522 415; x_wconf 77' lang='grc' dir='ltr'><strong><em>λατρείας.</em></strong></span> <span class='ocrx_word' id='word_1_12' title='bbox 602 346 684 396; x_wconf 88' lang='grc'><strong><em>16.</em></strong></span> <span class='ocrx_word' id='word_1_13' title='bbox 738 349 1131 398; x_wconf 77' lang='grc' dir='ltr'><strong><em>συντελεῖσθαι</em></strong></span> <span class='ocrx_word' id='word_1_14' title='bbox 1180 340 1290 414; x_wconf 75' lang='grc' dir='ltr'><strong><em>γάρ</em></strong></span> <span class='ocrx_word' id='word_1_15' title='bbox 1335 341 1439 414; x_wconf 77' lang='grc' dir='ltr'><strong><em>οὐχ</em></strong></span> <span class='ocrx_word' id='word_1_16' title='bbox 1484 338 1673 414; x_wconf 78' lang='grc' dir='ltr'><strong><em>ἡγεῖτο</em></strong></span> <span class='ocrx_word' id='word_1_17' title='bbox 1718 339 1864 416; x_wconf 73' lang='grc' dir='ltr'><strong><em>ὑπὲρ</em></strong></span> 
     </span>
     <span class='ocr_line' id='line_1_4' title="bbox 252 422 1866 502; baseline 0.001 -21"><span class='ocrx_word' id='word_1_18' title='bbox 252 424 430 484; x_wconf 74' lang='grc' dir='ltr'><strong><em>αὐτοῦ</em></strong></span> <span class='ocrx_word' id='word_1_19' title='bbox 459 424 558 491; x_wconf 73' lang='grc' dir='ltr'><strong><em>τοὶς</em></strong></span> <span class='ocrx_word' id='word_1_20' title='bbox 589 422 786 497; x_wconf 79' lang='grc' dir='ltr'><strong><em>εὐχὰς,</em></strong></span> <span class='ocrx_word' id='word_1_21' title='bbox 819 425 1099 482; x_wconf 82' lang='grc' dir='ltr'><strong><em>συνειδότι</em></strong></span> <span class='ocrx_word' id='word_1_22' title='bbox 1138 426 1340 502; x_wconf 91' lang='grc' dir='ltr'><strong><em>φαύλῳ</em></strong></span> <span class='ocrx_word' id='word_1_23' title='bbox 1379 429 1543 483; x_wconf 73' lang='grc' dir='ltr'><strong><em>τοῦτο</em></strong></span> <span class='ocrx_word' id='word_1_24' title='bbox 1584 425 1866 500; x_wconf 82' lang='grc' dir='ltr'><strong><em>λογιζόμε-</em></strong></span> 
     </span>
     <span class='ocr_line' id='line_1_5' title="bbox 251 504 1854 584; baseline 0.001 -18"><span class='ocrx_word' id='word_1_25' title='bbox 251 533 375 580; x_wconf 88' lang='grc' dir='ltr'><strong><em>νος,</em></strong></span> <span class='ocrx_word' id='word_1_26' title='bbox 408 507 533 565; x_wconf 75' lang='grc' dir='ltr'><strong><em>ἀλλ’</em></strong></span> <span class='ocrx_word' id='word_1_27' title='bbox 559 504 706 582; x_wconf 70' lang='grc' dir='ltr'><strong><em>ὑπὲρ</em></strong></span> <span class='ocrx_word' id='word_1_28' title='bbox 736 513 839 565; x_wconf 81' lang='grc' dir='ltr'><strong><em>τοῦ</em></strong></span> <span class='ocrx_word' id='word_1_29' title='bbox 861 515 1166 581; x_wconf 81' lang='grc' dir='ltr'><strong><em>θεοφιλοῦς</em></strong></span> <span class='ocrx_word' id='word_1_30' title='bbox 1187 514 1453 581; x_wconf 86' lang='grc' dir='ltr'><strong><em>βασιλέως</em></strong></span> <span class='ocrx_word' id='word_1_31' title='bbox 1478 509 1661 567; x_wconf 87' lang='grc' dir='ltr'><strong><em>πάντα</em></strong></span> <span class='ocrx_word' id='word_1_32' title='bbox 1685 511 1854 584; x_wconf 82' lang='grc' dir='ltr'><strong><em>πράτ-</em></strong></span> 
     </span>
     <span class='ocr_line' id='line_1_6' title="bbox 210 589 1867 666; baseline 0.001 -16"><span class='ocrx_word' id='word_1_33' title='bbox 210 617 364 651; x_wconf 68' lang='grc' dir='ltr'><strong><em>ὅτειν</em></strong></span> <span class='ocrx_word' id='word_1_34' title='bbox 403 589 547 666; x_wconf 77' lang='grc' dir='ltr'><strong><em>ἡμᾶς</em></strong></span> <span class='ocrx_word' id='word_1_35' title='bbox 587 594 682 649; x_wconf 86' lang='grc' dir='ltr'><strong><em>καὶ</em></strong></span> <span class='ocrx_word' id='word_1_36' title='bbox 721 592 822 650; x_wconf 81' lang='grc' dir='ltr'><strong><em>τὸν</em></strong></span> <span class='ocrx_word' id='word_1_37' title='bbox 860 592 999 650; x_wconf 82' lang='grc' dir='ltr'><strong><em>θεὸν</em></strong></span> <span class='ocrx_word' id='word_1_38' title='bbox 1043 598 1337 650; x_wconf 81' lang='grc' dir='ltr'><strong><em>ἰλεοῦσθαι</em></strong></span> <span class='ocrx_word' id='word_1_39' title='bbox 1367 596 1651 651; x_wconf 81' lang='grc' dir='ltr'><strong><em>πέπειστο·</em></strong></span> <span class='ocrx_word' id='word_1_40' title='bbox 1697 600 1867 652; x_wconf 84' lang='grc' dir='ltr'><strong><em>ἔνθεν</em></strong></span> 
     </span>
     <span class='ocr_line' id='line_1_7' title="bbox 251 673 1866 751; baseline 0.001 -18"><span class='ocrx_word' id='word_1_41' title='bbox 251 676 472 750; x_wconf 75' lang='grc' dir='ltr'><strong><em>ὡρμᾶτο</em></strong></span> <span class='ocrx_word' id='word_1_42' title='bbox 504 677 636 734; x_wconf 86' lang='grc' dir='ltr'><strong><em>καθ’</em></strong></span> <span class='ocrx_word' id='word_1_43' title='bbox 669 673 831 749; x_wconf 77' lang='grc' dir='ltr'><strong><em>ἡμῶν</em></strong></span> <span class='ocrx_word' id='word_1_44' title='bbox 860 677 960 734; x_wconf 85' lang='grc' dir='ltr'><strong><em>τὸν</em></strong></span> <span class='ocrx_word' id='word_1_45' title='bbox 1000 677 1192 750; x_wconf 82' lang='grc' dir='ltr'><strong><em>θυμὸν</em></strong></span> <span class='ocrx_word' id='word_1_46' title='bbox 1225 679 1596 751; x_wconf 83' lang='grc' dir='ltr'><strong><em>ἐπισκήπτειν.</em></strong></span> <span class='ocrx_word' id='word_1_47' title='bbox 1657 683 1737 735; x_wconf 84' lang='grc'><strong><em>17.</em></strong></span> <span class='ocrx_word' id='word_1_48' title='bbox 1770 680 1866 735; x_wconf 87' lang='grc' dir='ltr'><strong><em>καὶ</em></strong></span> 
     </span>
     <span class='ocr_line' id='line_1_8' title="bbox 250 757 1866 835; baseline 0.001 -18"><span class='ocrx_word' id='word_1_49' title='bbox 250 765 387 834; x_wconf 81' lang='grc' dir='ltr'><strong><em>δῆτα</em></strong></span> <span class='ocrx_word' id='word_1_50' title='bbox 427 766 540 818; x_wconf 78' lang='grc' dir='ltr'><strong><em>τῶν</em></strong></span> <span class='ocrx_word' id='word_1_51' title='bbox 581 757 878 834; x_wconf 75' lang='grc' dir='ltr'><strong><em>ἡγεμόνων</em></strong></span> <span class='ocrx_word' id='word_1_52' title='bbox 919 767 978 818; x_wconf 75' lang='grc' dir='ltr'><strong><em>οὗ</em></strong></span> <span class='ocrx_word' id='word_1_53' title='bbox 1014 761 1274 834; x_wconf 87' lang='grc' dir='ltr'><strong><em>κόλακες,</em></strong></span> <span class='ocrx_word' id='word_1_54' title='bbox 1316 762 1382 818; x_wconf 77' lang='grc' dir='ltr'><strong><em>τὰ</em></strong></span> <span class='ocrx_word' id='word_1_55' title='bbox 1425 770 1563 835; x_wconf 86' lang='grc' dir='ltr'><strong><em>φίλα</em></strong></span> <span class='ocrx_word' id='word_1_56' title='bbox 1608 763 1866 835; x_wconf 85' lang='grc' dir='ltr'><strong><em>πράττειν</em></strong></span> 
     </span>
     <span class='ocr_line' id='line_1_9' title="bbox 249 846 1870 922; baseline 0.001 -21"><span class='ocrx_word' id='word_1_57' title='bbox 249 851 326 922; x_wconf 79' lang='grc' dir='ltr'><strong><em>τῷ</em></strong></span> <span class='ocrx_word' id='word_1_58' title='bbox 370 851 610 918; x_wconf 80' lang='grc' dir='ltr'><strong><em>δυσαγεῑ</em></strong></span> <span class='ocrx_word' id='word_1_59' title='bbox 645 847 1025 918; x_wconf 84' lang='grc' dir='ltr'><strong><em>πεπεισμένοι,</em></strong></span> <span class='ocrx_word' id='word_1_60' title='bbox 1077 851 1191 903; x_wconf 75' lang='grc' dir='ltr'><strong><em>τῶν</em></strong></span> <span class='ocrx_word' id='word_1_61' title='bbox 1234 847 1549 904; x_wconf 82' lang='grc' dir='ltr'><strong><em>ἐπισκόπων</em></strong></span> <span class='ocrx_word' id='word_1_62' title='bbox 1592 846 1724 913; x_wconf 79' lang='grc' dir='ltr'><strong><em>τούς</em></strong></span> <span class='ocrx_word' id='word_1_63' title='bbox 1766 847 1870 920; x_wconf 74' lang='grc' dir='ltr'><strong><em>μὲν</em></strong></span> 
     </span>
     <span class='ocr_line' id='line_1_10' title="bbox 251 929 1871 1005; baseline 0.001 -19"><span class='ocrx_word' id='word_1_64' title='bbox 251 930 515 1002; x_wconf 81' lang='grc' dir='ltr'><strong><em>συνήθως</em></strong></span> <span class='ocrx_word' id='word_1_65' title='bbox 561 944 682 997; x_wconf 80' lang='grc' dir='ltr'><strong><em>ταῖς</em></strong></span> <span class='ocrx_word' id='word_1_66' title='bbox 721 935 835 986; x_wconf 78' lang='grc' dir='ltr'><strong><em>τῶν</em></strong></span> <span class='ocrx_word' id='word_1_67' title='bbox 867 930 1200 1002; x_wconf 82' lang='grc' dir='ltr'><strong><em>κακούργων</em></strong></span> <span class='ocrx_word' id='word_1_68' title='bbox 1245 929 1474 1005; x_wconf 75' lang='grc' dir='ltr'><strong><em>ἀνδρῶν</em></strong></span> <span class='ocrx_word' id='word_1_69' title='bbox 1504 932 1871 1004; x_wconf 79' lang='grc' dir='ltr'><strong><em>περιέβαλλον</em></strong></span> 
     </span>
     <span class='ocr_line' id='line_1_11' title="bbox 190 1013 1869 1088; baseline 0.001 -19"><span class='ocrx_word' id='word_1_70' title='bbox 190 1040 231 1072; x_wconf 84' lang='lat'><strong><em>10</em></strong></span> <span class='ocrx_word' id='word_1_71' title='bbox 253 1021 562 1088; x_wconf 72' lang='grc' dir='ltr'><strong><em>τιμωρίαις,</em></strong></span> <span class='ocrx_word' id='word_1_72' title='bbox 587 1013 872 1086; x_wconf 81' lang='grc' dir='ltr'><strong><em>ἀπήγοντό</em></strong></span> <span class='ocrx_word' id='word_1_73' title='bbox 894 1038 952 1070; x_wconf 91' lang='grc' dir='ltr'><strong><em>τε</em></strong></span> <span class='ocrx_word' id='word_1_74' title='bbox 974 1016 1066 1070; x_wconf 87' lang='grc' dir='ltr'><strong><em>καὶ</em></strong></span> <span class='ocrx_word' id='word_1_75' title='bbox 1093 1015 1410 1084; x_wconf 81' lang='grc' dir='ltr'><strong><em>ἐκολάζοντο</em></strong></span> <span class='ocrx_word' id='word_1_76' title='bbox 1435 1013 1869 1088; x_wconf 71' lang='grc' dir='ltr'><strong><em>ἀπροφασίστως</em></strong></span> 
     </span>
     <span class='ocr_line' id='line_1_12' title="bbox 250 1096 1876 1171; baseline 0 -17"><span class='ocrx_word' id='word_1_77' title='bbox 250 1112 364 1164; x_wconf 78' lang='grc' dir='ltr'><strong><em>τοῖς</em></strong></span> <span class='ocrx_word' id='word_1_78' title='bbox 394 1099 713 1171; x_wconf 88' lang='grc' dir='ltr'><strong><em>μιαιφόνοις</em></strong></span> <span class='ocrx_word' id='word_1_79' title='bbox 745 1097 950 1170; x_wconf 86' lang='grc' dir='ltr'><strong><em>ὁμοίως</em></strong></span> <span class='ocrx_word' id='word_1_80' title='bbox 982 1103 1039 1154; x_wconf 76' lang='grc' dir='ltr'><strong><em>οἱ</em></strong></span> <span class='ocrx_word' id='word_1_81' title='bbox 1064 1099 1241 1171; x_wconf 73' lang='grc' dir='ltr'><strong><em>μηδὲν</em></strong></span> <span class='ocrx_word' id='word_1_82' title='bbox 1270 1096 1617 1170; x_wconf 84' lang='grc' dir='ltr'><strong><em>ἠδικηκότες·</em></strong></span> <span class='ocrx_word' id='word_1_83' title='bbox 1667 1099 1776 1170; x_wconf 78' lang='grc' dir='ltr'><strong><em>ἤδη</em></strong></span> <span class='ocrx_word' id='word_1_84' title='bbox 1809 1100 1876 1155; x_wconf 85' lang='grc' dir='ltr'><strong><em>δέ</em></strong></span> 
     </span>
     <span class='ocr_line' id='line_1_13' title="bbox 249 1180 1872 1256; baseline 0.001 -18"><span class='ocrx_word' id='word_1_85' title='bbox 249 1206 394 1249; x_wconf 87' lang='grc' dir='ltr'><strong><em>τινες</em></strong></span> <span class='ocrx_word' id='word_1_86' title='bbox 425 1184 751 1256; x_wconf 76' lang='grc' dir='ltr'><strong><em>καινοτέραν</em></strong></span> <span class='ocrx_word' id='word_1_87' title='bbox 782 1180 1064 1254; x_wconf 80' lang='grc' dir='ltr'><strong><em>ὑπέμενον</em></strong></span> <span class='ocrx_word' id='word_1_88' title='bbox 1094 1181 1386 1255; x_wconf 83' lang='grc' dir='ltr'><strong><em>τελευτὴν,</em></strong></span> <span class='ocrx_word' id='word_1_89' title='bbox 1432 1186 1578 1256; x_wconf 81' lang='grc' dir='ltr'><strong><em>ξίφει</em></strong></span> <span class='ocrx_word' id='word_1_90' title='bbox 1620 1182 1681 1239; x_wconf 83' lang='grc' dir='ltr'><strong><em>τὸ</em></strong></span> <span class='ocrx_word' id='word_1_91' title='bbox 1715 1188 1872 1256; x_wconf 77' lang='grc' dir='ltr'><strong><em>σῶμα</em></strong></span> 
     </span>
     <span class='ocr_line' id='line_1_14' title="bbox 251 1264 1870 1340; baseline 0.001 -18"><span class='ocrx_word' id='word_1_92' title='bbox 251 1271 330 1331; x_wconf 84' lang='grc' dir='ltr'><strong><em>εἰς</em></strong></span> <span class='ocrx_word' id='word_1_93' title='bbox 375 1266 553 1323; x_wconf 71' lang='grc' dir='ltr'><strong><em>πολλοὶ</em></strong></span> <span class='ocrx_word' id='word_1_94' title='bbox 598 1267 850 1340; x_wconf 84' lang='grc' dir='ltr'><strong><em>τμήματα</em></strong></span> <span class='ocrx_word' id='word_1_95' title='bbox 894 1264 1539 1340; x_wconf 78' lang='grc' dir='ltr'><strong><em>κατακρεουργούμενοι,</em></strong></span> <span class='ocrx_word' id='word_1_96' title='bbox 1592 1268 1686 1323; x_wconf 87' lang='grc' dir='ltr'><strong><em>καὶ</em></strong></span> <span class='ocrx_word' id='word_1_97' title='bbox 1731 1266 1870 1340; x_wconf 78' lang='grc' dir='ltr'><strong><em>μετα</em></strong></span> 
     </span>
     <span class='ocr_line' id='line_1_15' title="bbox 248 1349 1871 1424; baseline 0.001 -18"><span class='ocrx_word' id='word_1_98' title='bbox 248 1349 349 1422; x_wconf 83' lang='grc' dir='ltr'><strong><em>τὴν</em></strong></span> <span class='ocrx_word' id='word_1_99' title='bbox 403 1349 588 1424; x_wconf 84' lang='grc' dir='ltr'><strong><em>άπηνῆ</em></strong></span> <span class='ocrx_word' id='word_1_100' title='bbox 629 1349 842 1423; x_wconf 87' lang='grc' dir='ltr'><strong><em>ταύτην</em></strong></span> <span class='ocrx_word' id='word_1_101' title='bbox 881 1352 974 1407; x_wconf 91' lang='grc' dir='ltr'><strong><em>καὶ</em></strong></span> <span class='ocrx_word' id='word_1_102' title='bbox 1015 1350 1386 1423; x_wconf 87' lang='grc' dir='ltr'><strong><em>φρικτοτάτην</em></strong></span> <span class='ocrx_word' id='word_1_103' title='bbox 1425 1353 1569 1407; x_wconf 88' lang='grc' dir='ltr'><strong><em>θέαν</em></strong></span> <span class='ocrx_word' id='word_1_104' title='bbox 1609 1365 1726 1417; x_wconf 82' lang='grc' dir='ltr'><strong><em>τοῖς</em></strong></span> <span class='ocrx_word' id='word_1_105' title='bbox 1770 1356 1871 1423; x_wconf 85' lang='grc' dir='ltr'><strong><em>τῆς</em></strong></span> 
     </span>
     <span class='ocr_line' id='line_1_16' title="bbox 187 1433 1869 1509; baseline 0 -18"><span class='ocrx_word' id='word_1_106' title='bbox 187 1461 227 1491; x_wconf 84' lang='lat'><strong><em>15</em></strong></span> <span class='ocrx_word' id='word_1_107' title='bbox 249 1435 535 1507; x_wconf 79' lang='grc' dir='ltr'><strong><em>θαλάσσης</em></strong></span> <span class='ocrx_word' id='word_1_108' title='bbox 593 1442 798 1507; x_wconf 80' lang='grc' dir='ltr'><strong><em>βυθοῖς</em></strong></span> <span class='ocrx_word' id='word_1_109' title='bbox 862 1434 1053 1508; x_wconf 80' lang='grc' dir='ltr'><strong><em>ἰχθύσι</em></strong></span> <span class='ocrx_word' id='word_1_110' title='bbox 1123 1441 1201 1503; x_wconf 84' lang='grc' dir='ltr'><strong><em>εἰς</em></strong></span> <span class='ocrx_word' id='word_1_111' title='bbox 1262 1433 1438 1508; x_wconf 76' lang='grc' dir='ltr'><strong><em>βορὰν</em></strong></span> <span class='ocrx_word' id='word_1_112' title='bbox 1498 1435 1869 1509; x_wconf 77' lang='grc' dir='ltr'><strong><em>ῥιπτούμενοι.</em></strong></span> 
     </span>
     <span class='ocr_line' id='line_1_17' title="bbox 254 1514 1871 1592; baseline 0.001 -17"><span class='ocrx_word' id='word_1_113' title='bbox 254 1524 333 1576; x_wconf 83' lang='grc'><strong><em>18.</em></strong></span> <span class='ocrx_word' id='word_1_114' title='bbox 366 1521 546 1592; x_wconf 83' lang='grc' dir='ltr'><strong><em>φυγαὶ</em></strong></span> <span class='ocrx_word' id='word_1_115' title='bbox 591 1519 659 1591; x_wconf 78' lang='grc' dir='ltr'><strong><em>δὴ</em></strong></span> <span class='ocrx_word' id='word_1_116' title='bbox 694 1514 865 1586; x_wconf 77' lang='grc' dir='ltr'><strong><em>αὖθις</em></strong></span> <span class='ocrx_word' id='word_1_117' title='bbox 909 1521 999 1576; x_wconf 82' lang='grc' dir='ltr'><strong><em>ἐπὶ</em></strong></span> <span class='ocrx_word' id='word_1_118' title='bbox 1030 1519 1242 1584; x_wconf 84' lang='grc' dir='ltr'><strong><em>τούτοις</em></strong></span> <span class='ocrx_word' id='word_1_119' title='bbox 1272 1525 1387 1576; x_wconf 74' lang='grc' dir='ltr'><strong><em>τῶν</em></strong></span> <span class='ocrx_word' id='word_1_120' title='bbox 1426 1524 1716 1591; x_wconf 79' lang='grc' dir='ltr'><strong><em>θεοσεβῶν</em></strong></span> <span class='ocrx_word' id='word_1_121' title='bbox 1749 1522 1871 1591; x_wconf 81' lang='grc' dir='ltr'><strong><em>ἐγί-</em></strong></span> 
     </span>
     <span class='ocr_line' id='line_1_18' title="bbox 249 1602 1872 1678; baseline 0.001 -19"><span class='ocrx_word' id='word_1_122' title='bbox 249 1627 414 1660; x_wconf 90' lang='grc' dir='ltr'><strong><em>νοντο</em></strong></span> <span class='ocrx_word' id='word_1_123' title='bbox 447 1603 706 1678; x_wconf 77' lang='grc' dir='ltr'><strong><em>ἀνδρῶν,</em></strong></span> <span class='ocrx_word' id='word_1_124' title='bbox 739 1606 831 1660; x_wconf 87' lang='grc' dir='ltr'><strong><em>καὶ</em></strong></span> <span class='ocrx_word' id='word_1_125' title='bbox 876 1604 1046 1660; x_wconf 89' lang='grc' dir='ltr'><strong><em>πάλιν</em></strong></span> <span class='ocrx_word' id='word_1_126' title='bbox 1076 1602 1269 1677; x_wconf 73' lang='grc' dir='ltr'><strong><em>ἀγροὶ,</em></strong></span> <span class='ocrx_word' id='word_1_127' title='bbox 1312 1605 1405 1660; x_wconf 86' lang='grc' dir='ltr'><strong><em>καὶ</em></strong></span> <span class='ocrx_word' id='word_1_128' title='bbox 1436 1603 1603 1660; x_wconf 91' lang='grc' dir='ltr'><strong><em>πάλιν</em></strong></span> <span class='ocrx_word' id='word_1_129' title='bbox 1636 1606 1872 1677; x_wconf 84' lang='grc' dir='ltr'><strong><em>ἐρημίαι,</em></strong></span> 
     </span>
     <span class='ocr_line' id='line_1_19' title="bbox 249 1685 1872 1761; baseline 0.001 -18"><span class='ocrx_word' id='word_1_130' title='bbox 249 1688 420 1744; x_wconf 90' lang='grc' dir='ltr'><strong><em>νάπαι</em></strong></span> <span class='ocrx_word' id='word_1_131' title='bbox 462 1712 520 1745; x_wconf 88' lang='grc' dir='ltr'><strong><em>τε</em></strong></span> <span class='ocrx_word' id='word_1_132' title='bbox 561 1689 653 1744; x_wconf 90' lang='grc' dir='ltr'><strong><em>καὶ</em></strong></span> <span class='ocrx_word' id='word_1_133' title='bbox 695 1685 798 1761; x_wconf 78' lang='grc' dir='ltr'><strong><em>ὅρη</em></strong></span> <span class='ocrx_word' id='word_1_134' title='bbox 839 1688 974 1754; x_wconf 78' lang='grc' dir='ltr'><strong><em>τούς</em></strong></span> <span class='ocrx_word' id='word_1_135' title='bbox 1007 1692 1248 1761; x_wconf 85' lang='grc' dir='ltr'><strong><em>Χριστοῦ</em></strong></span> <span class='ocrx_word' id='word_1_136' title='bbox 1278 1688 1632 1761; x_wconf 87' lang='grc' dir='ltr'><strong><em>θεράποντας</em></strong></span> <span class='ocrx_word' id='word_1_137' title='bbox 1661 1686 1872 1744; x_wconf 77' lang='grc' dir='ltr'><strong><em>ὑπεδέ-</em></strong></span> 
     </span>
     <span class='ocr_line' id='line_1_20' title="bbox 249 1772 1872 1848; baseline -0.001 -19"><span class='ocrx_word' id='word_1_138' title='bbox 249 1796 426 1844; x_wconf 89' lang='grc' dir='ltr'><strong><em>χοντο.</em></strong></span> <span class='ocrx_word' id='word_1_139' title='bbox 476 1774 594 1829; x_wconf 78' lang='grc' dir='ltr'><strong><em>ἐπεὶ</em></strong></span> <span class='ocrx_word' id='word_1_140' title='bbox 627 1773 689 1829; x_wconf 77' lang='grc' dir='ltr'><strong><em>δὲ</em></strong></span> <span class='ocrx_word' id='word_1_141' title='bbox 720 1774 816 1829; x_wconf 83' lang='grc' dir='ltr'><strong><em>καὶ</em></strong></span> <span class='ocrx_word' id='word_1_142' title='bbox 844 1778 1022 1829; x_wconf 81' lang='grc' dir='ltr'><strong><em>ταῦτα</em></strong></span> <span class='ocrx_word' id='word_1_143' title='bbox 1051 1777 1253 1829; x_wconf 83' lang='grc' dir='ltr'><strong><em>τοῦτον</em></strong></span> <span class='ocrx_word' id='word_1_144' title='bbox 1277 1772 1591 1846; x_wconf 75' lang='grc' dir='ltr'><strong><em>προυχώρει</em></strong></span> <span class='ocrx_word' id='word_1_145' title='bbox 1618 1777 1696 1848; x_wconf 76' lang='grc' dir='ltr'><strong><em>τῷ</em></strong></span> <span class='ocrx_word' id='word_1_146' title='bbox 1728 1777 1872 1828; x_wconf 84' lang='grc' dir='ltr'><strong><em>δυσ-</em></strong></span> 
     </span>
     <span class='ocr_line' id='line_1_21' title="bbox 187 1855 1873 1929; baseline -0.001 -16"><span class='ocrx_word' id='word_1_147' title='bbox 187 1882 228 1913; x_wconf 85' lang='lat'><strong><em>20</em></strong></span> <span class='ocrx_word' id='word_1_148' title='bbox 253 1862 409 1928; x_wconf 77' lang='grc' dir='ltr'><strong><em>σεβεῖ</em></strong></span> <span class='ocrx_word' id='word_1_149' title='bbox 434 1856 531 1914; x_wconf 79' lang='grc' dir='ltr'><strong><em>τὸν</em></strong></span> <span class='ocrx_word' id='word_1_150' title='bbox 563 1857 795 1929; x_wconf 83' lang='grc' dir='ltr'><strong><em>τρόπον,</em></strong></span> <span class='ocrx_word' id='word_1_151' title='bbox 828 1856 1023 1913; x_wconf 82' lang='grc' dir='ltr'><strong><em>λοιπὸν</em></strong></span> <span class='ocrx_word' id='word_1_152' title='bbox 1053 1857 1145 1912; x_wconf 87' lang='grc' dir='ltr'><strong><em>καὶ</em></strong></span> <span class='ocrx_word' id='word_1_153' title='bbox 1175 1855 1274 1913; x_wconf 79' lang='grc' dir='ltr'><strong><em>τὸν</em></strong></span> <span class='ocrx_word' id='word_1_154' title='bbox 1303 1856 1442 1912; x_wconf 76' lang='grc' dir='ltr'><strong><em>κατα</em></strong></span> <span class='ocrx_word' id='word_1_155' title='bbox 1474 1856 1700 1913; x_wconf 89' lang='grc' dir='ltr'><strong><em>πάντων</em></strong></span> <span class='ocrx_word' id='word_1_156' title='bbox 1731 1855 1873 1912; x_wconf 82' lang='grc' dir='ltr'><strong><em>άνα-</em></strong></span> 
     </span>
     <span class='ocr_line' id='line_1_22' title="bbox 251 1940 1874 2014; baseline -0.001 -17"><span class='ocrx_word' id='word_1_157' title='bbox 251 1954 425 1998; x_wconf 78' lang='grc' dir='ltr'><strong><em>κινεῖν</em></strong></span> <span class='ocrx_word' id='word_1_158' title='bbox 457 1940 707 2014; x_wconf 77' lang='grc' dir='ltr'><strong><em>διωγμὸν</em></strong></span> <span class='ocrx_word' id='word_1_159' title='bbox 751 1943 842 1998; x_wconf 86' lang='grc' dir='ltr'><strong><em>ἐπὶ</em></strong></span> <span class='ocrx_word' id='word_1_160' title='bbox 883 1941 1136 1998; x_wconf 81' lang='grc' dir='ltr'><strong><em>διάνοιαν</em></strong></span> <span class='ocrx_word' id='word_1_161' title='bbox 1179 1941 1454 2012; x_wconf 83' lang='grc' dir='ltr'><strong><em>ἐβάλλετο.</em></strong></span> <span class='ocrx_word' id='word_1_162' title='bbox 1535 1945 1614 1996; x_wconf 83' lang='grc'><strong><em>19.</em></strong></span> <span class='ocrx_word' id='word_1_163' title='bbox 1659 1940 1874 2014; x_wconf 79' lang='grc' dir='ltr'><strong><em>ἐκράτει</em></strong></span> 
     </span>
     <span class='ocr_line' id='line_1_23' title="bbox 248 2019 1872 2101; baseline -0.001 -20"><span class='ocrx_word' id='word_1_164' title='bbox 248 2048 306 2081; x_wconf 88' lang='grc' dir='ltr'><strong><em>τε</em></strong></span> <span class='ocrx_word' id='word_1_165' title='bbox 336 2026 559 2098; x_wconf 73' lang='grc' dir='ltr'><strong><em>γνώμης</em></strong></span> <span class='ocrx_word' id='word_1_166' title='bbox 592 2027 685 2082; x_wconf 87' lang='grc' dir='ltr'><strong><em>καὶ</em></strong></span> <span class='ocrx_word' id='word_1_167' title='bbox 715 2025 886 2083; x_wconf 78' lang='grc' dir='ltr'><strong><em>οὐδὲν</em></strong></span> <span class='ocrx_word' id='word_1_168' title='bbox 919 2025 1179 2098; x_wconf 74' lang='grc' dir='ltr'><strong><em>ἐμποδών</em></strong></span> <span class='ocrx_word' id='word_1_169' title='bbox 1221 2019 1293 2095; x_wconf 80' lang='grc' dir='ltr'><strong><em>ἦν</em></strong></span> <span class='ocrx_word' id='word_1_170' title='bbox 1323 2021 1480 2101; x_wconf 74' lang='grc' dir='ltr'><strong><em>αὐτῷ</em></strong></span> <span class='ocrx_word' id='word_1_171' title='bbox 1521 2024 1595 2097; x_wconf 87' lang='grc' dir='ltr'><strong><em>μὴ</em></strong></span> <span class='ocrx_word' id='word_1_172' title='bbox 1639 2022 1770 2096; x_wconf 84' lang='grc' dir='ltr'><strong><em>ούχὶ</em></strong></span> <span class='ocrx_word' id='word_1_173' title='bbox 1811 2027 1872 2080; x_wconf 81' lang='grc' dir='ltr'><strong><em>ἐν</em></strong></span> 
     </span>
     <span class='ocr_line' id='line_1_24' title="bbox 249 2106 1860 2184; baseline -0.001 -20"><span class='ocrx_word' id='word_1_174' title='bbox 249 2114 393 2184; x_wconf 81' lang='grc' dir='ltr'><strong><em>ἔργῳ</em></strong></span> <span class='ocrx_word' id='word_1_175' title='bbox 425 2123 647 2181; x_wconf 82' lang='grc' dir='ltr'><strong><em>χωρεῖν,</em></strong></span> <span class='ocrx_word' id='word_1_176' title='bbox 691 2115 743 2166; x_wconf 85' lang='grc' dir='ltr'><strong><em>εἰ</em></strong></span> <span class='ocrx_word' id='word_1_177' title='bbox 779 2109 853 2182; x_wconf 81' lang='grc' dir='ltr'><strong><em>μὴ</em></strong></span> <span class='ocrx_word' id='word_1_178' title='bbox 885 2110 1109 2182; x_wconf 88' lang='grc' dir='ltr'><strong><em>τάχιστα</em></strong></span> <span class='ocrx_word' id='word_1_179' title='bbox 1139 2106 1202 2166; x_wconf 87' lang='grc' dir='ltr'>τὸ</span> <span class='ocrx_word' id='word_1_180' title='bbox 1234 2111 1439 2181; x_wconf 87' lang='grc' dir='ltr'><strong><em>μέλλον</em></strong></span> <span class='ocrx_word' id='word_1_181' title='bbox 1471 2115 1696 2165; x_wconf 79' lang='grc' dir='ltr'><strong><em>ἔσεσθαι</em></strong></span> <span class='ocrx_word' id='word_1_182' title='bbox 1723 2129 1860 2180; x_wconf 86' lang='grc' dir='ltr'><strong><em>προ-</em></strong></span> 
     </span>
     <span class='ocr_line' id='line_1_25' title="bbox 253 2188 1871 2265; baseline -0.001 -17"><span class='ocrx_word' id='word_1_183' title='bbox 253 2191 440 2264; x_wconf 75' lang='grc' dir='ltr'><strong><em>λαβών</em></strong></span> <span class='ocrx_word' id='word_1_184' title='bbox 482 2188 511 2248; x_wconf 87' lang='grc' dir='ltr'>ὁ</span> <span class='ocrx_word' id='word_1_185' title='bbox 544 2199 660 2250; x_wconf 73' lang='grc' dir='ltr'><strong><em>τῶν</em></strong></span> <span class='ocrx_word' id='word_1_186' title='bbox 691 2198 914 2250; x_wconf 81' lang='grc' dir='ltr'><strong><em>οἰκείων</em></strong></span> <span class='ocrx_word' id='word_1_187' title='bbox 944 2199 1144 2265; x_wconf 74' lang='grc' dir='ltr'><strong><em>ψυχῶν</em></strong></span> <span class='ocrx_word' id='word_1_188' title='bbox 1174 2188 1496 2265; x_wconf 77' lang='grc' dir='ltr'><strong><em>ὑπέρμαχος</em></strong></span> <span class='ocrx_word' id='word_1_189' title='bbox 1536 2190 1669 2257; x_wconf 82' lang='grc' dir='ltr'><strong><em>θεὸς</em></strong></span> <span class='ocrx_word' id='word_1_190' title='bbox 1703 2190 1776 2258; x_wconf 79' lang='grc' dir='ltr'><strong><em>ὠς</em></strong></span> <span class='ocrx_word' id='word_1_191' title='bbox 1811 2194 1871 2248; x_wconf 83' lang='grc' dir='ltr'><strong><em>ἐν</em></strong></span> 
     </span>
     <span class='ocr_line' id='line_1_26' title="bbox 187 2276 1875 2352; baseline -0.001 -20"><span class='ocrx_word' id='word_1_192' title='bbox 187 2301 228 2333; x_wconf 81' lang='lat'><strong><em>25</em></strong></span> <span class='ocrx_word' id='word_1_193' title='bbox 251 2283 423 2348; x_wconf 80' lang='grc' dir='ltr'><strong><em>βαθεῖ</em></strong></span> <span class='ocrx_word' id='word_1_194' title='bbox 449 2276 629 2352; x_wconf 88' lang='grc' dir='ltr'><strong><em>σκότῳ</em></strong></span> <span class='ocrx_word' id='word_1_195' title='bbox 661 2278 754 2332; x_wconf 82' lang='grc' dir='ltr'><strong><em>καὶ</em></strong></span> <span class='ocrx_word' id='word_1_196' title='bbox 787 2278 950 2333; x_wconf 79' lang='grc' dir='ltr'><strong><em>νυκτὶ</em></strong></span> <span class='ocrx_word' id='word_1_197' title='bbox 981 2276 1364 2350; x_wconf 76' lang='grc' dir='ltr'><strong><em>ζοφωὸεστάτῃ</em></strong></span> <span class='ocrx_word' id='word_1_198' title='bbox 1399 2280 1666 2349; x_wconf 82' lang='grc' dir='ltr'><strong><em>φωστῆρα</em></strong></span> <span class='ocrx_word' id='word_1_199' title='bbox 1695 2277 1875 2348; x_wconf 78' lang='grc' dir='ltr'><strong><em>μέγαν</em></strong></span> 
     </span>
     <span class='ocr_line' id='line_1_27' title="bbox 247 2358 1862 2434; baseline 0 -18"><span class='ocrx_word' id='word_1_200' title='bbox 247 2360 471 2434; x_wconf 76' lang='grc' dir='ltr'><strong><em>ἀθρόως</em></strong></span> <span class='ocrx_word' id='word_1_201' title='bbox 502 2361 594 2416; x_wconf 88' lang='grc' dir='ltr'><strong><em>καὶ</em></strong></span> <span class='ocrx_word' id='word_1_202' title='bbox 620 2366 840 2432; x_wconf 85' lang='grc' dir='ltr'><strong><em>σωτῆρα</em></strong></span> <span class='ocrx_word' id='word_1_203' title='bbox 869 2373 982 2426; x_wconf 82' lang='grc' dir='ltr'><strong><em>τοῖς</em></strong></span> <span class='ocrx_word' id='word_1_204' title='bbox 1014 2366 1181 2417; x_wconf 82' lang='grc' dir='ltr'><strong><em>πᾶσιν</em></strong></span> <span class='ocrx_word' id='word_1_205' title='bbox 1214 2362 1511 2432; x_wconf 81' lang='grc' dir='ltr'><strong><em>ἐξέλαμψε,</em></strong></span> <span class='ocrx_word' id='word_1_206' title='bbox 1551 2359 1653 2416; x_wconf 83' lang='grc' dir='ltr'><strong><em>τὸν</em></strong></span> <span class='ocrx_word' id='word_1_207' title='bbox 1684 2358 1862 2417; x_wconf 77' lang='grc' dir='ltr'><strong><em>αὐτοῦ</em></strong></span> 
     </span>
     <span class='ocr_line' id='line_1_28' title="bbox 246 2443 1870 2520; baseline -0.001 -19"><span class='ocrx_word' id='word_1_208' title='bbox 246 2445 569 2519; x_wconf 80' lang='grc' dir='ltr'><strong><em>θεράποντα</em></strong></span> <span class='ocrx_word' id='word_1_209' title='bbox 608 2453 1045 2502; x_wconf 84' lang='grc' dir='ltr'><strong><em>Κωνσταντῐνον</em></strong></span> <span class='ocrx_word' id='word_1_210' title='bbox 1095 2443 1297 2520; x_wconf 77' lang='grc' dir='ltr'><strong><em>ὑψηλῷ</em></strong></span> <span class='ocrx_word' id='word_1_211' title='bbox 1349 2450 1603 2517; x_wconf 88' lang='grc' dir='ltr'><strong><em>βραχίονι</em></strong></span> <span class='ocrx_word' id='word_1_212' title='bbox 1659 2445 1748 2500; x_wconf 84' lang='grc' dir='ltr'><strong><em>ἐπὶ</em></strong></span> <span class='ocrx_word' id='word_1_213' title='bbox 1802 2443 1870 2500; x_wconf 83' lang='grc' dir='ltr'><strong><em>τοὶ</em></strong></span> 
     </span>
     <span class='ocr_line' id='line_1_29' title="bbox 254 2529 858 2603; baseline 0 -18"><span class='ocrx_word' id='word_1_214' title='bbox 254 2534 389 2603; x_wconf 84' lang='grc' dir='ltr'><strong><em>τῇδε</em></strong></span> <span class='ocrx_word' id='word_1_215' title='bbox 427 2529 858 2602; x_wconf 79' lang='grc' dir='ltr'><strong><em>χειραγωγήσας.</em></strong></span> 
     </span>
     <span class='ocr_line' id='line_1_30' title="bbox 391 2604 1876 2688; baseline -0.004 -15"><span class='ocrx_word' id='word_1_216' title='bbox 391 2624 471 2673; x_wconf 89' lang='grc' dir='ltr'><strong><em>ΙΧ.</em></strong></span> <span class='ocrx_word' id='word_1_217' title='bbox 548 2623 679 2687; x_wconf 81' lang='lat' dir='ltr'><strong>[Nic.</strong></span> <span class='ocrx_word' id='word_1_218' title='bbox 719 2625 774 2672; x_wconf 90' lang='lat' dir='ltr'><strong><em>H.</em></strong></span> <span class='ocrx_word' id='word_1_219' title='bbox 816 2625 870 2673; x_wconf 89' lang='lat' dir='ltr'><strong><em>E.</em></strong></span> <span class='ocrx_word' id='word_1_220' title='bbox 913 2624 1021 2681; x_wconf 89' lang='lat' dir='ltr'>Vll,</span> <span class='ocrx_word' id='word_1_221' title='bbox 1059 2621 1145 2674; x_wconf 85' lang='lat'><strong><em>45.</em></strong></span> <span class='ocrx_word' id='word_1_222' title='bbox 1187 2621 1299 2688; x_wconf 82' lang='lat'><strong>46.]</strong></span> <span class='ocrx_word' id='word_1_223' title='bbox 1390 2612 1581 2688; x_wconf 81' lang='grc' dir='ltr'><strong><em>Τούτῳ</em></strong></span> <span class='ocrx_word' id='word_1_224' title='bbox 1624 2611 1729 2683; x_wconf 75' lang='grc' dir='ltr'><strong><em>μὲν</em></strong></span> <span class='ocrx_word' id='word_1_225' title='bbox 1768 2604 1876 2667; x_wconf 77' lang='grc' dir='ltr'><strong><em>οὖν</em></strong></span> 
     </span>
     <span class='ocr_line' id='line_1_31' title="bbox 190 2693 1875 2771; baseline -0.002 -18"><span class='ocrx_word' id='word_1_226' title='bbox 190 2722 231 2754; x_wconf 76' lang='lat'><strong><em>30</em></strong></span> <span class='ocrx_word' id='word_1_227' title='bbox 256 2697 481 2754; x_wconf 77' lang='grc' dir='ltr'><strong><em>ἄνωθεν</em></strong></span> <span class='ocrx_word' id='word_1_228' title='bbox 522 2700 576 2765; x_wconf 82' lang='grc' dir='ltr'><strong><em>ἐξ</em></strong></span> <span class='ocrx_word' id='word_1_229' title='bbox 619 2696 873 2769; x_wconf 82' lang='grc' dir='ltr'><strong><em>ου’ρανοῦ</em></strong></span> <span class='ocrx_word' id='word_1_230' title='bbox 923 2697 1145 2771; x_wconf 80' lang='grc' dir='ltr'><strong><em>καρπὸν</em></strong></span> <span class='ocrx_word' id='word_1_231' title='bbox 1189 2696 1476 2768; x_wconf 82' lang='grc' dir='ltr'><strong><em>εὐσεβείας</em></strong></span> <span class='ocrx_word' id='word_1_232' title='bbox 1519 2693 1768 2767; x_wconf 83' lang='grc' dir='ltr'><strong><em>ἐπάξιον,</em></strong></span> <span class='ocrx_word' id='word_1_233' title='bbox 1808 2693 1875 2751; x_wconf 74' lang='grc' dir='ltr'><strong><em>τά</em></strong></span> 
     </span>
     <span class='ocr_line' id='line_1_32' title="bbox 252 2778 1878 2854; baseline -0.002 -17"><span class='ocrx_word' id='word_1_234' title='bbox 252 2780 488 2852; x_wconf 89' lang='grc' dir='ltr'><strong><em>τρόπαια</em></strong></span> <span class='ocrx_word' id='word_1_235' title='bbox 529 2786 626 2854; x_wconf 83' lang='grc' dir='ltr'><strong><em>τῆς</em></strong></span> <span class='ocrx_word' id='word_1_236' title='bbox 667 2781 806 2838; x_wconf 72' lang='grc' dir='ltr'><strong><em>κατὰ</em></strong></span> <span class='ocrx_word' id='word_1_237' title='bbox 849 2786 966 2838; x_wconf 72' lang='grc' dir='ltr'><strong><em>τῶν</em></strong></span> <span class='ocrx_word' id='word_1_238' title='bbox 1010 2780 1232 2853; x_wconf 78' lang='grc' dir='ltr'><strong><em>άσεβῶν</em></strong></span> <span class='ocrx_word' id='word_1_239' title='bbox 1278 2793 1508 2854; x_wconf 81' lang='grc' dir='ltr'><strong><em>παρεῖχε</em></strong></span> <span class='ocrx_word' id='word_1_240' title='bbox 1550 2786 1736 2851; x_wconf 88' lang='grc' dir='ltr'><strong><em>νίκης,</em></strong></span> <span class='ocrx_word' id='word_1_241' title='bbox 1777 2778 1878 2835; x_wconf 82' lang='grc' dir='ltr'><strong><em>τὸν</em></strong></span> 
     </span>
     <span class='ocr_line' id='line_1_33' title="bbox 257 2864 1874 2938; baseline -0.001 -18"><span class='ocrx_word' id='word_1_242' title='bbox 257 2864 311 2920; x_wconf 84' lang='grc' dir='ltr'><strong><em>δ’</em></strong></span> <span class='ocrx_word' id='word_1_243' title='bbox 348 2865 659 2938; x_wconf 78' lang='grc' dir='ltr'><strong><em>ἀλιτήριον,</em></strong></span> <span class='ocrx_word' id='word_1_244' title='bbox 701 2864 897 2932; x_wconf 79' lang='grc' dir='ltr'><strong><em>αὐτοῖς</em></strong></span> <span class='ocrx_word' id='word_1_245' title='bbox 941 2868 1279 2938; x_wconf 86' lang='grc' dir='ltr'><strong><em>συμβούλοις</em></strong></span> <span class='ocrx_word' id='word_1_246' title='bbox 1323 2865 1494 2921; x_wconf 77' lang='grc' dir='ltr'><strong><em>ἅπασι</em></strong></span> <span class='ocrx_word' id='word_1_247' title='bbox 1537 2864 1631 2920; x_wconf 84' lang='grc' dir='ltr'><strong><em>καὶ</em></strong></span> <span class='ocrx_word' id='word_1_248' title='bbox 1671 2870 1874 2936; x_wconf 88' lang='grc' dir='ltr'><strong><em>φίλοις,</em></strong></span> 
     </span>
    </p>
   </div>
   <div class='ocr_carea' id='block_1_3' title="bbox 1929 0 1982 468">
    <p class='ocr_par' dir='ltr' id='par_1_3' title="bbox 1929 0 1982 468">
     <span class='ocr_line' id='line_1_34' title="bbox 1929 0 1982 468; baseline 0 2684"><span class='ocrx_word' id='word_1_249' title='bbox 1929 0 1982 468; x_wconf 95' lang='lat' dir='ltr'><strong><em> </em></strong></span> 
     </span>
    </p>
   </div>
  </div>
 </body>
</html>
