1986 3152
594 109 751 151 HIST.
780 109 1030 153 EGCLES.
1060 110 1140 152 IX.
1174 111 1241 154 10.
1620 109 1724 161 441

116 227 557 299 θαυμαζομένων
609 222 762 303 αὐτῷ
813 231 996 294 θεῶν,
1058 220 1139 282 ῶν
1191 225 1261 298 δὴ
1301 240 1417 293 τοῖς
1456 240 1725 302 χρησμοῖς

116 309 545 383 άναρριπισθεὶς
573 309 671 367 τὸν
702 309 947 384 πόλεμον
972 309 1179 384 ἤρατο,
1213 308 1370 367 ῶσάν
1398 309 1603 384 γόητας
1632 313 1726 368 καὶ

117 392 444 461 ἀπατεῶνας
484 395 579 450 καὶ
621 396 712 451 ε’πὶ
741 401 877 452 πᾶσι
915 394 1192 469 προδότας
1221 400 1318 468 τῆς
1349 394 1528 453 αὐτοῦ
1559 419 1722 468 γενο-

116 479 322 551 μένους
364 485 638 553 σωτηρίας
673 477 916 554 ἀναιρεῖ,
971 477 1088 536 εἶτα
1139 479 1209 552 δὴ
1253 479 1392 547 δούς
1435 478 1607 548 δόξαν
1646 486 1723 556 τῷ

115 567 229 620 τῶν
260 568 607 636 Χριστιανῶν
635 569 754 641 θεῷ
770 608 784 636 ,
816 564 992 636 νόμον
1019 586 1079 620 τε
1107 564 1207 621 τὸν
1231 559 1375 638 ὑπὲρ
1399 567 1725 639 ἐλευθερίας
1747 589 1767 622 5

117 646 304 704 αὐτῶν
363 648 670 705 τελεώτατα
738 649 832 705 καὶ
904 651 1253 723 πληρέστατα
1313 649 1725 723 διαταξάμενος,

113 731 553 804 δυσθανατήσας
593 731 825 804 αὐτίκα,
878 737 1146 806 μηδεμιᾶς
1188 731 1343 809 αὐτῷ
1385 733 1592 808 χρόνου
1626 738 1724 790 δο-

116 822 313 889 θείσης
353 823 701 890 προθεσμίας
740 821 974 891 τελευτᾷ
1024 816 1127 872 τὸν
1165 823 1308 888 βίον.
1378 817 1406 874 ὁ
1447 819 1511 875 δὲ
1554 841 1725 875 κατα-

116 901 396 973 πεμφθεὶς
425 898 528 956 ὑπ’
565 899 744 957 αὐτοῦ
774 900 944 973 νόμος
974 906 1221 967 τοιοῦτος
1253 894 1348 972 ἧν·

111 983 484 1059 ’Λντίγραφον
560 986 853 1060 ἑρμηνείας
920 989 1018 1056 τῆς
1074 989 1178 1041 τοῦ
1235 985 1520 1059 τυράννου
1581 981 1726 1058 ὑπὲρ
1751 1012 1789 1043 10

117 1073 471 1142 Χριστιανῶν
515 1069 836 1142 διατάξεως,
895 1072 955 1126 ἐκ
991 1067 1294 1143 Ῥωμαϊκῆς
1347 1069 1594 1142 γλώττης
1648 1075 1727 1136 εἰς

505 1153 611 1225 τὴν
645 1151 850 1211 ἕλλάδα
879 1160 1345 1227 μεταληφθείσης.

248 1242 294 1294 7.
349 1235 767 1312 “Αὖτοκράτωρ
792 1247 1014 1312 Καῖσαρ
1047 1239 1216 1304 Γάϊος
1251 1237 1559 1312 Οὐαλέριος
1593 1247 1726 1297 Μα-

110 1318 388 1395 “ξιμῖνος,
421 1322 792 1397 Γερμανικὸς,
833 1322 1215 1397 Σαρματικὸς,
1248 1321 1515 1395 εὐσεβὴς,
1558 1320 1727 1380 εὔτυ-

112 1401 276 1479 “χὴς,
308 1405 596 1481 ἀνίκητος,
628 1407 907 1479 σεβαστός.
968 1407 1106 1464 κατὰ
1136 1407 1318 1464 πάντα
1347 1407 1557 1482 τρόπον
1585 1405 1727 1480 ἡμᾶς
1751 1432 1790 1465 15

111 1486 419 1564 “διηνεκῶς
448 1497 563 1549 τῶν
594 1495 950 1567 ἐπαρχιωτῶν
988 1498 1102 1549 τῶν
1143 1487 1428 1566 ἡμετέρων
1456 1497 1558 1548 τοῦ
1588 1515 1726 1566 χρη-

110 1571 316 1649 “σίμου
369 1586 765 1651 προνοεῖσθαι,
826 1578 919 1633 καὶ
969 1581 1146 1634 ταῦτα
1183 1575 1377 1643 αὐτοῖς
1419 1575 1728 1648 βούλεσθαι

111 1655 439 1734 “παρέχειν,
480 1658 564 1728 οἷς
592 1661 659 1718 τοὶ
689 1667 949 1734 λυσιτελῆ
990 1661 1218 1718 πάντων
1257 1662 1494 1735 μάλιστα
1525 1684 1726 1733 κατορ-

113 1740 386 1818 ““θοῦται,
428 1747 522 1802 καὶ
564 1746 669 1803 ὅσα
708 1751 806 1818 τῆς
838 1751 1178 1813 λυσιτελείας
1209 1747 1303 1802 καὶ
1331 1750 1429 1818 τῆς
1458 1745 1727 1820 χρησιμό-

110 1825 311 1901 “τητός
343 1832 457 1887 ε’στι
494 1836 590 1903 τῆς
619 1836 811 1902 κοινῆς
854 1829 1071 1902 αὐτῶν,
1113 1831 1206 1887 καὶ
1247 1826 1415 1888 ὁποῖα
1457 1830 1596 1903 πρὸς
1626 1830 1729 1903 τὴν
1751 1854 1793 1887 20

115 1909 428 1986 “δημοσίαν
478 1917 822 1972 λυσιτέλειαν
873 1913 1133 1988 ἁρμόζει,
1185 1916 1278 1971 καὶ
1317 1927 1440 1980 ταῖς
1482 1914 1728 1971 ἑκάστων

115 1994 421 2066 “διανοίαις
444 2006 725 2073 προσφιλῆ
746 1999 1037 2072 τυγχάνει,
1070 1997 1280 2056 οὐδένα
1311 1995 1570 2071 άγνοεῖν,
1602 1997 1726 2055 ἀλλ’

115 2077 389 2140 “ἕκαστον
418 2082 745 2159 ἀνατρέχειν
777 2082 864 2140 ἐπ’
901 2082 1056 2160 αὐτῷ
1091 2083 1152 2140 τὸ
1185 2083 1511 2156 γινόμενον,
1553 2083 1727 2154 γινῶ-

111 2165 300 2224 “auem
328 2191 389 2225 τε
420 2171 654 2226 ἕκαστον
674 2173 790 2226 τῶν
808 2167 1133 2243 ἀνθρώπων
1154 2169 1249 2225 καὶ
1281 2173 1424 2241 ἔχειν
1449 2170 1510 2224 ἐν
1532 2169 1729 2244 ἑαυτῷ,

113 2246 326 2323 “δῆλον
355 2251 503 2310 εἶναι
532 2253 878 2327 πιστεύομεν.
938 2257 986 2310 8.
1033 2248 1204 2310 ὁπότε
1226 2258 1423 2310 τοίνυν
1453 2249 1561 2326 πρὸ
1592 2251 1730 2309 τού·
1752 2274 1793 2307 25

113 2330 249 2391 “vov
275 2340 454 2408 δῆλον
482 2340 681 2410 γέγονε
709 2343 779 2413 τῇ
809 2337 1014 2410 γνῶσει
1047 2340 1118 2411 τῇ
1155 2333 1395 2413 η-μετέρα
1436 2339 1497 2394 ἐκ
1526 2337 1731 2408 ταύτης

114 2414 246 2491 “τῆς
269 2421 641 2494 προφάσεως,
695 2425 749 2490 ἐξ
787 2416 854 2494 ἧς
893 2423 1331 2494 κεκελευσμένον
1371 2424 1444 2494 ἠν
1473 2419 1586 2478 ὑπὸ
1618 2426 1730 2477 τῶν

114 2499 456 2562 “θειοτάτων
495 2511 904 2579 Λιοκλητιανοῦ
942 2507 1037 2562 καὶ
1078 2508 1436 2579 Μαξιμιανοῦ
1474 2511 1588 2563 τῶν
1629 2529 1729 2577 γο-

114 2583 297 2646 “νέων
339 2595 453 2647 τῶν
481 2589 765 2665 ἡμετέρων
793 2590 892 2657 τοὶς
923 2590 1205 2656 συνόδους
1233 2595 1349 2648 τῶν
1380 2594 1731 2664 Χριστιανῶν

116 2671 460 2749 “ε’ξῃρῆσθαι
485 2719 500 2748 ,
561 2675 807 2742 πολλοὺς
867 2674 1128 2748 σεισμούς
1185 2675 1279 2731 καὶ
1337 2673 1727 2749 ἀποστερήσεις
1753 2695 1794 2727 30

117 2751 269 2815 “find
298 2764 414 2817 τῶν
446 2756 825 2833 όφφικιαλίων
853 2765 1222 2832 γεγενῆσθαι,
1264 2760 1357 2816 καὶ
1388 2764 1466 2824 εἰς
1497 2755 1730 2814 τούπιὸν

116 2839 218 2899 “δὲ
268 2850 435 2902 τοῦτο
487 2859 805 2921 προχωρεῖν
857 2844 995 2902 κατὰ
1046 2848 1160 2901 τῶν
1215 2847 1573 2919 ἐπαρχιωτῶν
1617 2844 1731 2898 τῶν
