1986 3152
271 106 378 156 224
947 65 1194 141 Ensssssn

266 217 418 287 “ται;
465 216 747 290 προφήτης
789 223 1142 286 φιλοκοσμεῖ;
1188 212 1471 287 προφήτης
1509 212 1736 286 τάβλαις
1778 218 1871 272 καὶ

264 302 493 373 “κύβοις
525 307 732 369 παίζει;
778 296 1063 370 προφήτης
1096 302 1360 366 δανείζει;
1402 301 1574 354 ταῦτα
1603 297 1872 371 ὁμολογη-

265 384 558 441 “eoi-canaam]
599 382 832 454 πότερον
874 385 1084 449 ἔξεστιν
1113 376 1147 453 ἢ
1178 380 1282 453 μὴ,
1327 381 1433 453 ἐγώ
1467 382 1528 437 δὲ
1567 380 1650 439 ὅτι
1679 386 1873 454 γέγονε

266 467 432 539 “παρ’
470 465 657 533 αὐτοῖς
692 462 900 534 δείξω.”
961 470 1040 522 12.
1075 464 1104 522 5
1136 461 1191 522 δ’
1225 462 1389 530 αὐτὸς
1418 456 1579 532 οὗτος
1602 464 1872 523 Ἀπολλώ·

229 579 251 611 5
274 576 390 618 νιος
420 550 556 608 κατὰ
585 550 646 608 τὸ
679 549 814 607 αὐτὸ
848 549 1179 622 σύγγραμμα
1213 554 1422 621 ἱστορεῖ
1449 548 1521 615 ὡς
1544 546 1650 621 ἄρα
1679 567 1872 606 τεσσα-

274 635 545 710 ρακοστὸν
576 633 876 708 ἐτύγχανεν
909 641 1027 700 ἔτος
1057 636 1149 690 ἐπὶ
1187 632 1291 705 τὴν
1320 636 1420 690 τοῦ
1450 632 1872 707 συγγράμματος

193 778 201 781 ,
274 718 446 777 αὐτοῦ
474 717 726 792 γραφὴν,
771 721 823 787 ἐξ
854 743 920 776 ου
950 720 1017 792 τῇ
1047 716 1400 793 προσποιήτῳ
1441 715 1614 774 αὐτοῦ
1655 741 1874 790 προφη-

271 811 392 879 τεία
424 803 453 861 5
488 801 784 869 Μοντανὸς
815 806 1203 876 ἐπικεχείρηκε.
1270 805 1349 858 13.
1386 804 1477 858 καὶ
1501 800 1669 859 παλιν
1700 806 1875 874 φησὶν

275 912 347 954 ως
397 886 504 960 ἄρα
549 885 851 958 Ζωτικός,
871 879 940 943 οὗ
979 889 1069 943 καὶ
1122 884 1151 942 5
1205 884 1467 958 πρότερος
1517 884 1873 959 συγγραφεύς

211 999 252 1032 10
278 971 713 1045 ἐμνημόνευσεν,
758 976 818 1028 ἐν
848 971 1155 1038 Πεπούζοις
1195 967 1567 1042 προφητεύειν
1608 969 1676 1041 δὴ
1707 988 1873 1044 προσ-

272 1058 604 1128 ποιουμένης
655 1060 750 1126 τῆς
803 1058 1152 1151 zwagmff'qug
1213 1051 1434 1120 ἐπιστὰς
1488 1055 1759 1125 διελέγξαι
1809 1052 1871 1111 τό

274 1143 539 1212 ἐνεργοῦν
582 1142 641 1196 ἐν
683 1137 824 1212 αὐτῇ
865 1141 1082 1210 πνεῦμα
1123 1143 1475 1207 πεπείραται,
1522 1136 1778 1210 ἐκωλύθη
1810 1160 1874 1209 γε

272 1222 384 1295 μὴν
414 1222 550 1295 πρὸς
579 1225 692 1279 τῶν
720 1221 787 1279 τὰ
822 1225 1035 1293 ἐκείνης
1077 1220 1458 1292 φρονούντων.
1519 1223 1611 1277 καὶ
1654 1223 1875 1293 Θρασέα

275 1310 342 1363 δέ
366 1330 511 1372 τινος
542 1310 654 1363 τών
683 1305 804 1363 τότε
833 1304 1130 1378 μαρτύρων
1159 1305 1510 1378 μνημονεύει.
1586 1309 1666 1362 14.
1702 1312 1779 1362 ἔτι
1815 1306 1875 1362 δὲ

210 1416 251 1448 15
275 1386 348 1456 ὣς
395 1393 453 1447 ἐκ
494 1390 852 1462 παραδόσεως
892 1388 988 1447 τὸν
1018 1388 1238 1460 σωτῆρά
1280 1407 1417 1461 φησι
1448 1393 1875 1462 προστεταχέναι

271 1489 383 1541 τοῖς
424 1473 599 1530 αὐτοῦ
639 1471 986 1544 ἀποστόλοις,
1034 1475 1123 1530 ἐπὶ
1156 1471 1374 1530 δώδεκα
1416 1481 1562 1531 ἔτεσι
1599 1473 1673 1546 μὴ
1715 1497 1867 1546 χωρι-

273 1566 482 1630 σθῆναι
512 1564 607 1630 τῆς
633 1555 1003 1631 Ἰερουσαλήμ.
1066 1560 1322 1630 κέχρηται
1348 1559 1408 1614 δὲ
1432 1560 1524 1614 καὶ
1546 1564 1873 1630 μαρτυρίαις

271 1642 378 1698 ἀπὸ
409 1647 503 1714 τῆς
534 1641 795 1700 Ἰωαννου
837 1640 1270 1713 ἀποκαλύψεως,
1314 1644 1406 1699 καὶ
1445 1639 1645 1713 νεκρὸν
1685 1643 1746 1698 δε
1779 1646 1874 1698 δυ-

268 1750 430 1799 ναμει
481 1733 612 1783 θεία
665 1725 800 1798 πρὸς
861 1723 1034 1784 αὐτοῦ
1096 1723 1359 1783 Ἰωαννου
1417 1730 1476 1783 ἐν
1535 1729 1603 1799 τῇ
1659 1723 1872 1801 Ἐφέσω

210 1834 252 1867 20
278 1813 576 1883 ἐγηγέρθαι
610 1816 828 1883 ἱστορεῖ.
893 1813 984 1867 καὶ
1014 1810 1152 1866 ἄλλα
1183 1809 1306 1866 τινά
1337 1829 1492 1882 φησι,
1538 1806 1611 1866 δι’
1650 1833 1729 1866 ων
1761 1814 1875 1866 ικα-

271 1898 381 1961 ναῖς
402 1898 497 1966 τῆς
522 1899 920 1967 προειρημένης
945 1898 1206 1965 αιρέσεως
1230 1899 1574 1966 πληρέστατα
1601 1892 1876 1966 διηύθυνε

271 1976 373 2049 τὴν
403 1978 635 2051 πλάνην.
699 1985 869 2035 ταῦτα
901 1981 992 2035 καὶ
1023 1977 1051 2034 5
1081 1975 1457 2044 Ἀπολλώνιος.

403 2073 528 2122 XIX.
592 2073 718 2138 [Nic.
747 2074 805 2122 H.
835 2075 888 2122 E.
918 2075 1001 2130 lV,
1038 2071 1148 2138 27]
1237 2066 1360 2119 Τω”ν
1399 2064 1461 2118 δὲ
1485 2060 1875 2133 Ἀπολιναρίου

273 2144 409 2201 κατὰ
462 2152 557 2217 τῆς
613 2152 958 2217 δηλωθείσης
1012 2149 1272 2218 αἱρέσεως
1318 2145 1540 2217 μνήμην
1585 2151 1875 2216 πεποίηται

211 2253 251 2286 25
277 2237 612 2300 Σαραπίων,
665 2226 731 2286 ὃν
781 2231 869 2285 ἐπὶ
917 2233 1027 2286 τῶν
1080 2233 1440 2301 δηλουμένων
1483 2227 1699 2302 χρόνων
1740 2227 1876 2301 μετὰ

276 2317 596 2385 Μαξιμῖνον
628 2317 929 2370 ἐπίσκοπον
969 2317 1064 2384 τῆς
1100 2313 1422 2386 Ἀντιοχέων
1465 2318 1753 2384 ἐκκλησίας
1783 2336 1877 2384 γε-

273 2400 473 2454 νέσθαι
516 2401 727 2469 κατέχει
767 2396 942 2469 λόγος.
1014 2400 1279 2469 μέμνηται
1332 2399 1391 2454 δὲ
1438 2396 1608 2455 αὐτοῦ
1655 2401 1715 2454 ἐν
1757 2402 1874 2471 ἰδίᾳ

276 2485 536 2554 ἐπιστολῇ
577 2485 642 2555 τῇ
683 2480 817 2554 πρὸς
850 2480 1096 2553 Καρικὸν
1134 2485 1226 2538 καὶ
1258 2481 1523 2554 Πόντιον,
1572 2486 1632 2539 ἐν
1661 2472 1698 2553 ᾗ
1729 2487 1876 2538 διευ-

274 2565 472 2622 θύνων
504 2568 593 2622 καὶ
628 2564 791 2630 αὐτὸς
822 2568 924 2637 τὴν
956 2565 1128 2638 αὐτὴν
1170 2571 1385 2636 αἵρεσιν
1427 2567 1662 2636 ἐπιλέγει
1701 2569 1875 2621 ταῦτα

211 2642 254 2707 25
275 2653 323 2706 2.
363 2647 548 2715 “(”)’πως
582 2651 763 2706 δὲκαὶ
794 2656 952 2707 τοῦτο
995 2656 1172 2722 ἴδητε,
1210 2647 1292 2706 ὅτι
1322 2654 1416 2722 τῆς
1458 2654 1702 2718 ψευδοῦς
1741 2647 1877 2704 ταύ-
1919 2718 1951 2725 Ἦ

268 2728 400 2806 (θτης
451 2733 652 2801 τάξεως
711 2741 805 2806 τῆς
866 2738 1298 2807 ἐπικαλουμένης
1350 2737 1477 2801 νέας
1537 2739 1875 2805 προφητείας

267 2815 632 2890 “ἐβδέλυκται
686 2815 719 2890 ἡ
772 2821 1017 2890 ἐνέργεια
1071 2818 1217 2890 παρα
1271 2818 1418 2893 πάσῃ
1464 2822 1531 2892 τῇ
1584 2822 1644 2874 ἐν
1688 2815 1875 2891 κόσμῳ
