1986 3152
553 127 711 168 HIST.
741 127 990 168 EOOLES.
1019 128 1097 172 IV.
1130 130 1171 172 4.
1204 129 1243 168 5.
1601 127 1700 178 139

91 242 265 319 τούτῳ
298 241 566 315 διάδοχος.
639 243 730 299 καὶ
763 246 856 315 τῆς
883 239 1287 317 Ἀλεξανδρέων
1319 245 1378 300 δὲ
1410 250 1700 316 παροικίας

91 327 232 401 ἀμφὶ
264 325 360 384 τὸν
392 325 562 385 αὐτὸν
602 325 804 399 χρόνον
834 336 1055 400 ΙΙρῖμον
1086 327 1496 400 μεταλλάξαντα
1529 334 1698 385 δωδε-

91 411 236 488 κάτῳ
267 415 362 484 τῆς
393 418 729 485 προστασίας
761 417 869 468 ἔτει
901 415 1212 484 διαδέχεται
1239 410 1483 480 Ἰοῦστος.

216 506 268 555 V.
315 500 440 554 Τῶν
469 519 534 567 γε
564 495 675 568 μὴν
706 499 766 552 ἐν
788 494 1187 568 Ιεροσολύμοις
1221 495 1538 555 ἐπισκόπων
1568 496 1695 563 τοὺς

89 578 322 681 χρόνους
362 584 551 654 γραφῇ
585 582 926 653 σωζομένους
958 578 1215 653 οὐδαμῶς
1246 574 1451 654 ηὗρον·
1494 586 1694 654 κομιδῆ
1719 606 1738 638 5

89 663 195 737 γάρ
226 666 330 722 οὐν
370 670 709 738 βραχυβίους
741 661 941 729 αὐτοὺς
983 662 1142 736 λόγος
1173 667 1386 738 κατέχει
1415 668 1694 737 γενέσθαι

86 754 134 805 2.
179 751 444 805 τοσοῦτον
487 746 538 804 δ’
591 751 643 814 ἐξ
690 746 986 820 ἐγγράφων
1026 755 1372 821 παρείληφα,
1427 773 1499 815 ως
1540 753 1697 823 μέχρι

87 838 186 904 τῆς
227 832 362 889 κατὰ
399 829 689 905 Ἀδριανόν
730 828 1015 889 Ἰουδαίων
1056 840 1376 906 πολιορκίας
1408 855 1700 890 πεντεκαι-

91 923 224 974 δεκα
265 915 361 974 τὸν
390 909 634 989 ἀριθμὸν
665 912 864 972 αὐτόθι
906 915 1202 988 γεγόνασιν
1234 915 1549 974 ἐπισκόπων
1581 923 1697 974 δια-

90 1002 273 1074 δοχαὶ,
316 996 414 1066 οῧς
447 999 654 1067 πάντας
691 996 978 1072 Ἐβραίους
1009 1003 1184 1073 φασὶν
1224 998 1386 1067 ὄντας
1418 998 1697 1059 ἀνέκαθεν
1723 1027 1760 1057 10

86 1085 188 1157 τὴν
217 1088 426 1158 γνῶσιν
448 1091 546 1142 τοῦ
570 1091 814 1158 Χριστοῦ
837 1092 1079 1157 γνησίως
1104 1088 1530 1158 καταδέξασθαι,
1565 1083 1695 1143 ὥστ’

86 1167 195 1243 ἤδη
227 1167 362 1240 πρὸς
392 1174 505 1231 τῶν
535 1168 600 1226 τά
630 1168 816 1226 τοιάδε
849 1174 1155 1243 ἐπικρίνειν
1187 1175 1448 1227 δυνατῶν
1480 1173 1570 1226 καὶ
1601 1175 1697 1242 τῆς

86 1257 198 1311 τῶν
251 1252 567 1311 ἐπισκόπων
627 1260 971 1327 λειτουργίας
1021 1252 1208 1321 ἀξίους
1261 1259 1693 1331 δοκιμασθῆναι·

87 1337 422 1396 συνεστάναι
453 1338 557 1409 γὰρ
589 1335 777 1404 αὐτοῖς
806 1337 927 1394 τότε
956 1339 1058 1409 τὴν
1089 1343 1275 1395 πᾶσαν
1307 1342 1608 1411 ἐκκλησίαν
1641 1342 1694 1407 ἐξ

80 1421 357 1496 Ἑβραίων
397 1427 636 1494 πιστῶν,
678 1419 784 1478 ἀπὸ
825 1428 937 1478 τῶν
977 1420 1302 1480 ἀποστόλων
1345 1425 1436 1479 ’καὶ
1478 1429 1554 1489 εἰς
1595 1421 1698 1495 τὴν
1722 1447 1762 1478 15

85 1506 206 1564 τότε
259 1505 672 1579 διαρκεσάντων
723 1513 1075 1578 πολιορκίαν,
1130 1506 1261 1564 καθ’
1319 1505 1390 1579 ἣν
1439 1504 1698 1564 Ἰουδαιοι

78 1587 358 1664 Ρωμαίων
388 1583 552 1655 αὖθις
583 1587 918 1656 αποστάντες
942 1587 1007 1646 οὐ
1038 1604 1253 1663 μικροῖς
1277 1594 1532 1664 πολέμοις
1557 1590 1696 1663 ἥλω-

44 1736 49 1739 ,
87 1697 206 1732 σαν.
290 1679 338 1732 3.
376 1673 807 1731 διαλελοιπότων
859 1672 914 1731 δ’
962 1667 1063 1731 οὖν
1112 1678 1416 1747 τηνικαῦτα
1468 1680 1580 1732 τῶν
1636 1680 1695 1732 ἐκ

87 1765 382 1832 περιτομῆς
425 1757 742 1816 ἐπισκόπων
781 1782 909 1825 τους
958 1757 1066 1816 ἀπὸ
1106 1758 1329 1832 πρώτου
1375 1765 1482 1817 νῦν
1525 1759 1693 1831 ἀναγ-

86 1859 246 1901 καῖον
276 1840 346 1901 ἂν
378 1853 462 1914 εἴη
493 1846 796 1910 καταλέξαι.
873 1866 1086 1914 πρωτος
1116 1867 1414 1915 τοιγαρουν
1438 1843 1692 1915 Ἰάκωβος
1717 1867 1758 1899 20

85 1928 137 1986 ὁ
157 1934 257 1985 τοῦ
287 1934 486 1998 κυρίου
517 1925 810 1999 λεγόμενος
841 1924 1085 1999 ἀδελφὸς
1118 1929 1203 2000 ἠν,
1246 1927 1380 2000 μεθ
1412 1953 1478 1985 ον
1512 1926 1696 1984 δεύτε-

87 2037 178 2084 ρος
231 2011 498 2085 Συμεων,
558 2018 738 2084 τρίτος
782 2010 1042 2082 Ἰοῦστος,
1096 2020 1367 2084 Ζακχαῖος
1418 2015 1691 2085 τέταρτος,

86 2099 326 2170 πέμπτος
365 2103 612 2168 Τωβίας,
645 2099 798 2161 ἕκτος
829 2098 1123 2168 Βενιαμὶν,
1149 2095 1407 2168 Ἰωάννης
1440 2100 1693 2168 ἕβδομος,

28 2176 34 2219 s
85 2179 278 2253 ὄγδοος
310 2186 602 2252 Ματθίας,
636 2186 824 2246 ἔνατος
850 2187 1143 2252 Φίλιππος,
1178 2184 1403 2246 δέκατος
1430 2184 1695 2253 Σενεκᾶς,

31 2294 36 2298 ·
89 2267 379 2332 ἑνδέκατος
398 2263 650 2335 Ἰοῦστος,
682 2267 851 2329 Λευὶς
876 2267 1207 2336 δωδέκατος,
1237 2262 1435 2339 Ἐφρῆς
1458 2283 1697 2336 τρισκαι-
1721 2286 1762 2317 25

91 2351 334 2422 δέκατος,
366 2351 958 2422 τεσσαρεσκαιδέκατος
978 2346 1197 2421 Ἰωσὴφ,
1232 2351 1320 2406 ἐπὶ
1344 2352 1479 2406 πᾶσι
1503 2372 1699 2406 πεντε-

87 2435 406 2500 καιδέκατος
433 2430 657 2497 Ἰούδας.
719 2437 768 2489 4.
803 2436 1054 2490 τοσοῦτοι
1085 2436 1177 2490 καὶ
1209 2439 1266 2490 oc
1295 2436 1383 2490 ἐπὶ
1419 2437 1514 2505 τῆς
1537 2432 1698 2505 Ἱερο-

33 2547 43 2565 τ
90 2516 349 2591 σολύμων
395 2517 607 2582 πόλεως
648 2519 934 2574 ἐπίσκοποι
971 2516 1079 2574 ἀπὸ
1118 2521 1230 2574 των
1269 2516 1591 2575 ἀποστόλων
1622 2523 1700 2583 εἰς

27 2654 38 2678 5
87 2599 183 2659 τὸν
227 2602 569 2675 δηλούμενον
613 2600 993 2674 διαγενόμενοι
1035 2601 1263 2675 χρόνον,
1311 2608 1369 2659 οἱ
1405 2601 1606 2666 πάντες
1639 2604 1697 2656 ἐκ

88 2690 396 2759 περιτομῆς.
467 2690 515 2742 5.
559 2682 666 2757 ἤδη
711 2686 773 2742 δὲ
820 2687 1135 2744 δωδέκατον
1167 2685 1396 2759 ἐχούσης
1439 2692 1557 2752 ἔτος
1600 2688 1695 2756 τῆς
1719 2704 1759 2734 30

86 2767 380 2842 ἡγεμονίας
414 2768 740 2845 Ἀδριανοῦ,
787 2768 1004 2835 Ξύστον
1046 2774 1276 2842 δεκαέτη
1317 2768 1517 2843 χρόνον
1561 2765 1692 2824 ἄπο-

35 2926 39 2931 .
88 2851 373 2924 πλήσαντα
405 2856 493 2911 ἐπὶ
524 2857 619 2926 τῆς
654 2851 936 2926 Ῥωμαίων
979 2857 1280 2926 ἐπισκοπῆς
1320 2858 1553 2925 ἕβδομος
1584 2849 1692 2907 ἀπὸ
