2032 3174
498 106 652 146 HIST.
683 105 933 147 ECCLES.
967 106 1050 146 111.
1087 108 1265 147 ιε’-18.
1585 104 1689 156 105-

72 221 210 288 ,λοὺς
240 219 646 293 ἐπιδειξάμενος
676 219 704 277 ὁ
737 220 1075 293 Δομετιανὸς
1118 218 1398 294 ὠμότητα,
1439 220 1541 279 οὐκ
1570 219 1683 278 ὀλί-

80 330 180 379 γον
207 329 266 362 τε
295 308 406 361 τῶν
441 308 528 361 ἐπὶ
553 301 755 378 Ῥώμης
789 303 1138 375 εὐπατριδῶν
1178 329 1237 361 τε
1275 308 1366 362 καὶ
1400 304 1687 379 ἐπισήμων

80 387 306 463 ἀνδρῶν
346 393 559 460 πλῆθος
600 389 666 446 οὐ
707 389 822 462 μετ’
872 387 1110 460 εὐλόγου
1162 396 1392 461 κρίσεως
1445 397 1682 460 κτείνας,

78 479 312 547 μυρίους
342 497 400 529 τε
431 474 632 540 ἄλλους
673 477 962 546 ἐπιφανεῖς
1002 474 1212 545 ἄνδρας
1251 488 1369 538 ταῖς
1408 471 1550 547 ὑπὲρ
1581 473 1685 546 την

82 561 302 629 ἐνοριάν
334 558 601 630 ζημιώσας
632 571 838 630 φυγαῖς
869 559 960 614 καὶ
993 570 1109 623 ταῖς
1141 562 1252 614 τῶν
1292 557 1504 615 οὐσιῶν
1545 555 1683 614 άπο-

81 649 272 712 βολαῖς
303 641 593 713 ἀναιτίως,
626 644 898 698 τελευτῶν
929 645 1023 712 τῆς
1057 643 1320 713 Νέρωνος
1350 648 1684 715 θεοεχθρίας

79 750 137 783 τε
167 728 259 782 καὶ
289 731 588 798 θεομαχίας
615 724 876 797 διάδοχον
901 723 1099 781 ἑαυτὸν
1124 725 1505 798 κατεστήσατο.
1557 726 1686 783 δεύ-

78 831 233 881 τερος
266 813 402 881 δῆτα
433 809 533 866 τὸν
563 808 692 865 καθ’
731 805 887 881 ἡμῶν
917 807 1164 866 άνεκίνει
1190 809 1451 882 διωγμὸν,
1486 816 1685 881 καίπερ

78 897 178 950 τοῦ
218 892 420 965 πατρὸς
461 891 611 968 αὐτῷ
658 891 1087 950 Οὐεσπασιανοῦ
1138 894 1312 965 μηδὲν
1352 893 1484 950 καθ’
1528 893 1686 966 ἡμῶν

78 975 284 1034 ἄτοπον
316 976 723 1049 ἐπινοήσαντος.

219 1073 385 1121 xvm.
443 1071 567 1137 [Nic.
598 1073 653 1120 H.
684 1073 737 1120 E.
767 1073 856 1129 111,
887 1070 959 1138 9.]
1007 1059 1098 1119 Ἐν
1136 1060 1312 1137 τούτῳ
1354 1064 1566 1134 κατέχει
1599 1061 1684 1118 λό-

78 1169 171 1218 γος
219 1145 316 1203 τὸν
354 1143 663 1202 ἀπόστολον
704 1144 816 1218 ἅμα
858 1149 948 1202 καὶ
995 1145 1394 1218 εὐαγγελιστὴν
1419 1144 1686 1218 Ἰωάννην

79 1238 157 1286 ἔτι
188 1234 262 1305 τῷ
294 1236 398 1305 βίῳ
443 1232 887 1303 ἐνδιατρίβοντα,
930 1236 1026 1302 τῆς
1067 1237 1144 1296 εἰς
1183 1230 1280 1286 τὸν
1319 1241 1480 1286 θεῖον
1520 1230 1687 1301 λόγον

79 1318 269 1371 ἑνεκεν
308 1321 644 1387 μαρτυρίας,
696 1313 927 1387 Πάτμον
979 1321 1155 1371 οἰκεῖν
1207 1318 1686 1386 καταδικασθῆναι

78 1398 183 1469 τὴν
212 1403 400 1470 νῆσον.
461 1402 510 1454 2.
545 1397 775 1471 γράφων
807 1401 871 1469 γε’
908 1423 990 1455 τοι
1019 1397 1047 1454 ὁ
1082 1404 1381 1471 Εἰρηναῖος
1431 1401 1557 1470 περὶ
1587 1404 1681 1471 τῆς
1707 1415 1752 1446 15

83 1481 274 1555 ψήφου
313 1487 407 1553 τῆς
453 1482 589 1538 κατὰ
633 1507 728 1539 tcv
774 1482 1123 1555 ἀντίχριστον
1168 1489 1538 1555 προσηγορίας
1583 1506 1686 1555 φε-

80 1569 313 1639 ρομένης
362 1571 421 1623 ἐν
463 1569 531 1640 τῇ
563 1565 825 1623 Ἰωάννου
870 1566 1137 1640 λεγόμενῃ
1171 1566 1553 1635 Ἀποκαλύψει
1591 1565 1687 1623 αὐ-

79 1665 198 1716 ταῖς
250 1657 556 1722 συλλαβαῖς
611 1654 683 1708 ἐν,
722 1654 949 1727 πέμπτῳ
990 1655 1102 1708 τῶν
1141 1651 1277 1723 πρὸς
1315 1652 1409 1717 τὰς
1449 1655 1687 1723 αἱρέσεις

29 1749 34 1752 ’
80 1738 249 1792 ταῦτα
295 1737 550 1805 περὶτοῦ
577 1733 836 1792 Ἰωάννου
878 1742 1052 1808 φησίν
1091 1740 1138 1792 3.
1174 1732 1264 1792 “ει’
1294 1737 1353 1792 δὲ
1399 1741 1511 1792 ἔδει
1553 1733 1685 1792 ἀνα-

74 1815 329 1892 τεφανδὸν
362 1823 421 1876 ἐν
456 1824 530 1895 τῷ
562 1824 670 1876 νῦν
700 1823 870 1895 καιρῷ
902 1818 1271 1892 κηρύττεσθαι
1311 1818 1554 1892 τοῦνομα
1585 1819 1685 1876 αὐ-

73 1899 227 1975 “τοῦ,
260 1900 337 1960 δι’
378 1907 594 1960 ἐκείνου
626 1901 695 1960 ἄν
721 1907 923 1978 ἐρρέθη
954 1909 1052 1960 τοῦ
1086 1907 1176 1960 καὶ
1208 1904 1308 1975 τὴν
1333 1903 1686 1972 ἀποκάλυψιν

75 1983 425 2062 “ἑωρακο’τος.
498 1987 630 2045 οὐδὲ
674 1988 778 2060 γὰρ
819 1988 925 2061 πρὸ
965 1995 1171 2045 πολλοῦ
1203 1988 1406 2061 χρόνου
1438 1987 1683 2061 ἑωράθη,

75 2069 251 2128 “οἰλλα
283 2072 483 2145 σχεδὸν
515 2075 603 2128 ἐπὶ
633 2078 728 2143 τῆς
759 2071 1025 2145 ἡμετέρας
1057 2077 1278 2144 γενεᾶς,
1321 2072 1455 2145 πρὸς
1495 2078 1572 2147 τῷ
1603 2076 1685 2128 τέ-

74 2153 195 2213 “λει
226 2161 320 2228 τῆς
345 2163 694 2229 Δομετιανοῦ
726 2154 941 2229 άρχῆς.”
1003 2162 1050 2213 4.
1081 2163 1157 2223 εἰς
1188 2161 1454 2214 τοσοῦτον
1488 2159 1546 2213 δὲ
1579 2157 1687 2230 ἄρα

83 2264 217 2296 κατα
250 2265 376 2306 τους
411 2244 785 2313 δηλουμένους
819 2241 850 2313 ἡ
882 2245 977 2313 τῆς
1008 2240 1272 2314 ἡμετέρας
1304 2248 1538 2307 πίστεως
1572 2243 1678 2297 διέ-
1704 2255 1750 2287 25

84 2332 262 2395 λαμπε
317 2330 676 2395 διδασκαλία,
731 2322 802 2392 ὡς
843 2328 935 2382 καὶ
973 2325 1102 2392 τούς
1146 2327 1363 2383 ἄποθεν
1403 2331 1502 2382 τοῦ
1547 2324 1679 2382 καθ’

84 2405 221 2478 ἡμᾶς
263 2406 430 2478 λόγου
473 2423 815 2482 συγγραφεῖς
857 2410 930 2482 μὴ
969 2409 1280 2481 άποκνῆσαι
1330 2423 1448 2475 ταῖς
1501 2408 1687 2466 αὐτῶν

87 2496 351 2562 ἱστορίαις
390 2490 486 2549 τόν
523 2517 581 2550 τε
625 2494 870 2565 διωγμὸν
913 2497 1002 2550 καὶ
1045 2493 1109 2551 τά
1143 2498 1201 2550 ἐν
1232 2493 1383 2569 αὐτῷ
1411 2492 1686 2566 μαρτύρια

85 2580 457 2647 παραδοῦναι,
500 2581 557 2633 οἵ
591 2600 654 2647 γε
694 2581 784 2634 καὶ
827 2577 924 2635 τὸν
965 2578 1158 2650 καιρὸν
1191 2576 1279 2635 ἐπ’
1313 2576 1536 2650 ἀκριβὲς
1569 2581 1685 2634 ἐπε-

84 2658 417 2732 σημήναντο,
452 2663 511 2717 ἐν
542 2666 650 2717 ἔτει
680 2661 1152 2738 πεντεκαιδεκάτῳ
1176 2665 1526 2734 Δομετιανοῦ
1554 2659 1686 2734 μετὰ

200 2853 250 2892 19
279 2853 399 2895 Iren.
433 2853 548 2893 Adv.
580 2853 701 2893 haer.
725 2855 779 2904 V,
803 2856 878 2905 30,
902 2857 941 2895 3.
978 2869 1020 2907 p.
1044 2857 1138 2895 330.

1711 995 1755 1026 10

1709 1836 1755 1867 20

1710 2676 1754 2706 30

1994 2180 2032 3174 ΗΜὟ·ῒῃ’ᾳῖῗμ-ἥᾞωω
2011 2051 2032 2171 W...
2015 1639 2032 2038 mimi-*⁷1⁶*
2023 1525 2032 1625 amq
2026 1474 2032 1510 -2
2027 1411 2032 1451 ..-.
2028 1275 2032 1378 ,.-Α..ι
2031 1235 2032 1252 „„
