1986 3152
600 130 760 174 HIST.
790 102 1041 174 ECCLES.
1073 132 1153 171 1v.
1188 134 1252 171 11.
1639 130 1739 181 149

130 246 370 320 Μάρκου
424 247 514 302 ἐπὶ
572 248 707 303 δέκα
756 253 849 318 ἔτη
889 249 984 319 τῆς
1025 252 1370 318 λειτουργίας
1409 243 1738 304 άναπαυσα-

128 333 301 405 μένου
343 335 640 388 Κελαδίων
691 336 788 403 τῆς
834 329 1242 403 Ἀλεξανδρέων
1295 333 1584 404 ἐκκλησίας
1635 331 1738 403 τὴν

129 422 479 487 λειτουργίαν
502 413 938 489 παραλαμβάνει.
992 420 1037 472 7.
1064 417 1155 472 καὶ
1180 414 1316 472 κατὰ
1340 413 1442 488 τὴν
1458 411 1737 488 Ῥωμαίων

130 501 190 557 δὲ
241 499 404 557 πόλιν
456 499 931 575 πεντεκαιδεκάτῳ
990 503 1087 571 τῆς
1140 503 1441 572 ἐπισκοπῆς
1502 504 1735 576 ἐνιαυτῷ

127 591 276 641 Πίου
299 582 734 657 μεταλλάξαντος
752 586 1034 656 Ἀνίκητος
1057 586 1170 640 τῶν
1196 587 1372 641 ἐκεῖσε
1395 590 1734 655 προΐσταται.
1760 601 1780 633 5

128 666 262 726 καθ’
304 665 370 725 ὃν
411 666 751 740 ἹΙγήσιππος
801 671 1008 741 ἱστορεῖ
1048 667 1247 724 ἑαυτὸν
1290 671 1623 741 ἐπιδημῆσαι
1672 674 1738 742 τῇ

118 751 323 827 Ῥώμῃ,
375 758 719 824 παραμεῖναί
750 775 810 808 τε
850 747 1052 808 αὐτόθι
1104 753 1263 825 μέχρι
1303 756 1396 825 τῆς
1439 756 1738 824 ἐπισκοπῆς

121 835 468 909 Ἐλευθέρου.
534 840 581 892 8.
615 834 849 908 μάλιστα
891 836 952 892 δὲ
992 833 1231 908 ἤκμαζεν
1273 838 1361 892 ἐπὶ
1393 841 1572 894 τῶνδε
1596 834 1737 910 ,Ἰου-

127 935 339 992 στῖνος,
385 923 446 976 ἐν
476 918 787 992 φιλοσόφου
819 918 1052 993 σχήματι
1085 918 1417 993 πρεσβεύων
1446 920 1545 977 τὸν
1574 930 1738 977 θεῖον

127 1003 321 1078 λόγον,
375 1006 466 1060 καὶ
511 1019 625 1071 τοῖς
666 1002 807 1077 ὑπὲρ
852 1007 948 1077 τῆς
989 1011 1227 1071 πίστεως
1275 1004 1735 1078 ἐναγωνιζόμενος
1762 1022 1801 1053 10

128 1087 572 1163 συγγράμμασιν.
644 1086 703 1154 ὃς
745 1086 814 1161 δὴ
846 1091 938 1145 καὶ
977 1087 1195 1162 γράψας
1227 1087 1366 1146 κατά
1399 1097 1738 1163 Μαρκίωνος

127 1173 460 1248 σύγγραμμα
489 1172 828 1246 μνημονεύει
860 1170 934 1240 ὦς
966 1172 1097 1231 καθ’
1134 1170 1200 1231 ὃν
1225 1176 1522 1232 συνέταττε
1545 1173 1738 1247 καιρὸν

131 1259 540 1331 γνωριζομένου
591 1261 670 1334 τῷ
728 1264 833 1334 βίῳ
885 1256 1138 1331 τάνδρός.
1231 1260 1369 1331 φησὶ
1436 1259 1495 1315 δὲ
1559 1256 1737 1324 οὕτως

128 1347 174 1400 9.
200 1339 555 1415 ((Μαρκίωνα
588 1345 655 1398 δέ
679 1366 803 1399 τινα
834 1342 1130 1414 Ποντικὸν,
1162 1338 1221 1409 ὃς
1252 1345 1344 1399 καὶ
1374 1345 1482 1400 νῦν
1514 1348 1592 1399 ἔτι
1625 1344 1738 1399 ἐστὶ

118 1426 444 1484 “διδάσκων
482 1424 612 1492 τοὺς
654 1430 1024 1500 πειθομένους
1055 1425 1224 1484 ἄλλον
1254 1426 1378 1484 τινὰ
1411 1428 1554 1485 εἶναι
1584 1432 1736 1500 νομί-
1761 1441 1801 1475 15

119 1509 271 1580 (ςζειν
299 1518 522 1584 μείζονα
551 1515 647 1567 τοῦ
681 1516 1024 1584 δημιουργοῦ
1055 1511 1212 1584 θεὸν,
1245 1509 1304 1577 ὃς
1335 1514 1427 1568 καὶ
1457 1510 1595 1568 κατὰ
1625 1515 1738 1568 πᾶν

118 1593 317 1669 “γένος
348 1594 673 1669 ἀνθρώπων
704 1595 796 1652 διὰ
827 1599 922 1668 τῆς
952 1601 1065 1652 τῶν
1098 1594 1380 1669 δαιμόνων
1412 1594 1738 1668 συλλήψεως

120 1675 397 1746 “noli-0139
439 1683 666 1737 πέπεικε
707 1678 1008 1753 βλάσφημα
1051 1682 1260 1754 λέγειν,
1305 1682 1397 1737 καὶ
1440 1677 1738 1754 ἀρνεῖσθαι

54 1762 58 1764 ’
119 1759 254 1822 “τόν
305 1764 540 1836 ποιητὴν
591 1768 758 1822 τοῦδε
808 1769 907 1822 τοῦ
960 1763 1165 1830 παντὸς
1204 1767 1413 1839 πατέρα
1456 1765 1597 1822 εἶναι
1637 1770 1736 1822 τοῦ

118 1847 429 1924 “Χριστοῦ,
461 1846 631 1906 ἄλλον
664 1851 729 1905 δέ
754 1873 881 1907 τινα
913 1847 984 1915 ὥς
1014 1849 1150 1906 ὄντα
1179 1855 1401 1922 μείζονα
1432 1847 1580 1922 παρὰ
1610 1853 1733 1906 τοῦ·
1756 1861 1798 1895 20

119 1929 255 1991 τετον
283 1929 575 2006 ὁμολογεῖν
597 1935 974 2006 πεποιηκέναι.
1036 1935 1128 1990 καὶ
1160 1931 1365 2000 πάντες
1394 1939 1451 1990 οἱ
1476 1931 1583 1990 άπὸ
1613 1931 1736 1990 τού-

118 2013 268 2076 “z-mv
298 2015 642 2091 ὡρμημένοι,
685 2016 758 2084 ὡς
790 2024 1031 2091 ἔφαμεν,
1065 2021 1388 2092 Χριστιανοὶ
1419 2023 1735 2090 καλοῦνται,

122 2097 223 2160 ’Ἦν
251 2100 459 2176 τρόπον
482 2104 573 2159 καὶ
599 2099 665 2160 οὐ
697 2106 901 2160 κοινῶν
922 2100 1101 2160 ὄντων
1125 2101 1415 2176 δογμάτων
1445 2116 1558 2168 τοῖς
1582 2110 1737 2174 φιλο-

117 2184 351 2260 “σόφοις
409 2184 470 2243 τὸ
531 2186 970 2260 ἐπικαλούμενον
1021 2186 1198 2260 ὄνομα
1255 2190 1350 2261 τῆς
1402 2193 1736 2260 φιλοσοφίας

121 2266 346 2330 “κοινόν
392 2269 564 2328 ἐστι.”
659 2276 739 2328 10.
783 2270 996 2338 τούτοις
1050 2273 1300 2344 ἐπιφέρει
1353 2275 1531 2344 λέγων
1581 2267 1799 2328 “go-1⁶2⁵

119 2353 222 2413 “63
262 2355 397 2429 ἡμῖν
437 2358 530 2413 καὶ
571 2355 861 2429 σύνταγμα
894 2355 1030 2412 κατὰ
1060 2360 1256 2412 πασῶν
1284 2359 1399 2413 τῶν
1438 2358 1738 2428 γεγενημέ-

121 2435 275 2498 “vc-:ev
305 2441 603 2513 αἱρέσεων,
652 2432 696 2514 ᾧ
729 2446 779 2498 εἰ
807 2439 1086 2512 βούλεσθε
1120 2443 1388 2514 ἐντυχεῖν,
1426 2437 1732 2512 δώσομεν.”

132 2528 212 2581 11.
246 2522 275 2581 ὁ
309 2525 370 2581 δὲ
403 2522 568 2591 αὐτὸς
599 2517 759 2591 οὗτος
797 2521 1122 2597 Ἰουστῖνος,
1168 2531 1261 2582 καὶ
1303 2522 1438 2598 πρὸς
1465 2523 1736 2596 “’Ἐλληνας

106 2607 441 2677 .ἱκανώτατα
481 2606 756 2681 πονήσας,
801 2611 891 2665 καὶ
933 2607 1131 2680 λόγους
1161 2605 1305 2682 ὑπὲρ
1335 2612 1430 2682 τῆς
1472 2605 1734 2681 ἡμετέρας

132 2698 367 2759 πίστεως
410 2690 714 2764 άπολογίαν
759 2699 980 2766 ἔχοντας
1025 2700 1248 2765 βασιλεῖ
1290 2692 1605 2768 Ἀντωνίνω
1657 2695 1734 2767 τῷ
1756 2705 1797 2737 30

246 2888 298 2925 14
328 2887 492 2930 Iustin,
525 2887 655 2939 Apol.
688 2888 724 2926 I.
758 2899 793 2926 c.
825 2887 892 2929 26.
