2032 3174
820 158 1190 201 PRAEFATIO.
1721 159 1808 200 VII

196 277 292 329 lent
321 283 365 322 to
393 290 463 322 me
489 277 548 338 hy
574 275 645 322 his
672 276 858 337 Majesty
896 276 970 321 the
998 276 1110 320 Tzar
1147 274 1261 320 from
1300 275 1375 320 the
1414 274 1617 335 Imperial
1654 275 1807 335 public

196 347 367 408 library
393 354 439 392 at
464 348 528 393 St.
555 346 851 404 Petersburg,
877 345 1010 391 dated
1036 346 1086 391 A.
1115 346 1158 389 D.
1187 344 1306 392 462.
1359 345 1467 390 This
1496 345 1672 391 volume
1695 360 1806 391 con—

199 419 344 476 tains,
378 418 493 462 with
522 418 692 463 certain
727 417 926 471 lacunae,
963 414 1108 460 books
1150 414 1308 460 l—-lV
1333 415 1418 461 and
1449 415 1678 460 vlu—x.
1755 416 1813 461 of

196 487 318 533 hook
348 487 379 530 V
406 488 492 533 and
519 487 590 533 Vll
627 487 734 548 only
769 485 897 532 small
935 486 1148 545 portions
1181 487 1377 543 remain,
1413 486 1500 531 and
1537 485 1657 531 book
1690 486 1742 531 VI
1769 487 1807 531 is

196 556 371 618 wholly
412 559 629 618 wanting.
705 558 798 603 The
823 557 996 602 Nitrian
1033 556 1340 616 manuscript,
1388 556 1623 617 preserved
1659 558 1703 601 in
1733 557 1808 601 the

195 627 365 673 British
391 627 612 686 Mnseum,
650 627 798 673 which
824 627 840 671 l
866 640 936 672 am
971 640 1081 672 now
1116 626 1333 685 nonanng
1360 627 1473 672 with
1511 641 1583 687 my
1618 641 1736 687 copy
1764 627 1813 672 of

201 700 274 744 the
310 698 586 758 Petersburg
621 698 927 757 manuscript,
969 698 1008 742 is
1050 695 1100 741 of
1130 698 1383 742 somewhat
1426 696 1540 742 later
1575 697 1677 743 date
1715 697 1809 755 (the

197 769 300 814 date
327 768 408 813 has
435 769 548 814 been
576 768 733 814 erased
759 767 843 812 and
871 769 910 813 is
936 780 995 812 no
1031 766 1196 824 longer
1222 763 1422 828 legible),
1450 767 1531 813 but
1548 781 1654 828 very
1680 782 1810 814 care-

195 838 314 899 fully
338 841 542 886 written.
594 839 632 884 It
658 839 864 884 contains
891 836 1036 884 books
1062 837 1188 881 1-v
1213 836 1379 883 almost
1406 837 1679 898 complete.“

303 909 450 965 Quum
485 909 741 969 WrIghtius
777 909 875 968 ipse
910 908 1027 954 hanc
1062 909 1316 953 versionem
1352 908 1555 954 editurus
1593 908 1676 965 sit,
1724 922 1808 967 ego

198 980 380 1024 interim
420 980 679 1040 speciminis
724 993 858 1026 causa
904 979 1010 1024 huic
1043 978 1319 1024 Praefationi
1357 978 1459 1024 libri
1496 980 1625 1038 primi
1665 980 1811 1039 capita

196 1055 416 1109 quattuor
458 1049 603 1110 prima
643 1049 844 1108 subieci,
888 1049 942 1094 ab
986 1049 1214 1108 Wrightio
1259 1063 1311 1094 ex
1355 1049 1510 1095 codice
1551 1049 1810 1110 Petropoli-

198 1128 304 1166 tano
333 1116 402 1183 (A)
430 1120 656 1180 descripta
691 1126 736 1165 et
772 1133 872 1166 cum
907 1119 1183 1165 Londinensi
1219 1117 1284 1178 (B)
1310 1119 1498 1172 collata,
1537 1134 1651 1179 quae
1680 1134 1810 1165 accu-

198 1197 295 1236 rate
320 1191 614 1251 imprimenda
641 1191 813 1236 curavit
838 1189 1104 1250 Ludolphus
1126 1189 1355 1247 Krehlius,
1387 1191 1515 1235 cuius
1542 1204 1631 1235 non
1660 1190 1809 1235 minus

194 1261 371 1306 clarum
398 1260 441 1304 in
471 1261 540 1306 his
566 1260 731 1306 litteris
758 1273 922 1306 nomen
951 1267 1038 1317 est,
1076 1259 1379 1320 precibusque
1411 1261 1522 1305 meis
1549 1260 1636 1306 hoc
1667 1260 1805 1317 dedit,

199 1338 249 1377 ut
283 1332 708 1392 interpretationem
745 1331 930 1376 adderet
964 1330 1193 1388 Latinam,
1230 1330 1274 1375 in
1313 1344 1397 1390 qua
1435 1344 1524 1376 non
1560 1331 1809 1390 elegantiae

198 1401 426 1447 sermonis
453 1401 660 1459 studuit,
699 1401 776 1446 sed
803 1401 917 1446 idern
947 1401 1068 1460 quod
1096 1408 1222 1446 vetus
1250 1401 1420 1446 lrenaei
1447 1401 1673 1461 interpres
1701 1414 1808 1446 con-

199 1471 351 1516 silium
389 1478 571 1517 secutus
610 1471 873 1531 interpretis
901 1469 1070 1531 Syriaci
1110 1470 1241 1516 verba
1281 1477 1368 1515 tam
1397 1478 1603 1517 accurate
1630 1485 1810 1532 expres-

199 1543 284 1597 sit,
321 1549 372 1586 ut
398 1543 531 1586 etiam
558 1541 754 1587 lectores
790 1540 973 1600 linguae
1009 1540 1130 1586 illius
1171 1542 1313 1601 ignari
1352 1543 1417 1586 uti
1454 1555 1504 1586 ea
1539 1543 1720 1601 possint
1756 1541 1809 1586 ad

195 1611 473 1671 indagandas
500 1613 666 1656 vetusti
703 1610 871 1657 codicis
898 1610 1071 1669 Graeci,
1107 1625 1197 1671 quo
1219 1613 1444 1671 interpres
1467 1611 1678 1672 Syriacus
1699 1625 1810 1656 usus

196 1689 292 1739 est,
334 1683 598 1742 scripturas.
660 1680 767 1726 Nam
806 1681 892 1726 etsi
930 1680 1004 1726 hic
1039 1694 1223 1740 quoque
1258 1682 1485 1740 interpres
1521 1680 1686 1727 Graeca
1722 1694 1810 1726 non

199 1766 303 1798 raro
330 1751 521 1797 liberius
550 1751 802 1812 expressit,
841 1758 988 1796 tamen
1016 1750 1153 1810 loiige
1180 1751 1324 1796 abfuit
1351 1751 1405 1797 ab
1431 1750 1603 1810 Rufini,
1640 1752 1694 1798 de
1722 1766 1805 1812 qua

199 1837 337 1882 supra
365 1821 582 1878 dicebam,
613 1823 883 1867 temeritate.

306 1892 473 1954 Abgari
502 1893 556 1938 ad
581 1892 727 1938 lesum
755 1892 983 1938 Christum
1011 1892 1249 1953 epistolae,
1280 1905 1394 1953 quae
1422 1892 1537 1952 apud
1565 1891 1805 1938 Eusebium

200 1963 376 2024 legitur
405 1963 452 2020 1,
483 1962 563 2022 13,
594 1969 763 2008 textum
792 1962 1027 2023 Syriacum
1063 1962 1202 2007 edidit
1239 1961 1287 2008 G.
1315 1962 1571 2008 Curetonus
1608 1965 1654 2007 in
1689 1962 1806 2008 libro

200 2047 334 2093 quem
362 2033 594 2093 inscripsit
621 2033 823 2078 Anez'ent
850 2032 1025 2091 Syriae
1050 2034 1341 2079 documents.
1415 2032 1575 2078 Libelli
1601 2034 1658 2078 de
1683 2047 1811 2078 mar-

202 2104 393 2164 tyribus
418 2103 741 2162 Palaestinae,
782 2105 857 2164 qui
884 2105 928 2148 in
957 2103 1188 2150 codicibus
1216 2103 1395 2150 Graecis
1422 2103 1640 2149 historiae
1668 2103 1812 2149 eccle-

201 2175 410 2220 siasticae
437 2180 542 2234 post
567 2172 731 2219 librum
754 2180 960 2219 octavum
980 2174 1134 2220 illatus
1153 2181 1222 2219 est
1249 2173 1458 2234 (propter
1480 2174 1610 2219 verba
1630 2172 1809 2218 Eusehii

201 2245 307 2303 Vlll,
338 2243 420 2301 13,
450 2243 497 2303 7)
523 2251 720 2290 veterem
749 2251 898 2290 textus
917 2243 1071 2290 Graeci
1099 2244 1242 2290 multo
1264 2244 1530 2304 integrioris
1558 2245 1811 2290 versionem

201 2314 431 2376 Syriacam
458 2322 680 2360 memorat
705 2314 823 2360 idem
850 2316 893 2360 in
920 2314 1208 2361 Praefatione
1245 2315 1299 2360 ad
1326 2314 1559 2360 Athanasii
1585 2313 1811 2374 Epistolas

202 2385 323 2443 (The
357 2383 509 2442 festal
551 2387 718 2431 letters
764 2384 824 2442 of
862 2385 1160 2430 Athanasius
1207 2386 1486 2432 discovered
1527 2388 1576 2430 in
1626 2399 1688 2429 an
1728 2398 1812 2428 an-

201 2458 328 2500 cient
354 2454 529 2512 Syriae
555 2456 758 2512 version,
795 2455 982 2501 London
1013 2451 1163 2516 1848)
1194 2471 1236 2516 p.
1264 2455 1387 2500 xvlt.
1462 2455 1602 2501 Porro
1631 2453 1810 2500 Eusebii

203 2525 258 2570 de
285 2524 586 2584 Theophaniis
614 2525 796 2583 librum,
836 2531 959 2571 textu
997 2525 1164 2571 Graeco
1191 2526 1384 2586 perdito,
1424 2539 1542 2571 nunc
1577 2525 1714 2570 veteri
1743 2525 1812 2568 in·

203 2597 394 2710 terprett1i
445 2594 629 2655 Syriaco
679 2596 922 2654 debemus,
974 2595 1142 2641 editum
1187 2596 1240 2641 ab
1286 2595 1329 2644 S.
1370 2596 1457 2641 Lee
1503 2595 1814 2653 Cantabrigiac

201 2679 242 2710 a.
288 2665 351 2712 18
394 2665 440 2711 3.

320 2759 587 2801 Scribebam
617 2761 809 2814 Lipsiae
842 2761 1030 2802 ineunte
1064 2774 1183 2802 anno
1218 2762 1340 2806 1871,
