2032 3174
331 92 435 144 104
1001 93 1249 133 EUSEBH

327 205 476 277 παρὰ
502 205 787 271 Ἰουδαίοις
817 211 930 262 τῶν
958 205 1065 262 ἀπὸ
1099 211 1193 278 τῆς
1223 211 1510 281 βασιλικῆς
1540 212 1749 281 φυλῆς,
1775 206 1933 266 ἅνα-

330 299 610 362 ζητεῖσθαι
640 288 957 362 προστάξαι,
989 289 1247 363 μέγιστόν
1276 314 1335 347 τε
1357 289 1643 359 Ἰουδαίοις
1675 286 1842 360 αὖθις
1875 297 1937 351 ἐκ

328 374 529 446 ταύτης
563 374 809 446 διωγμὸν
841 377 1223 446 ἐπαρτηθῆναι
1252 378 1349 445 τῆς
1380 381 1572 442 αἰτιᾞας

470 470 592 518 ΧΙΙΙ.
659 457 779 515 Ἐπὶ
813 463 944 515 δέκα
978 460 1038 542 δὲ
1067 458 1164 515 τὸν
1197 456 1628 518 Οὐεσπασιανὸν
1658 467 1800 518 ἔτεσι
1830 467 1938 533 βα-

285 561 306 591 5
330 541 664 600 σιλεύσαντα
694 539 1049 640 αὐτοκράτωρ
1091 549 1246 608 Τίτος
1271 541 1300 600 ὁ
1333 557 1462 610 παῖς
1495 546 1834 617 διαδέχεται,
1867 546 1935 603 οὐ

328 651 464 684 κατα
508 624 772 699 δεύτερον
811 633 927 693 ἔτος
967 631 1061 700 τῆς
1091 633 1384 699 βασιλείας
1423 634 1594 695 Λίνος
1637 632 1936 695 ἐπίσκοπος

326 716 422 783 τῆς
444 710 726 783 Ῥωμαίων
758 715 1046 783 ἐκκλησίας
1079 716 1412 768 δυοκαίδεκα
1454 714 1556 784 τὴν
1586 719 1940 784 λειτουργίαν

330 799 602 861 ἐνιαυτοῖς
632 795 922 868 κατασχών
948 793 1287 873 Ἀνεγκλήτῳ
1318 795 1526 868 ταύτην
1565 803 1932 868 παραδίδωσι.

277 922 282 927 ,
337 886 499 936 Τίτον
530 881 590 936 δὲ
622 879 960 952 Δομετιανὸς
991 878 1232 951 ἀδελφὸς
1266 883 1601 953 διαδέχεται,
1647 879 1747 938 δύο
1791 887 1940 938 ἔτεσι

266 982 307 1014 10
331 966 422 1020 καὶ
453 966 587 1036 μησὶ
617 979 731 1030 τοῖς
765 974 900 1030 ἴσοις
930 962 1352 1036 βασιλεύσαντα.

438 1058 588 1114 XIV.
648 1056 717 1104 Τε
696 1071 896 1124 εταρτω
928 1073 1029 1121 μεν
1058 1050 1160 1105 οὐν
1190 1053 1297 1105 ἔτει
1322 1052 1669 1121 Δομετιανοῦ
1692 1053 1787 1121 τῆς
1811 1046 1934 1105 κατ’

324 1129 742 1204 Ἀλεξάνδρειαν
795 1140 1082 1203 παροικίας
1134 1131 1162 1189 ὁ
1215 1155 1427 1203 πρωτος
1464 1130 1777 1205 Ἄννιανός,
1834 1131 1939 1189 δύο

328 1214 464 1285 πρὸς
497 1225 702 1272 εἴκοσιν
732 1213 1054 1289 ἀναπλήσας
1087 1221 1207 1288 ἔτη,
1240 1220 1493 1292 τελευτᾷ,
1537 1220 1847 1290 διαδέχεται
1879 1216 1935 1272 δ’

325 1297 495 1356 αὐτὸν
529 1297 786 1372 δεύτερος
813 1298 1063 1372 Ἀβίλιος.

264 1403 305 1435 15
470 1395 566 1444 XV.
635 1383 953 1460 Δωδεκάτω
995 1386 1055 1441 δὲ
1098 1390 1205 1442 ε”τει
1244 1389 1339 1456 τῆς
1370 1383 1663 1457 ἡγεμονίας
1695 1388 1789 1456 τῆς
1812 1380 1938 1443 ‘Pso-

328 1475 511 1541 μαίων
546 1471 836 1541 ἐκκλησίας
862 1468 1222 1541 Ἀνέγκλητον
1254 1475 1431 1526 ἔτεσιν
1464 1468 1941 1526 ἐπισκοπεύσαντα

330 1550 569 1610 δεκαδύο
625 1555 938 1626 διαδέχεται
989 1553 1231 1626 Κλήμης.
1294 1551 1359 1610 ὃν
1410 1553 1684 1625 συνεργὸν
1739 1556 1942 1610 ἑαυτοῦ

328 1641 597 1708 γενέσθαι
647 1644 1040 1708 Φιλιππησίοις
1083 1640 1418 1694 ἐπιστέλλων
1457 1636 1485 1693 ὁ
1526 1636 1826 1703 απόστολος
1860 1642 1938 1692 δι-

329 1719 520 1777 δασκει
568 1721 781 1793 λέγων
787 1718 941 1794 μετὰ
983 1724 1072 1778 καὶ
1104 1719 1423 1827 Κλήμεντος
1463 1723 1554 1776 καὶ
1587 1745 1698 1776 των
1730 1725 1942 1777 λοιπῶν

262 1819 332 1855 20‘
360 1825 649 1876 συνεργων
679 1831 816 1878 μου,
851 1807 929 1862 ὠν
958 1830 1023 1861 τα
1053 1802 1293 1878 ονόματα
1327 1809 1386 1861 ἐν
1417 1811 1594 1881 βίβλω
1627 1802 1808 1876 ζωήςΫ

467 1900 587 1949 XVI.
660 1888 869 1947 Τούτου
915 1889 982 1961 δὴ
1025 1890 1127 1946 οὐν
1156 1895 1254 1946 τοῦ
1287 1887 1603 1961 Κλήμεντος
1633 1886 1939 1962 ὁμολογου-

326 1976 464 2044 μένη
495 1998 594 2046 μια
627 1974 882 2044 ἐπιστολὴ
914 1976 1155 2047 φέρεται,
1188 1972 1399 2045 μεγαλη
1430 1997 1487 2031 τε
1512 1976 1602 2029 καὶ
1627 1980 1938 2046 θαυμασια,

327 2055 398 2127 ἣν
442 2055 514 2122 ὡς
555 2054 663 2114 ἆπὸ
705 2062 800 2130 τῆς
836 2055 1114 2130 Ῥωμαίων
1167 2060 1455 2129 ἐκκλησίας
1501 2062 1567 2131 τῇ
1612 2065 1940 2128 Κορινθίων

329 2139 705 2199 διετυπώσατο
725 2187 739 2212 ,
785 2141 1027 2208 στάσεως
1058 2141 1319 2213 τηνικάδε
1351 2140 1486 2198 κατὰ
1518 2141 1619 2213 τὴν
1652 2141 1942 2214 Κόρινθον

262 2242 303 2274 25
330 2227 644 2297 γενομένης.
719 2224 929 2297 ταύτην
961 2227 1021 2282 δὲ
1066 2228 1157 2281 καὶ
1203 2230 1262 2282 ἐν
1302 2233 1584 2292 πλείσταις
1626 2228 1941 2293 ἐκκλησίαις

327 2311 416 2365 ἐπὶ
460 2313 561 2365 τοῦ
601 2313 792 2367 κοινοῦ
833 2314 1342 2382 δεδημοσιευμένην
1386 2309 1554 2366 πάλαι
1585 2333 1644 2366 τε
1677 2313 1766 2366 καὶ
1800 2308 1934 2366 καθ’

324 2389 466 2466 ἡμᾶς
498 2390 701 2460 αὐτοὺς
734 2400 997 2467 ἔγνωμεν.
1059 2396 1151 2450 καὶ
1191 2392 1274 2450 ὅτι
1319 2417 1381 2466 γε
1423 2393 1559 2451 κατα
1601 2394 1697 2450 τὸν
1732 2392 1941 2465 δηλού-

324 2500 496 2550 μενον
546 2502 612 2533 τα
662 2484 758 2550 τῆς
813 2485 1138 2549 Κορινθίων
1187 2485 1440 2550 κεκίνητο
1491 2478 1733 2544 στάσεως
1787 2476 1942 2545 ἀξιό-

324 2584 494 2635 χρεως
525 2560 733 2634 μα’ρτυς
763 2558 791 2618 ὁ
817 2558 1167 2635 Ηγήσιππος.

262 2662 308 2694 30
474 2657 620 2706 XVII.
686 2657 813 2722 [Nic.
843 2658 900 2705 ΙΙ.
931 2658 983 2706 Ε
1014 2658 1099 2713 ΙΙΙ,
1131 2656 1203 2721 9.]
1240 2645 1467 2718 Πολλήν
1490 2670 1553 2718 γε
1576 2644 1685 2719 μὴν
1712 2651 1786 2710 εἰς
1811 2652 1943 2702 πολ-

447 2840 502 2879 18
538 2839 719 2892 Philipp
753 2842 799 2891 4,
835 2844 874 2880 3.
