<?xml version="1.0" encoding="UTF-8"?>
<!DOCTYPE html PUBLIC "-//W3C//DTD XHTML 1.0 Transitional//EN"
    "http://www.w3.org/TR/xhtml1/DTD/xhtml1-transitional.dtd">
<html xmlns="http://www.w3.org/1999/xhtml" xml:lang="en" lang="en">
 <head>
  <title>
</title>
<meta http-equiv="Content-Type" content="text/html;charset=utf-8" />
  <meta name='ocr-system' content='tesseract 3.04.00' />
  <meta name='ocr-capabilities' content='ocr_page ocr_carea ocr_par ocr_line ocrx_word'/>
</head>
<body>
  <div class='ocr_page' id='page_1' title='image "./operaeusebius04euseuoft_0467.png"; bbox 0 0 1986 3152; ppageno 0'>
   <div class='ocr_carea' id='block_1_1' title="bbox 564 113 1750 166">
    <p class='ocr_par' dir='ltr' id='par_1_1' title="bbox 564 113 1750 166">
     <span class='ocr_line' id='line_1_1' title="bbox 564 113 1750 166; baseline 0.004 -12"><span class='ocrx_word' id='word_1_1' title='bbox 564 113 661 155; x_wconf 83' lang='lat' dir='ltr'><strong><em>’DE</em></strong></span> <span class='ocrx_word' id='word_1_2' title='bbox 692 113 875 156; x_wconf 89' lang='lat' dir='ltr'><strong>MART.</strong></span> <span class='ocrx_word' id='word_1_3' title='bbox 910 113 1200 155; x_wconf 84' lang='lat' dir='ltr'><strong>PALAEST.</strong></span> <span class='ocrx_word' id='word_1_4' title='bbox 1233 114 1313 155; x_wconf 92' lang='lat' dir='ltr'><strong><em>XI.</em></strong></span> <span class='ocrx_word' id='word_1_5' title='bbox 1646 114 1750 166; x_wconf 73' lang='grc'><strong><em>407</em></strong></span> 
     </span>
    </p>
   </div>
   <div class='ocr_carea' id='block_1_2' title="bbox 139 229 1825 2932">
    <p class='ocr_par' dir='ltr' id='par_1_2' title="bbox 139 229 1825 2932">
     <span class='ocr_line' id='line_1_2' title="bbox 143 229 1751 305; baseline 0 -17"><span class='ocrx_word' id='word_1_6' title='bbox 143 238 318 303; x_wconf 83' lang='grc' dir='ltr'><strong><em>ρίζετο</em></strong></span> <span class='ocrx_word' id='word_1_7' title='bbox 359 235 617 302; x_wconf 81' lang='grc' dir='ltr'><em>Παῦλος,</em></span> <span class='ocrx_word' id='word_1_8' title='bbox 661 229 769 304; x_wconf 77' lang='grc' dir='ltr'><strong><em>πρὸ</em></strong></span> <span class='ocrx_word' id='word_1_9' title='bbox 813 235 915 287; x_wconf 81' lang='grc' dir='ltr'><strong><em>τοῦ</em></strong></span> <span class='ocrx_word' id='word_1_10' title='bbox 967 235 1281 305; x_wconf 77' lang='grc' dir='ltr'><strong><em>μαρτυρίου</em></strong></span> <span class='ocrx_word' id='word_1_11' title='bbox 1325 229 1415 287; x_wconf 75' lang='grc' dir='ltr'><strong><em>διὰ</em></strong></span> <span class='ocrx_word' id='word_1_12' title='bbox 1455 231 1751 305; x_wconf 84' lang='grc' dir='ltr'><strong><em>καυτήρων</em></strong></span> 
     </span>
     <span class='ocr_line' id='line_1_3' title="bbox 143 313 1750 389; baseline 0.001 -17"><span class='ocrx_word' id='word_1_13' title='bbox 143 314 433 389; x_wconf 78' lang='grc' dir='ltr'><em>ὑπομονῆς</em></span> <span class='ocrx_word' id='word_1_14' title='bbox 491 314 593 372; x_wconf 82' lang='grc' dir='ltr'><strong><em>τὸν</em></strong></span> <span class='ocrx_word' id='word_1_15' title='bbox 650 319 750 388; x_wconf 84' lang='grc' dir='ltr'><strong><em>τῆς</em></strong></span> <span class='ocrx_word' id='word_1_16' title='bbox 809 313 1105 387; x_wconf 79' lang='grc' dir='ltr'><strong><em>ὁμολογίας</em></strong></span> <span class='ocrx_word' id='word_1_17' title='bbox 1167 315 1477 388; x_wconf 82' lang='grc' dir='ltr'><strong><em>διαθλήσας</em></strong></span> <span class='ocrx_word' id='word_1_18' title='bbox 1536 314 1750 388; x_wconf 78' lang='grc' dir='ltr'><strong><em>άγῶνα.</em></strong></span> 
     </span>
     <span class='ocr_line' id='line_1_4' title="bbox 139 399 1752 476; baseline 0.002 -21"><span class='ocrx_word' id='word_1_19' title='bbox 139 399 355 465; x_wconf 83' lang='grc' dir='ltr'><strong><em>τούτοις</em></strong></span> <span class='ocrx_word' id='word_1_20' title='bbox 397 400 488 456; x_wconf 82' lang='grc' dir='ltr'><strong><em>ἐπὶ</em></strong></span> <span class='ocrx_word' id='word_1_21' title='bbox 526 405 622 472; x_wconf 85' lang='grc' dir='ltr'><strong><em>τῆς</em></strong></span> <span class='ocrx_word' id='word_1_22' title='bbox 674 403 894 473; x_wconf 77' lang='grc' dir='ltr'><strong><em>εἱρκτῆς</em></strong></span> <span class='ocrx_word' id='word_1_23' title='bbox 948 402 1087 457; x_wconf 75' lang='grc' dir='ltr'><strong><em>ἐτῶν</em></strong></span> <span class='ocrx_word' id='word_1_24' title='bbox 1141 403 1301 457; x_wconf 77' lang='grc' dir='ltr'><strong><em>δυεῖν</em></strong></span> <span class='ocrx_word' id='word_1_25' title='bbox 1354 400 1504 457; x_wconf 83' lang='grc' dir='ltr'><strong><em>ὅλων</em></strong></span> <span class='ocrx_word' id='word_1_26' title='bbox 1543 401 1752 476; x_wconf 90' lang='grc' dir='ltr'><strong><em>χρόνον</em></strong></span> 
     </span>
     <span class='ocr_line' id='line_1_5' title="bbox 142 482 1750 558; baseline 0.001 -18"><span class='ocrx_word' id='word_1_27' title='bbox 142 489 539 557; x_wconf 81' lang='grc' dir='ltr'><strong><em>κατατρίψασιν</em></strong></span> <span class='ocrx_word' id='word_1_28' title='bbox 590 482 863 551; x_wconf 80' lang='grc' dir='ltr'><strong><em>ὑπόθεσις</em></strong></span> <span class='ocrx_word' id='word_1_29' title='bbox 903 489 1006 541; x_wconf 82' lang='grc' dir='ltr'><strong><em>τοῦ</em></strong></span> <span class='ocrx_word' id='word_1_30' title='bbox 1045 490 1358 558; x_wconf 83' lang='grc' dir='ltr'><strong><em>μαρτυρίου</em></strong></span> <span class='ocrx_word' id='word_1_31' title='bbox 1398 491 1609 557; x_wconf 89' lang='grc' dir='ltr'><strong><em>γίνεται</em></strong></span> <span class='ocrx_word' id='word_1_32' title='bbox 1641 492 1750 543; x_wconf 80' lang='grc' dir='ltr'><strong><em>Αἰ-</em></strong></span> 
     </span>
     <span class='ocr_line' id='line_1_6' title="bbox 142 561 1794 641; baseline -0.001 -16"><span class='ocrx_word' id='word_1_33' title='bbox 142 574 397 640; x_wconf 86' lang='grc' dir='ltr'><strong><em>γυπτίων</em></strong></span> <span class='ocrx_word' id='word_1_34' title='bbox 421 561 592 633; x_wconf 74' lang='grc' dir='ltr'><strong><em>αὖθις</em></strong></span> <span class='ocrx_word' id='word_1_35' title='bbox 616 566 882 640; x_wconf 73' lang='grc' dir='ltr'><strong><em>ἀδελφῶν</em></strong></span> <span class='ocrx_word' id='word_1_36' title='bbox 905 574 1106 641; x_wconf 79' lang='grc' dir='ltr'><strong><em>ἔφοδος</em></strong></span> <span class='ocrx_word' id='word_1_37' title='bbox 1122 612 1136 640; x_wconf 93' lang='grc'><strong><em>,</em></strong></span> <span class='ocrx_word' id='word_1_38' title='bbox 1167 574 1283 626; x_wconf 73' lang='grc' dir='ltr'><strong><em>τῶν</em></strong></span> <span class='ocrx_word' id='word_1_39' title='bbox 1305 571 1395 626; x_wconf 81' lang='grc' dir='ltr'><strong><em>καὶ</em></strong></span> <span class='ocrx_word' id='word_1_40' title='bbox 1429 571 1535 627; x_wconf 75' lang='grc' dir='ltr'><strong><em>σὺν</em></strong></span> <span class='ocrx_word' id='word_1_41' title='bbox 1560 568 1751 636; x_wconf 77' lang='grc' dir='ltr'><strong><em>αὐτοῖς</em></strong></span> <span class='ocrx_word' id='word_1_42' title='bbox 1775 593 1794 624; x_wconf 86' lang='lat'>5</span> 
     </span>
     <span class='ocr_line' id='line_1_7' title="bbox 143 649 1754 729; baseline 0.002 -20"><span class='ocrx_word' id='word_1_43' title='bbox 143 654 573 709; x_wconf 78' lang='grc' dir='ltr'><strong><em>τελειωθέντων.</em></strong></span> <span class='ocrx_word' id='word_1_44' title='bbox 645 657 694 710; x_wconf 84' lang='grc'><strong><em>6.</em></strong></span> <span class='ocrx_word' id='word_1_45' title='bbox 751 651 884 719; x_wconf 80' lang='grc' dir='ltr'><strong><em>τούς</em></strong></span> <span class='ocrx_word' id='word_1_46' title='bbox 923 652 1062 710; x_wconf 70' lang='grc' dir='ltr'><strong><em>κατὰ</em></strong></span> <span class='ocrx_word' id='word_1_47' title='bbox 1104 661 1365 711; x_wconf 84' lang='grc' dir='ltr'><strong><em>Κιλικίαν</em></strong></span> <span class='ocrx_word' id='word_1_48' title='bbox 1406 649 1564 712; x_wconf 74' lang='grc' dir='ltr'><strong><em>οὗτοι</em></strong></span> <span class='ocrx_word' id='word_1_49' title='bbox 1594 655 1754 729; x_wconf 87' lang='grc' dir='ltr'><strong><em>μέχρι</em></strong></span> 
     </span>
     <span class='ocr_line' id='line_1_8' title="bbox 147 735 1754 814; baseline 0.002 -21"><span class='ocrx_word' id='word_1_50' title='bbox 147 740 262 794; x_wconf 76' lang='grc' dir='ltr'><strong><em>τῶν</em></strong></span> <span class='ocrx_word' id='word_1_51' title='bbox 315 735 519 794; x_wconf 80' lang='grc' dir='ltr'><strong><em>αὐτόθι</em></strong></span> <span class='ocrx_word' id='word_1_52' title='bbox 576 737 866 809; x_wconf 77' lang='grc' dir='ltr'><strong><em>μετάλλων</em></strong></span> <span class='ocrx_word' id='word_1_53' title='bbox 924 736 1267 810; x_wconf 79' lang='grc' dir='ltr'><strong><em>ὁμολογητάς</em></strong></span> <span class='ocrx_word' id='word_1_54' title='bbox 1326 741 1754 814; x_wconf 81' lang='grc' dir='ltr'><strong><em>προπέμψαντες</em></strong></span> 
     </span>
     <span class='ocr_line' id='line_1_9' title="bbox 144 819 1754 895; baseline 0.001 -17"><span class='ocrx_word' id='word_1_55' title='bbox 144 819 553 878; x_wconf 88' lang='grc' dir='ltr'><strong><em>ε’παλινόστουν</em></strong></span> <span class='ocrx_word' id='word_1_56' title='bbox 585 822 675 877; x_wconf 85' lang='grc' dir='ltr'><strong><em>ε’πὶ</em></strong></span> <span class='ocrx_word' id='word_1_57' title='bbox 707 820 773 877; x_wconf 74' lang='grc' dir='ltr'><strong><em>τά</em></strong></span> <span class='ocrx_word' id='word_1_58' title='bbox 815 827 1019 878; x_wconf 80' lang='grc' dir='ltr'><strong><em>οἰκεῖα·</em></strong></span> <span class='ocrx_word' id='word_1_59' title='bbox 1065 821 1268 894; x_wconf 86' lang='grc' dir='ltr'><strong><em>ὁμοίως</em></strong></span> <span class='ocrx_word' id='word_1_60' title='bbox 1299 828 1437 895; x_wconf 82' lang='grc' dir='ltr'><strong><em>δῆτα</em></strong></span> <span class='ocrx_word' id='word_1_61' title='bbox 1467 824 1561 880; x_wconf 87' lang='grc' dir='ltr'><strong><em>καὶ</em></strong></span> <span class='ocrx_word' id='word_1_62' title='bbox 1593 823 1754 881; x_wconf 79' lang='grc' dir='ltr'><strong><em>αὐτοὶ</em></strong></span> 
     </span>
     <span class='ocr_line' id='line_1_10' title="bbox 143 904 1754 981; baseline 0.001 -18"><span class='ocrx_word' id='word_1_63' title='bbox 143 905 287 979; x_wconf 84' lang='grc' dir='ltr'><strong><em>πρὸς</em></strong></span> <span class='ocrx_word' id='word_1_64' title='bbox 318 904 518 972; x_wconf 80' lang='grc' dir='ltr'><strong><em>αύταῖς</em></strong></span> <span class='ocrx_word' id='word_1_65' title='bbox 560 905 798 971; x_wconf 76' lang='grc' dir='ltr'><strong><em>εἰσόδοις</em></strong></span> <span class='ocrx_word' id='word_1_66' title='bbox 839 910 955 962; x_wconf 76' lang='grc' dir='ltr'><strong><em>τῶν</em></strong></span> <span class='ocrx_word' id='word_1_67' title='bbox 995 905 1134 963; x_wconf 74' lang='grc' dir='ltr'><strong><em>κατὰ</em></strong></span> <span class='ocrx_word' id='word_1_68' title='bbox 1164 907 1505 981; x_wconf 75' lang='grc' dir='ltr'><strong><em>Καισάρειαν</em></strong></span> <span class='ocrx_word' id='word_1_69' title='bbox 1536 914 1754 979; x_wconf 77' lang='grc' dir='ltr'><strong><em>πυλῶν,</em></strong></span> 
     </span>
     <span class='ocr_line' id='line_1_11' title="bbox 141 985 1817 1065; baseline -0.001 -17"><span class='ocrx_word' id='word_1_70' title='bbox 141 997 291 1057; x_wconf 86' lang='grc' dir='ltr'><strong><em>τίνες</em></strong></span> <span class='ocrx_word' id='word_1_71' title='bbox 332 1014 392 1048; x_wconf 93' lang='grc' dir='ltr'><strong><em>τε</em></strong></span> <span class='ocrx_word' id='word_1_72' title='bbox 433 990 548 1048; x_wconf 85' lang='grc' dir='ltr'><strong><em>εἶεν</em></strong></span> <span class='ocrx_word' id='word_1_73' title='bbox 599 991 692 1047; x_wconf 86' lang='grc' dir='ltr'><strong><em>καὶ</em></strong></span> <span class='ocrx_word' id='word_1_74' title='bbox 736 985 950 1047; x_wconf 80' lang='grc' dir='ltr'><em>ὁπόθεν</em></span> <span class='ocrx_word' id='word_1_75' title='bbox 1001 989 1400 1064; x_wconf 83' lang='grc' dir='ltr'><strong><em>ἀφικνούμενοι</em></strong></span> <span class='ocrx_word' id='word_1_76' title='bbox 1459 991 1600 1065; x_wconf 85' lang='grc' dir='ltr'><strong><em>πρὸς</em></strong></span> <span class='ocrx_word' id='word_1_77' title='bbox 1641 997 1817 1049; x_wconf 72' lang='lat' dir='ltr'><em>w3v10</em></span> 
     </span>
     <span class='ocr_line' id='line_1_12' title="bbox 141 1073 1756 1151; baseline 0.001 -19"><span class='ocrx_word' id='word_1_78' title='bbox 141 1073 417 1149; x_wconf 90' lang='grc' dir='ltr'><strong><em>φυλάκων</em></strong></span> <span class='ocrx_word' id='word_1_79' title='bbox 470 1073 768 1150; x_wconf 81' lang='grc' dir='ltr'><strong><em>(βάρβαροι</em></strong></span> <span class='ocrx_word' id='word_1_80' title='bbox 819 1077 888 1132; x_wconf 89' lang='grc' dir='ltr'><strong><em>δέ</em></strong></span> <span class='ocrx_word' id='word_1_81' title='bbox 933 1098 1078 1142; x_wconf 90' lang='grc' dir='ltr'><strong><em>τινες</em></strong></span> <span class='ocrx_word' id='word_1_82' title='bbox 1137 1074 1396 1151; x_wconf 84' lang='grc' dir='ltr'><strong><em>υπῆρχον</em></strong></span> <span class='ocrx_word' id='word_1_83' title='bbox 1447 1079 1600 1134; x_wconf 84' lang='grc' dir='ltr'><strong><em>οὑτοι</em></strong></span> <span class='ocrx_word' id='word_1_84' title='bbox 1656 1076 1756 1133; x_wconf 85' lang='grc' dir='ltr'><strong><em>τὸν</em></strong></span> 
     </span>
     <span class='ocr_line' id='line_1_13' title="bbox 144 1156 1756 1235; baseline 0 -17"><span class='ocrx_word' id='word_1_85' title='bbox 144 1159 378 1235; x_wconf 84' lang='grc' dir='ltr'><strong><em>τρόπον)</em></strong></span> <span class='ocrx_word' id='word_1_86' title='bbox 431 1156 911 1234; x_wconf 80' lang='grc' dir='ltr'><strong><em>άνερωτηθέντες,</em></strong></span> <span class='ocrx_word' id='word_1_87' title='bbox 963 1161 1058 1216; x_wconf 84' lang='grc' dir='ltr'><strong><em>καὶ</em></strong></span> <span class='ocrx_word' id='word_1_88' title='bbox 1108 1161 1286 1233; x_wconf 89' lang='grc' dir='ltr'><strong><em>μηδεν</em></strong></span> <span class='ocrx_word' id='word_1_89' title='bbox 1335 1166 1434 1234; x_wconf 84' lang='grc' dir='ltr'><strong><em>τῆς</em></strong></span> <span class='ocrx_word' id='word_1_90' title='bbox 1486 1160 1756 1234; x_wconf 81' lang='grc' dir='ltr'><strong><em>αληθειάς</em></strong></span> 
     </span>
     <span class='ocr_line' id='line_1_14' title="bbox 142 1241 1721 1350; baseline 0 -48"><span class='ocrx_word' id='word_1_91' title='bbox 142 1244 628 1319; x_wconf 80' lang='grc' dir='ltr'><strong><em>αποκρυψάμενοι,</em></strong></span> <span class='ocrx_word' id='word_1_92' title='bbox 675 1241 766 1301; x_wconf 80' lang='grc' dir='ltr'><strong><em>οἶα</em></strong></span> <span class='ocrx_word' id='word_1_93' title='bbox 810 1250 1117 1350; x_wconf 81' lang='grc' dir='ltr'><strong><em>κακοῦργοι</em></strong></span> <span class='ocrx_word' id='word_1_94' title='bbox 1163 1243 1249 1302; x_wconf 84' lang='grc' dir='ltr'><strong><em>ἐπ’</em></strong></span> <span class='ocrx_word' id='word_1_95' title='bbox 1295 1244 1606 1322; x_wconf 81' lang='grc' dir='ltr'><strong><em>αὕτοφωρω</em></strong></span> <span class='ocrx_word' id='word_1_96' title='bbox 1653 1253 1721 1318; x_wconf 94' lang='grc' dir='ltr'><strong><em>λη</em></strong></span> 
     </span>
     <span class='ocr_line' id='line_1_15' title="bbox 141 1324 1754 1404; baseline 0.001 -18"><span class='ocrx_word' id='word_1_97' title='bbox 141 1331 385 1403; x_wconf 80' lang='grc' dir='ltr'><strong><em>φθέντες</em></strong></span> <span class='ocrx_word' id='word_1_98' title='bbox 404 1335 752 1402; x_wconf 89' lang='grc' dir='ltr'><strong><em>συνείχοντο</em></strong></span> <span class='ocrx_word' id='word_1_99' title='bbox 779 1331 943 1386; x_wconf 86' lang='grc' dir='ltr'><strong><em>πέντε</em></strong></span> <span class='ocrx_word' id='word_1_100' title='bbox 960 1328 1015 1386; x_wconf 82' lang='grc' dir='ltr'><strong><em>δ’</em></strong></span> <span class='ocrx_word' id='word_1_101' title='bbox 1041 1333 1188 1386; x_wconf 70' lang='grc' dir='ltr'><strong><em>νσαν</em></strong></span> <span class='ocrx_word' id='word_1_102' title='bbox 1205 1324 1360 1387; x_wconf 76' lang='grc' dir='ltr'><strong><em>οὗτοι</em></strong></span> <span class='ocrx_word' id='word_1_103' title='bbox 1374 1329 1475 1388; x_wconf 85' lang='grc' dir='ltr'><strong><em>τὸν</em></strong></span> <span class='ocrx_word' id='word_1_104' title='bbox 1491 1328 1754 1404; x_wconf 83' lang='grc' dir='ltr'><strong><em>αριθμόν.</em></strong></span> 
     </span>
     <span class='ocr_line' id='line_1_16' title="bbox 146 1414 1818 1491; baseline 0 -21"><span class='ocrx_word' id='word_1_105' title='bbox 146 1419 193 1471; x_wconf 78' lang='grc'><strong><em>7.</em></strong></span> <span class='ocrx_word' id='word_1_106' title='bbox 240 1421 300 1471; x_wconf 80' lang='grc' dir='ltr'><strong><em>οἳ</em></strong></span> <span class='ocrx_word' id='word_1_107' title='bbox 323 1415 417 1470; x_wconf 86' lang='grc' dir='ltr'><strong><em>καὶ</em></strong></span> <span class='ocrx_word' id='word_1_108' title='bbox 459 1415 872 1489; x_wconf 82' lang='grc' dir='ltr'><strong><em>προσαχθέντες</em></strong></span> <span class='ocrx_word' id='word_1_109' title='bbox 910 1419 988 1491; x_wconf 77' lang='grc' dir='ltr'><strong><em>τῷ</em></strong></span> <span class='ocrx_word' id='word_1_110' title='bbox 1028 1414 1318 1491; x_wconf 77' lang='grc' dir='ltr'><strong><em>τυράννῳ,</em></strong></span> <span class='ocrx_word' id='word_1_111' title='bbox 1371 1414 1508 1471; x_wconf 83' lang='grc' dir='ltr'><strong><em>κάπὶ</em></strong></span> <span class='ocrx_word' id='word_1_112' title='bbox 1548 1415 1751 1472; x_wconf 89' lang='grc' dir='ltr'><strong><em>τούτου</em></strong></span> <span class='ocrx_word' id='word_1_113' title='bbox 1777 1439 1818 1470; x_wconf 86' lang='lat'><strong><em>15</em></strong></span> 
     </span>
     <span class='ocr_line' id='line_1_17' title="bbox 144 1498 1755 1573; baseline 0.001 -17"><span class='ocrx_word' id='word_1_114' title='bbox 144 1499 674 1573; x_wconf 88' lang='grc' dir='ltr'><strong><em>παρρησιασάμενοι,</em></strong></span> <span class='ocrx_word' id='word_1_115' title='bbox 707 1498 908 1556; x_wconf 73' lang='grc' dir='ltr'><strong><em>αὐτίκα</em></strong></span> <span class='ocrx_word' id='word_1_116' title='bbox 937 1499 1041 1572; x_wconf 76' lang='grc' dir='ltr'><strong><em>μὲν</em></strong></span> <span class='ocrx_word' id='word_1_117' title='bbox 1070 1506 1508 1573; x_wconf 80' lang='grc' dir='ltr'><strong><em>καθείργνυνται</em></strong></span> <span class='ocrx_word' id='word_1_118' title='bbox 1537 1505 1755 1572; x_wconf 90' lang='grc' dir='ltr'><strong><em>δεσμω-</em></strong></span> 
     </span>
     <span class='ocr_line' id='line_1_18' title="bbox 142 1582 1757 1661; baseline 0 -21"><span class='ocrx_word' id='word_1_119' title='bbox 142 1590 345 1661; x_wconf 76' lang='grc' dir='ltr'><strong><em>τηρίῳ·</em></strong></span> <span class='ocrx_word' id='word_1_120' title='bbox 399 1589 468 1658; x_wconf 82' lang='grc' dir='ltr'><strong><em>τῇ</em></strong></span> <span class='ocrx_word' id='word_1_121' title='bbox 514 1582 568 1640; x_wconf 87' lang='grc' dir='ltr'><strong><em>δ’</em></strong></span> <span class='ocrx_word' id='word_1_122' title='bbox 615 1586 735 1656; x_wconf 80' lang='grc' dir='ltr'><strong><em>ἑξῆς</em></strong></span> <span class='ocrx_word' id='word_1_123' title='bbox 766 1589 1031 1658; x_wconf 89' lang='grc' dir='ltr'><strong><em>Περιτίου</em></strong></span> <span class='ocrx_word' id='word_1_124' title='bbox 1073 1584 1250 1657; x_wconf 85' lang='grc' dir='ltr'><strong><em>μηνὸς</em></strong></span> <span class='ocrx_word' id='word_1_125' title='bbox 1291 1583 1472 1659; x_wconf 80' lang='grc' dir='ltr'><strong><em>ἡμέρα</em></strong></span> <span class='ocrx_word' id='word_1_126' title='bbox 1505 1586 1757 1641; x_wconf 82' lang='grc' dir='ltr'><strong><em>ἑκκαιδε-</em></strong></span> 
     </span>
     <span class='ocr_line' id='line_1_19' title="bbox 143 1667 1757 1744; baseline -0.001 -18"><span class='ocrx_word' id='word_1_127' title='bbox 143 1669 284 1744; x_wconf 77' lang='grc' dir='ltr'><strong><em>κάτῃ</em></strong></span> <span class='ocrx_word' id='word_1_128' title='bbox 318 1669 607 1742; x_wconf 81' lang='grc' dir='ltr'><strong><em>(Μαρτίου</em></strong></span> <span class='ocrx_word' id='word_1_129' title='bbox 638 1668 777 1725; x_wconf 74' lang='grc' dir='ltr'><strong><em>κατὰ</em></strong></span> <span class='ocrx_word' id='word_1_130' title='bbox 800 1667 1101 1742; x_wconf 88' lang='grc' dir='ltr'><strong><em>Ῥωμαίους</em></strong></span> <span class='ocrx_word' id='word_1_131' title='bbox 1130 1668 1164 1741; x_wconf 81' lang='grc' dir='ltr'><strong><em>ἡ</em></strong></span> <span class='ocrx_word' id='word_1_132' title='bbox 1196 1668 1303 1743; x_wconf 78' lang='grc' dir='ltr'><strong><em>πρὸ</em></strong></span> <span class='ocrx_word' id='word_1_133' title='bbox 1331 1669 1757 1742; x_wconf 77' lang='grc' dir='ltr'><strong><em>δεκατεσσάρων</em></strong></span> 
     </span>
     <span class='ocr_line' id='line_1_20' title="bbox 147 1751 1758 1828; baseline -0.001 -17"><span class='ocrx_word' id='word_1_134' title='bbox 147 1753 492 1827; x_wconf 80' lang='grc' dir='ltr'><strong><em>Καλανδῶν)</em></strong></span> <span class='ocrx_word' id='word_1_135' title='bbox 548 1756 606 1810; x_wconf 84' lang='grc' dir='ltr'><strong><em>ἐκ</em></strong></span> <span class='ocrx_word' id='word_1_136' title='bbox 660 1751 1084 1828; x_wconf 89' lang='grc' dir='ltr'><strong><em>προστάγματος</em></strong></span> <span class='ocrx_word' id='word_1_137' title='bbox 1134 1752 1371 1820; x_wconf 77' lang='grc' dir='ltr'><strong><em>τούτους</em></strong></span> <span class='ocrx_word' id='word_1_138' title='bbox 1424 1753 1492 1826; x_wconf 77' lang='grc' dir='ltr'><strong><em>δὴ</em></strong></span> <span class='ocrx_word' id='word_1_139' title='bbox 1549 1752 1758 1819; x_wconf 76' lang='grc' dir='ltr'><strong><em>αύτούς</em></strong></span> 
     </span>
     <span class='ocr_line' id='line_1_21' title="bbox 145 1837 1822 1914; baseline -0.001 -19"><span class='ocrx_word' id='word_1_140' title='bbox 145 1838 260 1911; x_wconf 75' lang='grc' dir='ltr'><strong><em>ἅμα</em></strong></span> <span class='ocrx_word' id='word_1_141' title='bbox 290 1851 406 1904; x_wconf 80' lang='grc' dir='ltr'><strong><em>τοῖς</em></strong></span> <span class='ocrx_word' id='word_1_142' title='bbox 449 1837 594 1912; x_wconf 75' lang='grc' dir='ltr'><strong><em>ἀμφὶ</em></strong></span> <span class='ocrx_word' id='word_1_143' title='bbox 632 1837 734 1894; x_wconf 79' lang='grc' dir='ltr'><strong><em>τὸν</em></strong></span> <span class='ocrx_word' id='word_1_144' title='bbox 765 1838 1067 1911; x_wconf 84' lang='grc' dir='ltr'><strong><em>Πάμφιλον</em></strong></span> <span class='ocrx_word' id='word_1_145' title='bbox 1108 1839 1511 1911; x_wconf 80' lang='grc' dir='ltr'><strong><em>δεδηλωμένοις</em></strong></span> <span class='ocrx_word' id='word_1_146' title='bbox 1551 1843 1627 1914; x_wconf 80' lang='grc' dir='ltr'><strong><em>τῷ</em></strong></span> <span class='ocrx_word' id='word_1_147' title='bbox 1670 1842 1756 1894; x_wconf 83' lang='grc' dir='ltr'><strong><em>δι-</em></strong></span> <span class='ocrx_word' id='word_1_148' title='bbox 1778 1861 1822 1893; x_wconf 82' lang='lat'><strong><em>20</em></strong></span> 
     </span>
     <span class='ocr_line' id='line_1_22' title="bbox 146 1921 1759 1997; baseline 0 -18"><span class='ocrx_word' id='word_1_149' title='bbox 146 1928 326 1997; x_wconf 81' lang='grc' dir='ltr'><strong><em>καστῇ</em></strong></span> <span class='ocrx_word' id='word_1_150' title='bbox 381 1923 778 1995; x_wconf 80' lang='grc' dir='ltr'><strong><em>προσάγουσιν.</em></strong></span> <span class='ocrx_word' id='word_1_151' title='bbox 861 1927 910 1979; x_wconf 81' lang='grc'><strong><em>8.</em></strong></span> <span class='ocrx_word' id='word_1_152' title='bbox 967 1921 1030 1989; x_wconf 81' lang='grc' dir='ltr'><strong><em>ὃς</em></strong></span> <span class='ocrx_word' id='word_1_153' title='bbox 1084 1925 1176 1979; x_wconf 86' lang='grc' dir='ltr'><strong><em>καὶ</em></strong></span> <span class='ocrx_word' id='word_1_154' title='bbox 1229 1927 1454 1997; x_wconf 76' lang='grc' dir='ltr'><strong><em>πρῶτον</em></strong></span> <span class='ocrx_word' id='word_1_155' title='bbox 1494 1928 1590 1995; x_wconf 84' lang='grc' dir='ltr'><strong><em>τῆς</em></strong></span> <span class='ocrx_word' id='word_1_156' title='bbox 1641 1926 1759 1979; x_wconf 75' lang='grc' dir='ltr'><strong><em>τῶν</em></strong></span> 
     </span>
     <span class='ocr_line' id='line_1_23' title="bbox 150 2004 1758 2081; baseline -0.002 -15"><span class='ocrx_word' id='word_1_157' title='bbox 150 2014 482 2079; x_wconf 80' lang='grc' dir='ltr'><strong><em>Αἰγυπτίων</em></strong></span> <span class='ocrx_word' id='word_1_158' title='bbox 523 2004 947 2081; x_wconf 82' lang='grc' dir='ltr'><strong><em>άκαταμαχήτου</em></strong></span> <span class='ocrx_word' id='word_1_159' title='bbox 991 2007 1299 2074; x_wconf 86' lang='grc' dir='ltr'><strong><em>ἐνστάσεως</em></strong></span> <span class='ocrx_word' id='word_1_160' title='bbox 1341 2013 1623 2074; x_wconf 90' lang='grc' dir='ltr'><strong><em>παντοίοις</em></strong></span> <span class='ocrx_word' id='word_1_161' title='bbox 1653 2013 1758 2078; x_wconf 87' lang='grc' dir='ltr'><strong><em>βα-</em></strong></span> 
     </span>
     <span class='ocr_line' id='line_1_24' title="bbox 147 2093 1759 2166; baseline -0.002 -16"><span class='ocrx_word' id='word_1_162' title='bbox 147 2093 337 2150; x_wconf 89' lang='grc' dir='ltr'><strong><em>σάνων</em></strong></span> <span class='ocrx_word' id='word_1_163' title='bbox 369 2097 568 2165; x_wconf 73' lang='grc' dir='ltr'><strong><em>εἴδεσι,</em></strong></span> <span class='ocrx_word' id='word_1_164' title='bbox 613 2097 880 2166; x_wconf 77' lang='grc' dir='ltr'><strong><em>μηχανῶν</em></strong></span> <span class='ocrx_word' id='word_1_165' title='bbox 918 2115 978 2149; x_wconf 90' lang='grc' dir='ltr'><strong><em>τε</em></strong></span> <span class='ocrx_word' id='word_1_166' title='bbox 1008 2093 1185 2160; x_wconf 80' lang='grc' dir='ltr'><strong><em>ξένων</em></strong></span> <span class='ocrx_word' id='word_1_167' title='bbox 1215 2093 1310 2148; x_wconf 87' lang='grc' dir='ltr'><strong><em>καὶ</em></strong></span> <span class='ocrx_word' id='word_1_168' title='bbox 1339 2098 1606 2150; x_wconf 85' lang='grc' dir='ltr'><strong><em>ποικίλων</em></strong></span> <span class='ocrx_word' id='word_1_169' title='bbox 1640 2094 1759 2147; x_wconf 86' lang='grc' dir='ltr'><strong><em>ε’πι-</em></strong></span> 
     </span>
     <span class='ocr_line' id='line_1_25' title="bbox 148 2174 1759 2251; baseline -0.001 -17"><span class='ocrx_word' id='word_1_170' title='bbox 148 2183 329 2244; x_wconf 89' lang='grc' dir='ltr'><strong><em>νοίαις</em></strong></span> <span class='ocrx_word' id='word_1_171' title='bbox 370 2190 574 2251; x_wconf 80' lang='grc' dir='ltr'><strong><em>πεῖραν</em></strong></span> <span class='ocrx_word' id='word_1_172' title='bbox 613 2175 898 2251; x_wconf 88' lang='grc' dir='ltr'><strong><em>λαμβάνει.</em></strong></span> <span class='ocrx_word' id='word_1_173' title='bbox 958 2176 1057 2234; x_wconf 80' lang='grc' dir='ltr'><strong><em>τὸν</em></strong></span> <span class='ocrx_word' id='word_1_174' title='bbox 1086 2177 1192 2251; x_wconf 74' lang='grc' dir='ltr'><strong><em>μὲν</em></strong></span> <span class='ocrx_word' id='word_1_175' title='bbox 1222 2174 1544 2251; x_wconf 84' lang='grc' dir='ltr'><strong><em>προήγορον</em></strong></span> <span class='ocrx_word' id='word_1_176' title='bbox 1575 2175 1759 2232; x_wconf 78' lang='grc' dir='ltr'><strong><em>ἁπάν-</em></strong></span> 
     </span>
     <span class='ocr_line' id='line_1_26' title="bbox 147 2261 1820 2336; baseline -0.002 -17"><span class='ocrx_word' id='word_1_177' title='bbox 147 2286 258 2319; x_wconf 93' lang='grc' dir='ltr'><strong><em>των</em></strong></span> <span class='ocrx_word' id='word_1_178' title='bbox 297 2262 511 2328; x_wconf 89' lang='grc' dir='ltr'><strong><em>τούτοις</em></strong></span> <span class='ocrx_word' id='word_1_179' title='bbox 551 2261 908 2336; x_wconf 85' lang='grc' dir='ltr'><strong><em>έγγυμνάσας</em></strong></span> <span class='ocrx_word' id='word_1_180' title='bbox 946 2275 1064 2328; x_wconf 81' lang='grc' dir='ltr'><strong><em>τοῖς</em></strong></span> <span class='ocrx_word' id='word_1_181' title='bbox 1104 2261 1298 2328; x_wconf 76' lang='grc' dir='ltr'><strong><em>ἄθλοις</em></strong></span> <span class='ocrx_word' id='word_1_182' title='bbox 1339 2268 1422 2328; x_wconf 91' lang='grc' dir='ltr'><strong><em>τίς</em></strong></span> <span class='ocrx_word' id='word_1_183' title='bbox 1465 2270 1551 2334; x_wconf 87' lang='grc' dir='ltr'><strong><em>εἰή</em></strong></span> <span class='ocrx_word' id='word_1_184' title='bbox 1593 2266 1753 2335; x_wconf 78' lang='grc' dir='ltr'><strong><em>πρῶ-</em></strong></span> <span class='ocrx_word' id='word_1_185' title='bbox 1778 2282 1820 2316; x_wconf 81' lang='lat'><strong><em>25</em></strong></span> 
     </span>
     <span class='ocr_line' id='line_1_27' title="bbox 149 2345 1759 2421; baseline 0 -18"><span class='ocrx_word' id='word_1_186' title='bbox 149 2369 246 2404; x_wconf 91' lang='grc' dir='ltr'><strong><em>τον</em></strong></span> <span class='ocrx_word' id='word_1_187' title='bbox 274 2345 493 2419; x_wconf 78' lang='grc' dir='ltr'><strong><em>ἠρώτα,</em></strong></span> <span class='ocrx_word' id='word_1_188' title='bbox 548 2345 648 2403; x_wconf 82' lang='grc' dir='ltr'><strong><em>εἶτ’</em></strong></span> <span class='ocrx_word' id='word_1_189' title='bbox 694 2345 821 2404; x_wconf 78' lang='grc' dir='ltr'><strong><em>ἀντὶ</em></strong></span> <span class='ocrx_word' id='word_1_190' title='bbox 860 2352 963 2404; x_wconf 83' lang='grc' dir='ltr'><strong><em>τοῦ</em></strong></span> <span class='ocrx_word' id='word_1_191' title='bbox 998 2353 1201 2421; x_wconf 88' lang='grc' dir='ltr'><strong><em>κυρίου</em></strong></span> <span class='ocrx_word' id='word_1_192' title='bbox 1234 2345 1507 2420; x_wconf 87' lang='grc' dir='ltr'><strong><em>ὀνόματος</em></strong></span> <span class='ocrx_word' id='word_1_193' title='bbox 1536 2368 1759 2420; x_wconf 84' lang='grc' dir='ltr'><strong><em>προφη-</em></strong></span> 
     </span>
     <span class='ocr_line' id='line_1_28' title="bbox 147 2429 1758 2507; baseline 0 -20"><span class='ocrx_word' id='word_1_194' title='bbox 147 2431 302 2488; x_wconf 89' lang='grc' dir='ltr'><strong><em>τικόν</em></strong></span> <span class='ocrx_word' id='word_1_195' title='bbox 330 2453 382 2487; x_wconf 93' lang='grc' dir='ltr'><strong><em>τι</em></strong></span> <span class='ocrx_word' id='word_1_196' title='bbox 406 2431 722 2497; x_wconf 81' lang='grc' dir='ltr'><strong><em>ἐπακούσας</em></strong></span> <span class='ocrx_word' id='word_1_197' title='bbox 749 2465 822 2472; x_wconf 92' lang='lat'><strong><em>--</em></strong></span> <span class='ocrx_word' id='word_1_198' title='bbox 850 2436 1015 2488; x_wconf 82' lang='grc' dir='ltr'><strong><em>τοῦτο</em></strong></span> <span class='ocrx_word' id='word_1_199' title='bbox 1040 2432 1103 2488; x_wconf 79' lang='grc' dir='ltr'><strong><em>δὲ</em></strong></span> <span class='ocrx_word' id='word_1_200' title='bbox 1126 2430 1268 2507; x_wconf 85' lang='grc' dir='ltr'><strong><em>πρὸς</em></strong></span> <span class='ocrx_word' id='word_1_201' title='bbox 1300 2429 1493 2489; x_wconf 76' lang='grc' dir='ltr'><strong><em>αὐτῶν</em></strong></span> <span class='ocrx_word' id='word_1_202' title='bbox 1526 2434 1758 2504; x_wconf 84' lang='grc' dir='ltr'><strong><em>ἐγίνετο,</em></strong></span> 
     </span>
     <span class='ocr_line' id='line_1_29' title="bbox 148 2514 1727 2590; baseline 0.001 -18"><span class='ocrx_word' id='word_1_203' title='bbox 148 2515 276 2573; x_wconf 83' lang='grc' dir='ltr'><strong><em>ἀντὶ</em></strong></span> <span class='ocrx_word' id='word_1_204' title='bbox 305 2520 420 2572; x_wconf 75' lang='grc' dir='ltr'><strong><em>τῶν</em></strong></span> <span class='ocrx_word' id='word_1_205' title='bbox 460 2515 746 2590; x_wconf 78' lang='grc' dir='ltr'><strong><em>πατρόθεν</em></strong></span> <span class='ocrx_word' id='word_1_206' title='bbox 790 2514 983 2582; x_wconf 75' lang='grc' dir='ltr'><strong><em>αὐτοῖς</em></strong></span> <span class='ocrx_word' id='word_1_207' title='bbox 1026 2517 1551 2590; x_wconf 86' lang='grc' dir='ltr'><strong><em>ε’πιπεφημισμένων</em></strong></span> <span class='ocrx_word' id='word_1_208' title='bbox 1593 2520 1727 2573; x_wconf 84' lang='grc' dir='ltr'><strong><em>εἰδω</em></strong></span> 
     </span>
     <span class='ocr_line' id='line_1_30' title="bbox 150 2599 1760 2674; baseline -0.002 -16"><span class='ocrx_word' id='word_1_209' title='bbox 150 2606 322 2658; x_wconf 75' lang='grc' dir='ltr'><strong><em>λικιόν</em></strong></span> <span class='ocrx_word' id='word_1_210' title='bbox 351 2599 560 2672; x_wconf 82' lang='grc' dir='ltr'><strong><em>ὄντων,</em></strong></span> <span class='ocrx_word' id='word_1_211' title='bbox 603 2606 657 2658; x_wconf 80' lang='grc' dir='ltr'><strong><em>εἰ</em></strong></span> <span class='ocrx_word' id='word_1_212' title='bbox 682 2600 869 2674; x_wconf 90' lang='grc' dir='ltr'><strong><em>τύχοι,</em></strong></span> <span class='ocrx_word' id='word_1_213' title='bbox 909 2599 1382 2674; x_wconf 80' lang='grc' dir='ltr'><strong><em>μετατεθεικότων</em></strong></span> <span class='ocrx_word' id='word_1_214' title='bbox 1415 2603 1633 2667; x_wconf 76' lang='grc' dir='ltr'><strong><em>ἑαυτοῖς</em></strong></span> <span class='ocrx_word' id='word_1_215' title='bbox 1661 2599 1760 2665; x_wconf 74' lang='grc' dir='ltr'><strong><em>τὰς</em></strong></span> 
     </span>
     <span class='ocr_line' id='line_1_31' title="bbox 150 2684 1825 2760; baseline -0.002 -18"><span class='ocrx_word' id='word_1_216' title='bbox 150 2691 556 2759; x_wconf 82' lang='grc' dir='ltr'><strong><em>προσηγορίας·</em></strong></span> <span class='ocrx_word' id='word_1_217' title='bbox 584 2684 780 2744; x_wconf 86' lang='grc' dir='ltr'><strong><em>Ἠλίαν</em></strong></span> <span class='ocrx_word' id='word_1_218' title='bbox 811 2690 955 2758; x_wconf 78' lang='grc' dir='ltr'><strong><em>γοῦν</em></strong></span> <span class='ocrx_word' id='word_1_219' title='bbox 985 2687 1079 2742; x_wconf 89' lang='grc' dir='ltr'><strong><em>καὶ</em></strong></span> <span class='ocrx_word' id='word_1_220' title='bbox 1103 2685 1376 2760; x_wconf 85' lang='grc' dir='ltr'><strong><em>Ἱερεμίαν</em></strong></span> <span class='ocrx_word' id='word_1_221' title='bbox 1406 2687 1500 2742; x_wconf 86' lang='grc' dir='ltr'><strong><em>καὶ</em></strong></span> <span class='ocrx_word' id='word_1_222' title='bbox 1523 2684 1761 2743; x_wconf 84' lang='grc' dir='ltr'><strong><em>Ἡσαΐαν</em></strong></span> <span class='ocrx_word' id='word_1_223' title='bbox 1784 2706 1825 2739; x_wconf 86' lang='lat'><strong><em>30</em></strong></span> 
     </span>
     <span class='ocr_line' id='line_1_32' title="bbox 154 2767 1761 2844; baseline -0.002 -16"><span class='ocrx_word' id='word_1_224' title='bbox 154 2794 213 2828; x_wconf 92' lang='grc' dir='ltr'><strong><em>τε</em></strong></span> <span class='ocrx_word' id='word_1_225' title='bbox 243 2772 336 2826; x_wconf 83' lang='grc' dir='ltr'><strong><em>καὶ</em></strong></span> <span class='ocrx_word' id='word_1_226' title='bbox 369 2767 641 2844; x_wconf 77' lang='grc' dir='ltr'><strong><em>Σαμουὴλ</em></strong></span> <span class='ocrx_word' id='word_1_227' title='bbox 682 2772 776 2827; x_wconf 86' lang='grc' dir='ltr'><strong><em>καὶ</em></strong></span> <span class='ocrx_word' id='word_1_228' title='bbox 809 2770 1027 2844; x_wconf 82' lang='grc' dir='ltr'><strong><em>Δανιὴλ</em></strong></span> <span class='ocrx_word' id='word_1_229' title='bbox 1066 2769 1266 2843; x_wconf 83' lang='grc' dir='ltr'><strong><em>ἤκουες</em></strong></span> <span class='ocrx_word' id='word_1_230' title='bbox 1309 2769 1383 2827; x_wconf 78' lang='grc' dir='ltr'><strong><em>ὅὶν</em></strong></span> <span class='ocrx_word' id='word_1_231' title='bbox 1415 2769 1606 2826; x_wconf 76' lang='grc' dir='ltr'><strong><em>αὐτῶν</em></strong></span> <span class='ocrx_word' id='word_1_232' title='bbox 1641 2771 1761 2824; x_wconf 84' lang='grc' dir='ltr'><strong><em>ε’πι-</em></strong></span> 
     </span>
     <span class='ocr_line' id='line_1_33' title="bbox 151 2852 1760 2932; baseline -0.002 -20"><span class='ocrx_word' id='word_1_233' title='bbox 151 2857 554 2928; x_wconf 87' lang='grc' dir='ltr'><strong><em>γραφομένων,</em></strong></span> <span class='ocrx_word' id='word_1_234' title='bbox 599 2857 693 2911; x_wconf 86' lang='grc' dir='ltr'><strong><em>καὶ</em></strong></span> <span class='ocrx_word' id='word_1_235' title='bbox 736 2855 836 2913; x_wconf 85' lang='grc' dir='ltr'><strong><em>τὸν</em></strong></span> <span class='ocrx_word' id='word_1_236' title='bbox 868 2858 928 2912; x_wconf 85' lang='grc' dir='ltr'><strong><em>έν</em></strong></span> <span class='ocrx_word' id='word_1_237' title='bbox 958 2862 1190 2932; x_wconf 74' lang='grc' dir='ltr'><strong><em>κρυπτῷ</em></strong></span> <span class='ocrx_word' id='word_1_238' title='bbox 1217 2855 1496 2913; x_wconf 78' lang='grc' dir='ltr'><strong><em>Ἰουδαῖον</em></strong></span> <span class='ocrx_word' id='word_1_239' title='bbox 1526 2852 1760 2926; x_wconf 85' lang='grc' dir='ltr'><strong><em>γνήσιόν</em></strong></span> 
     </span>
    </p>
   </div>
  </div>
 </body>
</html>
