1986 3152
524 117 680 157 fflsT.
712 115 962 159 ECCLES.
994 115 1096 155 vn.
1130 117 1310 159 28-30.
1596 113 1727 168 ,333

124 251 271 290 στων
309 230 458 288 ὅσων
502 229 817 288 ἐπισκόπων
857 229 1102 288 συνόδου
1142 234 1429 305 φωραθεὶς
1470 235 1561 289 καὶ
1593 232 1728 305 πρὸς

124 313 386 374 ἁπάντων
438 314 544 388 ἤδη
597 321 786 388 σαφῶς
840 317 1258 387 καταγνωσθεὶς
1304 319 1654 390 ἑτεροδοξίαν
1699 314 1727 374 ὃ

122 407 218 471 τῆς
250 400 386 456 κατὰ
412 397 745 472 Ἀντιόχειαν
777 404 1037 470 αἱρέσεως
1080 397 1316 472 ἀρχηγός
1356 404 1451 473 τῆς
1492 397 1601 458 ὑπὸ
1632 401 1729 459 τὸν

125 482 370 555 οὐρανὸν
401 488 703 555 καθολικῆς
737 488 1027 557 ἐκκλησίας
1047 480 1497 557 ἀποκηρύττεται.
1541 490 1588 541 2.
1622 485 1730 558 μά-

127 578 284 626 λιστα
329 567 378 625 δ’
432 565 602 625 αὐτὸν
647 568 893 634 εὐθύνας
948 570 1426 641 ἐπικρυπτόμενον
1480 567 1772 641 διήλεγξε5

126 658 427 725 ιΜαλχίων,
473 649 616 725 ἀνὴρ
662 651 726 708 τά
771 676 831 708 τε
861 652 1001 708 ἄλλα
1041 651 1220 723 λόγιος
1262 655 1353 709 καὶ
1400 652 1592 726 σοφὸς,
1638 659 1733 726 τῆς

126 741 238 794 τῶν
267 734 355 793 ἐπ’
385 734 714 809 Ἀντιοχείας
735 735 1072 807 Ἑλληνικῶν
1093 743 1505 809 παιδευτηρίων
1530 744 1732 812 διατρι-

132 825 234 894 βῆς
264 820 572 894 προεστώς,
614 819 682 876 οὐ
712 818 822 892 μὴν
852 817 991 875 ἄλλα
1023 821 1112 875 καὶ
1157 819 1232 875 δι’
1269 817 1734 892 ὑπερβάλλουσαν

129 910 225 976 τῆς
270 910 347 970 εἰς
389 902 634 976 Χριστὸν
674 912 910 971 πίστεως
956 901 1288 975 γνησιότητα
1330 912 1736 977 πρεσβυτερίου

129 992 227 1060 τῆς
259 987 460 1045 αὐτόθι
501 994 789 1059 παροικίας
821 986 1145 1060 ἠξιωμένος·
1190 980 1348 1054 οὗτός
1386 992 1453 1060 γέ
1492 1013 1574 1046 τοι
1617 993 1733 1046 ἐπι-
1759 1010 1798 1041 10

131 1075 550 1145 σημειουμένων
588 1072 960 1145 ταχυγράφων
1002 1071 1224 1144 ζήτησιν
1263 1071 1399 1145 πρὸς
1439 1072 1610 1130 αὐτὸν
1652 1078 1736 1130 ἐν-

128 1156 500 1230 στησάμενος,
541 1153 611 1227 ἢν
640 1158 731 1213 καὶ
766 1163 842 1223 εἰς
875 1162 1042 1229 δεῦρο
1074 1159 1390 1230 φερομένην
1422 1167 1600 1230 ἴσμεν,
1642 1158 1736 1230 μό-

130 1266 223 1308 νος
256 1250 450 1313 ἴσχυσε
481 1245 593 1296 τῶν
624 1238 808 1297 ἄλλων
831 1248 1146 1313 κρυψίνουν
1174 1239 1308 1297 ὅντα
1338 1244 1429 1298 καὶ
1454 1241 1737 1315 ἀπατηλὸν

131 1330 387 1398 φωρᾶσαι
418 1323 513 1382 τὸν
544 1322 863 1396 ἄνθρωπον.

257 1421 401 1469 XXX.
456 1420 583 1486 [Nic.
625 1421 681 1469 H.
710 1421 761 1469 Ε.
792 1421 878 1477 VI,
920 1417 1003 1469 29.
1033 1417 1143 1485 30.]
1221 1415 1380 1466 Μίαν
1425 1411 1491 1483 δὴ
1534 1402 1636 1467 οὖν
1677 1414 1735 1466 ἐκ
1760 1429 1800 1461 15

131 1500 320 1565 κοινῆς
351 1493 572 1566 γνώμης
602 1499 660 1550 οἱ
687 1495 774 1550 ἐπὶ
806 1492 972 1550 ταύτὸ
1014 1498 1513 1568 συγκεκροτημένοι
1553 1497 1736 1567 ποιμέ-

130 1603 222 1645 νες
266 1576 693 1651 διαχαράξαντες
736 1578 1029 1649 ἐπιστολὴν
1072 1585 1149 1643 εἰς
1190 1578 1490 1651 πρόσωπον
1533 1582 1636 1635 τοῦ
1680 1603 1737 1635 τε

123 1660 403 1736 Ῥωμαίων
435 1661 736 1720 ἐπισκόπου
760 1669 1068 1720 Διονυσίου
1091 1665 1182 1718 καὶ
1209 1667 1468 1736 Μαξίμου
1489 1669 1588 1720 τοῦ
1612 1662 1731 1720 κατ’

130 1746 547 1818 Ἀλεξάνδρειαν
580 1750 670 1803 ἐπὶ
701 1746 880 1812 πάσας
906 1750 1304 1819 διαπέμπονται
1338 1747 1432 1814 τοὶς
1458 1752 1737 1821 ἐπαρχίας,

132 1831 234 1904 τὴν
266 1855 453 1888 αυτων
483 1855 543 1888 τε
573 1829 827 1904 σπουδὴν
858 1845 969 1897 τοῖς
1001 1835 1133 1887 πᾶσι
1156 1831 1408 1904 φανερὰν
1432 1831 1740 1889 καθιστάν·
1762 1850 1804 1881 20

136 1939 252 1987 τες,
307 1917 398 1972 καὶ
438 1919 534 1972 τοῦ
578 1916 811 1973 Παύλου
850 1915 952 1987 τὴν
995 1915 1330 1988 διαστροφον
1375 1919 1741 1989 ἑτεροδοξίαν,
1784 1917 1794 1926 ’

139 2002 396 2073 ἐλέγχους
426 2024 485 2057 τε
517 2003 608 2056 και
643 1999 930 2073 ἐρωτήσεις
961 2025 1024 2066 ας
1055 1999 1190 2074 πρὸς
1216 1999 1388 2057 αυτὸν
1417 1998 1742 2070 ἆνακεκινη-

136 2103 294 2155 κασι,
336 2086 429 2141 καὶ
464 2091 543 2141 ἔτι
571 2084 669 2142 τὸν
699 2083 876 2141 πάντα
908 2090 1035 2155 βίον
1064 2107 1123 2140 τε
1151 2087 1243 2141 καὶ
1280 2084 1486 2157 τρόπον
1515 2088 1612 2142 τοῦ
1642 2109 1738 2141 αν-

138 2167 267 2241 δρὸς
312 2168 695 2241 διηγούμενοι·
747 2172 799 2237 ἐξ
843 2161 923 2226 οἷν
962 2168 1178 2241 μνήμης
1218 2172 1409 2227 ἕνεκεν
1453 2172 1632 2235 καλῶς
1675 2166 1744 2226 ἂν

140 2259 251 2325 ἔχοι
291 2253 493 2320 ταύτας
533 2254 720 2310 αὐτῶν
763 2256 851 2310 ἐπὶ
890 2257 989 2311 τοῦ
1033 2252 1306 2325 παρόντος
1353 2260 1603 2311 διελθεῖν
1645 2253 1739 2319 τὰς
1763 2270 1803 2301 25

138 2336 330 2408 φωνάς
372 2342 420 2395 2.
447 2336 771 2413 “Διονυσίῳ
803 2340 895 2394 καὶ
927 2341 1167 2414 Μαξίμῳ
1209 2341 1303 2395 καὶ
1332 2352 1447 2405 τοῖς
1479 2337 1614 2395 κατα
1645 2336 1745 2409 τὴν

130 2415 504 2493 ε“ὀι’κουμένην
554 2425 690 2478 πᾶσι
733 2429 1180 2494 συλλειτουργοῖς
1222 2418 1382 2496 ἡμῶν
1428 2421 1743 2487 ἐπισκόποις

129 2500 262 2561 “nal
304 2507 696 2578 πρεσβυτέροις
739 2507 830 2561 καὶ
864 2506 1170 2577 διακόνοις,
1213 2509 1305 2563 καὶ
1347 2507 1497 2582 πάσῃ
1540 2513 1605 2577 τῆ
1636 2503 1743 2562 ὑπὸ

128 2588 265 2646 “τόν
295 2588 539 2663 οὐρανὸν
569 2593 841 2663 καθολικῄ
884 2594 1172 2666 ἐκκλησίᾳ,
1205 2588 1429 2657 Ἕλενος
1470 2594 1561 2648 καὶ
1597 2587 1742 2662 ’Τμέ-

130 2669 320 2739 ς’ναιος
373 2675 463 2730 καὶ
519 2673 788 2746 Θεόφιλος
840 2677 931 2731 καὶ
985 2674 1283 2741 Θεότεκνος
1334 2678 1425 2732 καὶ
1471 2674 1741 2746 Μάξιμος,
1766 2690 1807 2721 30

133 2751 450 2831 “dexlog,
497 2764 748 2831 Νικομᾶς
794 2761 885 2815 καὶ
933 2759 1196 2825 Αίλιανός
1243 2762 1335 2816 καὶ
1381 2762 1606 2823 Παῦλος
1651 2760 1741 2812 καὶ

131 2836 433 2909 ((Βωλανός
478 2844 569 2899 καὶ
611 2845 976 2916 Πρωτογένης
1017 2846 1108 2901 καὶ
1140 2843 1311 2917 Ἱέραξ
1353 2846 1443 2900 καὶ
1475 2839 1744 2914 Εὐτύχιος
