1986 3152
562 101 718 142 HIST.
749 101 997 145 ECCLES.
1027 102 1129 143 VII.
1167 104 1292 143 7-9,
1637 101 1741 153 303

113 216 441 290 “προσῆλθέ
474 211 566 290 μοι
606 222 816 275 κλαίων
855 218 946 274 καὶ
987 220 1357 290 καταθρηνῶν
1400 216 1600 276 ἑαυτὸν
1647 219 1738 275 καὶ

113 300 371 359 “πίπτων
401 301 507 373 πρὸ
537 304 648 358 τῶν
689 307 880 359 ποδῶν
917 326 1059 375 μου,
1104 301 1597 376 ἐξομολογούμενος
1639 303 1741 375 μὲν

115 383 246 444 “noel
278 386 643 459 ἐξομνύμενος
690 384 749 443 τὸ
782 387 1090 459 βάπτισμα,
1137 384 1168 443 ὃ
1208 387 1356 459 παρὰ
1387 401 1503 453 τοῖς
1535 392 1742 458 αἱρετι-

115 468 272 536 “κοῖς
302 469 656 542 βεβάπτιστο,
688 470 762 543 μὴ
790 474 1043 527 τοιοῦτον
1068 470 1231 542 εἶναι,
1262 471 1404 543 μηδὲ
1427 470 1571 536 ὅλως
1596 477 1742 543 ἔχειν

114 553 276 612 “τινα
307 555 442 628 πρὸς
473 557 633 612 τοῦτο
658 561 982 612 κοινωνίαν·
1015 552 1272 627 ἀσεβείας
1303 554 1409 627 γὰρ
1444 558 1624 612 ἐκεῖνο
1649 558 1740 612 καὶ
1764 577 1784 610 5

114 635 523 712 “βλασφημιῶν
568 644 985 712 πεπληρῶσθαι.
1079 644 1126 695 3.
1176 642 1353 711 λέγων
1398 641 1458 696 δὲ
1500 638 1651 696 πάνυ
1689 663 1741 696 τι

114 719 252 796 “miv
282 722 469 796 ψυχὴν
498 726 608 780 νῦν
638 723 1079 795 κατανενύχθαι,
1122 725 1213 779 καὶ
1255 724 1395 796 μηδὲ
1425 729 1743 797 παρρησίαν

113 806 300 881 “ἐ’χειν
341 810 538 879 ἐπᾶραι
577 806 708 871 τοὺς
747 803 1074 879 ὀφθαλμούς
1115 805 1251 877 πρὸς
1292 808 1389 863 τὸν
1418 806 1588 878 θεὸν,
1633 805 1740 864 άπὸ

113 887 261 948 “τῶν
301 887 544 948 ἀνοσίων
584 894 815 947 ἐκείνων
860 889 1122 963 ῥημάτων
1151 893 1244 946 καὶ
1276 888 1616 963 πραγμάτων
1645 890 1738 961 ὁρ-

111 972 424 1048 “μώμενος·
457 977 549 1031 καὶ
570 972 662 1031 διὰ
685 977 844 1031 τοῦτο
871 974 1129 1047 δεόμενος
1154 979 1250 1046 τῆς
1276 973 1740 1048 εἰλικρινεστάτης
1764 999 1804 1031 ιο

111 1058 350 1132 “ταυ’της
368 1058 694 1130 καθάρσεως
718 1061 809 1116 καὶ
826 1062 1144 1133 παραδοχῆς
1168 1061 1259 1116 καὶ
1284 1058 1503 1132 χάριτος
1527 1073 1734 1133 τυχεῖν.

113 1141 198 1201 “4.
253 1141 391 1217 ὅπερ
446 1142 551 1216 ἐγώ
603 1144 706 1216 μὲν
757 1142 861 1200 οὐκ
915 1142 1185 1217 ἐτόλμησα
1237 1147 1491 1216 ποιῆσαι,
1554 1143 1739 1216 φήσας

109 1225 396 1301 “αὐτάρκη
427 1226 530 1300 τῆν
559 1227 930 1302 πολυχρόνιον
962 1225 1111 1304 αὐτῷ
1144 1234 1448 1286 κοινωνίαν
1473 1234 1554 1293 εἰς
1579 1231 1739 1285 τοῦτο

111 1309 454 1385 ’ργεγονέναί
511 1309 860 1386 εὐχαριστίας
889 1311 997 1386 γὰρ
1030 1311 1449 1384 ἐπακούσαντα,
1482 1315 1574 1368 καὶ
1606 1330 1739 1370 συν-

109 1395 634 1470 “επιφθεγξάμενον
663 1396 723 1453 τὸ
758 1393 926 1469 ἀμὴν,
958 1399 1050 1454 καὶ
1083 1399 1319 1471 τραπέζῃ
1359 1395 1736 1468 παραστάντα,
1761 1417 1802 1451 15

107 1480 243 1539 “καὶ
284 1496 470 1555 χεῖρας
514 1487 590 1548 εἰς
628 1477 916 1554 ὑποδοχὴν
954 1487 1050 1554 τῆς
1092 1480 1252 1554 ἁγίας
1281 1484 1488 1554 τροφῆς
1518 1487 1741 1552 προτεί-

111 1563 343 1637 “vav-coc,
375 1569 468 1623 καὶ
497 1564 705 1639 ταύτην
735 1564 1197 1640 καταδεξάμενον,
1237 1569 1330 1622 καὶ
1358 1571 1457 1622 τοῦ
1488 1564 1739 1639 σώματος

109 1647 239 1708 “καὶ
280 1656 378 1708 τοῦ
419 1655 646 1723 αἵματος
684 1654 784 1707 τοῦ
826 1658 1024 1723 κυρίου
1078 1647 1236 1724 ἡμῶν
1271 1647 1455 1723 Ἰησοῦ
1496 1653 1740 1723 Χριστοῦ

110 1731 489 1809 “μετασχόντα
530 1738 702 1812 ἱκανῷ
745 1733 955 1810 χρόνῳ,
998 1731 1100 1792 οὐκ
1131 1730 1202 1792 ἂν
1234 1738 1287 1802 ἐξ
1317 1734 1576 1807 ὑπαρχῆς
1606 1733 1740 1791 ἀνα-

108 1818 434 1924 ἶσκευάζειν
465 1825 544 1876 ἔτι
573 1819 926 1892 τολμήσαιμι
970 1830 1212 1892 θαρσεῖν
1242 1820 1303 1876 δὲ
1335 1821 1611 1891 ἐκέλευον,
1644 1820 1735 1874 καὶ
1759 1841 1802 1873 20

110 1902 282 2004 :perde
319 1909 551 1976 βεβαίας
589 1911 824 1970 πίστεως
864 1905 957 1960 καὶ
998 1901 1215 1976 ἀγαθῆς
1256 1901 1632 1974 συνειδήσεως
1671 1907 1737 1976 τῇ

107 1984 348 2091 ἱζμετοχῇ
391 2012 504 2046 των
534 1984 711 2061 ἁγίων
741 1989 1041 2060 προσιέναι.
1142 1984 1213 2045 .ὁ
1247 1989 1309 2045 δε
1348 1985 1478 2044 οὔτε
1508 1990 1740 2045 πενθων

107 2071 410 2144 “παυέται,
463 2075 703 2146 πέφρικέ
749 2096 808 2129 τε
862 2078 928 2146 τῇ
980 2075 1217 2146 τραπέζῃ
1269 2074 1584 2142 προσιέναι,
1646 2073 1739 2128 καὶ

110 2156 304 2230 “μόλις
345 2156 835 2259 παρακαλούμενος
880 2155 1216 2215 συνεστάναι
1255 2171 1375 2223 ταῖς
1406 2169 1738 2229 προσευχαῖς

108 2239 446 2315 “οἰνέχεται.”
531 2247 578 2299 6.
623 2244 712 2299 ἐπὶ
750 2255 871 2307 ταῖς
923 2244 1346 2315 προειρημέναις
1386 2243 1620 2314 φέρεταί
1657 2264 1738 2306 τις
1760 2259 1802 2292 25

118 2328 210 2382 καὶ
240 2324 378 2398 ἄλλη
417 2330 516 2384 τοῦ
556 2323 728 2383 αὐτοῦ
770 2328 898 2399 περὶ
939 2332 1311 2399 βαπτίσματος
1354 2323 1639 2397 ἐπιστολὴ,
1685 2327 1738 2391 ἐξ

119 2407 292 2467 αυτοῦ
330 2411 420 2466 καὶ
458 2402 524 2482 ῆς
560 2406 749 2482 ἡγεῖτο
787 2417 1079 2484 παροικίας
1117 2409 1314 2487 Ξύστω
1353 2412 1448 2467 καὶ
1488 2412 1556 2483 τῆ
1602 2433 1739 2466 κατα

112 2489 321 2568 Ρωμην
353 2496 614 2570 ἐκκλησίᾳ
644 2498 1192 2567 προσπεφωνημένη,
1233 2497 1293 2554 ἐν
1321 2486 1358 2568 ἧ
1390 2492 1481 2550 δια
1524 2497 1738 2566 μακρᾶς

119 2577 454 2647 ἀποδείξεως
484 2578 582 2636 τόν
618 2581 746 2649 περὶ
776 2585 873 2636 τοῦ
902 2578 1271 2652 ὑποκειμένου
1303 2577 1600 2652 ζητήματος
1630 2599 1739 2634 πα-

121 2670 358 2734 ρατείνει
387 2661 568 2735 λόγον.
631 2665 723 2720 καὶ
761 2660 899 2735 ἄλλη
931 2664 999 2720 δέ
1036 2687 1116 2729 τις
1157 2661 1329 2720 αὐτοῦ
1359 2662 1494 2736 μετὰ
1532 2660 1734 2725 ταύτας
1758 2680 1802 2711 30

119 2749 342 2822 φέρεται
386 2746 521 2821 πρὸς
562 2745 659 2806 τὸν
709 2746 847 2804 κατὰ
879 2746 1092 2821 Ῥώμην
1136 2745 1472 2819 Διονύσιον,
1525 2743 1559 2818 ἡ
1610 2746 1737 2815 περὶ

120 2834 455 2890 Λουκιανοῦ.
517 2834 606 2890 καὶ
640 2834 769 2905 περὶ
800 2833 902 2905 μὲν
931 2830 1145 2890 τούτων
1174 2835 1428 2890 τοσαῦτα.
