1986 3152
262 114 364 166 273
939 111 1186 152 EUSEBII

261 231 480 286 Κέλσου
539 233 636 283 τοῦ
682 225 1065 325 Ἐπικουρείου
1123 221 1310 298 ἀληθῆ
1359 225 1525 298 λόγον
1577 225 1720 284 ὀκτώ
1772 226 1872 286 τὸν

260 311 503 383 ἀριθμὸν
553 329 950 383 συγγραμματα
1002 307 1320 381 συντάττει,
1375 313 1466 367 καὶ
1517 310 1645 377 τοὺς
1691 317 1768 378 εἰς
1807 309 1868 368 τό

259 419 395 452 κατα
420 403 723 451 Ματθαϊον
756 391 1079 466 εὐαγγέλιον
1105 402 1277 450 εἰκοσι
1303 395 1466 451 πέντε
1487 393 1705 468 τόμους,
1737 395 1871 461 τούς

259 502 316 535 τε
349 485 424 545 είς
456 477 583 545 τούς
616 476 834 534 δώδεκα
866 475 1180 549 προφήτας,
1223 474 1321 548 ἀφ’
1360 470 1438 534 ὠν
1469 477 1674 550 μόνους
1705 476 1870 550 ηὕρο-

216 578 362 636 5μεν
414 566 576 620 πέντε
625 564 716 618 καὶ
765 571 950 618 εἰκοσι.
1021 563 1245 635 φέρεται
1288 562 1349 618 δε
1389 561 1562 619 αὐτοῦ
1603 565 1694 619 καὶ
1735 561 1871 636 πρὸς

259 644 428 703 αὐτὸν
482 648 710 718 βασιλέα
753 653 1036 704 Φίλιππον
1078 644 1362 718 ἐπιστολὴ,
1417 648 1508 702 καὶ
1551 646 1688 719 ἄλλη
1734 646 1872 719 πρὸς

255 731 357 802 τὴν
407 730 608 788 τούτου
660 730 901 803 γαμετὴν
943 729 1236 803 Σεβήραν,
1297 728 1561 805 διάφοροί
1608 753 1666 787 τε
1710 730 1873 787 ἄλλαι

261 813 396 886 πρὸς
440 814 770 887 διαφόρους,
816 806 895 871 οἷν
935 813 1141 881 ὁπόσας
1182 813 1471 887 σποράδην
1500 812 1648 887 παρὰ
1680 815 1873 887 διαφό-

258 923 374 972 ροις
427 905 703 965 σωθείσας
756 913 1095 971 συναγαγεῖν
1149 897 1538 971 δεδυνήμεθα,
1593 902 1652 955 ἐν
1705 904 1873 965 ἰδίαις

198 998 238 1030 10
261 981 447 1055 τόμων
498 997 896 1056 περιγραφαῖς,
951 981 1023 1049 ὡς
1076 979 1147 1038 ἂν
1198 985 1386 1054 μηκέτι
1439 988 1871 1056 διαρρίπτοιντο,

257 1069 647 1140 κατελέξαμεν,
708 1065 805 1123 τὸν
865 1065 1063 1146 ἑκατόν
1116 1064 1357 1140 ἀριθμὸν
1407 1065 1870 1139 ὑπερβαινούσας.

257 1155 305 1207 4.
338 1150 540 1224 γράφει
573 1152 635 1207 δὲ
666 1153 753 1207 καὶ
785 1154 1049 1226 Φαβιανῷ
1080 1154 1155 1225 τῷ
1181 1148 1318 1207 κατα
1334 1149 1547 1223 Ῥώμην
1571 1150 1872 1227 ἐπισκόπω,

260 1237 462 1306 ἑτέροις
501 1258 561 1291 τε
601 1240 875 1300 πλείστοις
917 1235 1184 1307 ἄρχουσιν
1233 1237 1566 1306 ἐκκλησιῶν,
1607 1237 1735 1308 περὶ
1779 1237 1874 1306 τῆς

258 1315 379 1374 κατ’
415 1318 586 1375 αὐτὸν
626 1317 971 1391 ὀρθοδοξίας.
1042 1324 1177 1390 ἔχεις
1220 1320 1310 1374 καὶ
1351 1316 1565 1375 τούτων
1603 1317 1698 1384 τὰς
1740 1315 1875 1375 ἄπο-

195 1416 235 1448 15
262 1406 455 1470 δείξεις
500 1406 560 1460 ἐν
592 1405 729 1479 ἕκτῳ
759 1407 855 1474 τῆς
886 1409 1192 1476 γραφείσης
1222 1398 1357 1475 ἡμῖν
1387 1404 1513 1474 περὶ
1543 1406 1642 1461 τοῦ
1671 1399 1875 1475 ἀνδρὸς

259 1483 577 1558 ἀπολογίας.

388 1582 619 1631 xxxvn.
675 1581 806 1647 [Nic.
837 1583 893 1631 H.
922 1582 978 1630 E.
1006 1584 1059 1638 v,
1086 1580 1195 1648 23]
1263 1569 1451 1628 ’Ἀλλοι
1497 1563 1550 1627 δ’
1597 1562 1667 1628 αὖ
1707 1570 1876 1628 πάλιν

261 1658 349 1712 ἐπὶ
402 1659 496 1728 τῆς
530 1654 791 1727 Ἀραβίας
843 1655 980 1712 κατὰ
1021 1655 1117 1712 τὸν
1161 1653 1502 1727 δηλούμενον
1545 1653 1876 1727 ἐπιφύονται

258 1738 460 1812 χρόνον
504 1739 771 1812 δόγματος
813 1736 1107 1811 ἀλλοτρίου
1143 1745 1239 1810 τῆς
1269 1735 1536 1811 αληθείας
1570 1741 1874 1839 εἰσηγηταὶ,

194 1838 235 1870 20
259 1831 314 1880 οἳ
353 1830 543 1920 ἔλεγον
573 1824 675 1895 τὴν
707 1823 1073 1894 ἀνθρωπείαν
1104 1823 1290 1896 ψυχὴν
1320 1825 1453 1888 τέως
1483 1847 1587 1896 μεν
1617 1846 1754 1880 κατα
1779 1821 1875 1879 τὸν

260 1910 531 1965 ε’νεστωτα
583 1907 778 1983 καιρὸν
831 1907 942 1979 ἅμα
991 1914 1058 1982 τῇ
1111 1910 1342 1980 τελευτῇ
1384 1906 1876 1979 συναποθνήσκειν

259 2006 371 2058 τοῖς
415 1992 629 2063 σώμασι
670 1994 761 2049 καὶ
803 1997 1382 2064 συνδιαφθείρεσθαι,
1434 1983 1598 2057 αὖθις
1642 1995 1706 2048 δέ
1743 2013 1876 2048 ποτε

259 2074 397 2131 κατὰ
449 2076 546 2132 τὸν
590 2079 685 2148 τῆς
727 2075 1082 2142 ἀναστάσεως
1125 2075 1322 2147 καιρὸν
1361 2074 1467 2132 σύν
1508 2075 1696 2141 αὐτοῖς
1735 2074 1875 2132 ἄνα-

261 2158 583 2231 βιωσεσθαι.
652 2163 743 2216 καὶ
778 2160 845 2231 δὴ
878 2162 969 2215 καὶ
999 2158 1120 2216 τότε
1151 2166 1624 2232 συγκροτηθείσης
1655 2156 1722 2216 οὐ
1755 2179 1876 2231 σμι-

195 2256 236 2288 25
261 2247 396 2316 κρᾶς
429 2242 704 2314 συνόδου,
741 2242 905 2300 πάλιν
933 2241 1216 2316 Ὡριγένης
1248 2246 1627 2316 παρακληθεὶς
1661 2246 1752 2300 καὶ
1785 2247 1878 2299 ε’ν-

260 2331 477 2398 ταυθα,
519 2325 747 2398 κινήσας
787 2351 844 2384 τε
885 2327 1083 2398 λόγους
1130 2330 1216 2384 ἐπὶ
1255 2333 1354 2384 τοῦ
1394 2332 1585 2384 κοινοῦ
1621 2330 1748 2400 περὶ
1777 2331 1876 2385 τοῦ

261 2414 595 2484 ζητουμένου
637 2409 809 2477 οὕτως
850 2410 1062 2484 ἠνέχθη
1105 2407 1176 2476 ὡς
1220 2416 1590 2484 μετατεθῆναι
1631 2411 1725 2478 τὰς
1764 2414 1877 2469 τῶν

260 2494 529 2568 πρότερον
562 2498 925 2568 ἐσφαλμένων
959 2501 1222 2562 διανοίας.

389 2590 643 2639 xxxvffl
697 2590 828 2656 [Nic.
855 2591 914 2639 H
944 2591 999 2640 E.
1027 2592 1078 2679 y,
1107 2588 1222 2682 524]e
1309 2575 1441 2637 Τότε
1495 2581 1554 2636 δὲ
1600 2582 1690 2636 καὶ
1737 2577 1874 2651 ἄλλη

197 2677 239 2709 30
265 2664 569 2735 διαστροφὴ
613 2687 967 2736 καταρχεται,
1009 2660 1042 2735 ἡ
1075 2689 1187 2720 των
1210 2662 1576 2722 Ἑλκεσαϊτων
1606 2665 1876 2736 λεγομένη

262 2753 492 2819 αι’ρεσις,
525 2745 559 2820 ἣ
592 2750 683 2804 καὶ
715 2773 827 2820 αμα
850 2772 925 2804 τω
950 2748 1225 2820 ἄρξασθαι
1248 2745 1479 2821 απέσβη.
1541 2745 1876 2822 μνημονεύει

265 2831 315 2888 δ’
354 2829 524 2904 αὐτῆς
557 2828 763 2905 ὁμιλῶν
796 2834 884 2889 ἐπὶ
915 2835 1011 2889 τοῦ
1043 2835 1235 2890 κοινοῦ
1269 2839 1346 2899 εἰς
1377 2832 1477 2890 τόν
1506 2829 1878 2905 ὀγδοηκοστὸν
