1986 3152
238 120 340 170 268
914 115 1160 157 EUSEBII

240 234 342 306 γὰρ
375 230 524 308 αὐτῷ
556 237 778 296 πλειόυς
813 228 843 302 ἢ
880 229 1014 286 ἑπτὰ
1037 228 1133 286 τὸν
1158 226 1401 331 ἀριθμὸν
1425 234 1681 332 παρῆσαν
1705 228 1855 288 ὑπα-

239 341 335 390 γορ
346 339 547 387 ευοντι,
580 314 796 388 χρόνοις
821 314 1170 415 τεταγμένοις
1195 311 1466 385 ἀλλήλους
1491 311 1843 424 ἀμείβοντες

239 398 628 473 βιβλιογράφοι
671 422 727 455 τε
769 395 870 471 οὐχ
909 397 1133 470 ἥττους,
1175 395 1285 470 άμα
1327 399 1419 453 καὶ
1450 397 1636 499 κόραις
1669 402 1756 456 ἐπὶ
1785 399 1850 456 τὸ

240 491 638 556 καλλιγραφεῖν
669 482 1028 582 ἠσκημέναις
1073 483 1151 538 ὠν
1183 480 1445 539 ἁπάντων
1474 481 1574 556 τὴν
1607 486 1848 542 δέουσαν

196 593 214 623 5
239 571 349 625 τῶν
403 571 730 640 ἐπιτηδείων
782 564 1039 639 άφθονον
1091 571 1417 639 περιουσίαν
1460 565 1487 622 ὁ
1526 563 1847 640 Ἀμβρόσιος

239 651 648 725 παρεστήσατο,
691 652 783 709 ναὶ
824 650 935 724 μὴν
965 653 1057 708 καὶ
1090 654 1149 707 ἐν
1179 654 1246 724 τῇ
1276 651 1402 723 περὶ
1432 675 1497 707 τα
1527 661 1660 708 θεῖα
1690 650 1848 723 λόγια

239 731 468 808 ἀσκήσει
528 759 585 792 τε
645 738 734 792 καὶ
787 738 1007 808 σπουδῇ
1058 741 1383 808 προθυμίαν
1434 732 1648 807 άφατον
1699 733 1859 812 αὐτῷ’

239 824 664 921 συνεισέφερεν,
707 811 743 894 ᾗ
784 844 871 876 και
905 819 1139 892 μάλιστα
1171 817 1347 876 αὐτὸν
1377 817 1728 893 προύτρεπεν
1761 823 1850 878 ἐπὶ

238 903 339 977 τὴν
376 908 486 961 τῶν
526 900 941 978 ὑπομνημάτων
982 902 1256 972 σύνταξιν.
1329 908 1375 961 3.
1410 902 1623 961 τούτων
1656 905 1734 961 δὲ
1750 901 1849 961 οὗ-

181 1011 217 1041 ιο
240 1012 345 1055 τως
372 987 608 1061 ἐχόντων
636 981 933 1061 Οὐρβανὸν
963 986 1433 1046 ἐπισκοπεύσαντα
1456 991 1551 1060 τῆς
1569 983 1862 1062 Ῥωμαίων

244 1077 530 1144 ἐκκλησίας
563 1080 741 1129 ἔτεσιν
772 1071 912 1129 ὀκτώ
948 1074 1256 1145 διαδέχεται
1287 1071 1628 1142 Ποντιανὸς,
1665 1076 1761 1144 τῆς
1792 1071 1843 1130 δ’

238 1155 558 1229 Ἀντιοχέων
588 1155 722 1228 μετά
748 1156 988 1229 Φιλητὸν
1013 1163 1259 1228 Ζεβῖνος.
1323 1160 1371 1212 4.
1409 1153 1544 1212 καθ’
1578 1153 1674 1223 οὓς
1701 1153 1851 1230 Ὠρι-

244 1242 405 1311 γένης
448 1239 771 1312 ἐπειγούσης
808 1247 993 1313 χρείας
1026 1240 1491 1312 ἐκκλησιαστικῶν
1524 1242 1685 1297 ἕνεκα
1716 1263 1852 1314 πρα-

243 1322 465 1397 γμάτων
499 1327 586 1380 ε’πὶ
618 1322 718 1396 τὴν
744 1321 977 1382 Ἐλλάδα
1009 1322 1359 1396 στειλάμενος
1390 1322 1492 1396 τὴν
1524 1322 1611 1380 διὰ
1641 1333 1852 1381 Παλαι-

182 1428 218 1457 15
244 1414 430 1480 στίνης
469 1413 873 1480 πρεσβυτερίου
903 1415 1260 1481 χειροθεσίαν
1292 1411 1351 1466 έν
1382 1416 1689 1484 Καισαρείᾳ
1719 1410 1854 1483 πρὸς

243 1496 353 1549 τῶν
394 1497 529 1565 τῇδε
573 1491 888 1549 ἐπισκόπων
929 1488 1324 1566 ἀναλαμβάνει.
1399 1493 1463 1549 τά
1494 1493 1596 1566 μὲν
1626 1488 1730 1550 οὖν
1762 1495 1851 1550 ε’πὶ

243 1576 419 1652 τούτῳ
461 1578 586 1648 περὶ
629 1574 799 1634 αὐτοῦ
841 1580 1202 1650 κεκινημένα,
1243 1575 1309 1634 τά
1346 1601 1405 1634 τε
1438 1578 1526 1634 ἐπὶ
1556 1591 1669 1644 τοῖς
1699 1601 1853 1650 κινη-

245 1671 395 1718 θεῖσι
428 1664 733 1734 δεδογμένα
763 1675 875 1728 τοῖς
899 1664 1011 1718 τῶν
1037 1665 1340 1734 ἐκκλησιῶν
1363 1664 1724 1734 προεστῶσιν,
1749 1659 1854 1719 ὅσα

244 1768 302 1801 τε
334 1742 472 1801 ἄλλα
504 1742 757 1818 ἀκμάζων
788 1748 914 1818 περὶ
946 1743 1041 1803 τὸν
1071 1757 1232 1803 θεῖον
1264 1744 1638 1818 εἰσενήνεκται
1667 1745 1853 1818 λόγον,

181 1846 220 1877 20
248 1833 393 1896 ι’δίας
428 1828 661 1902 δεόμενα
693 1830 1022 1902 συντάξεως,
1054 1836 1286 1904 μετρίως
1320 1834 1378 1886 ἐν
1409 1833 1482 1905 τῷ
1518 1831 1758 1906 δευτέρῳ
1794 1822 1852 1902 ἧς

245 1909 389 1987 ὑπὲρ
421 1910 590 1971 αὐτοῦ
622 1913 970 1988 πεποιήμεθα
1002 1911 1300 1986 άπολογίας
1330 1911 1737 1989 ἀνεγράψαμεν.

375 2009 540 2058 XXIV.
609 2009 736 2074 [Nic.
766 2010 822 2058 H.
854 2011 904 2059 E.
942 2012 1005 2068 V,
1041 2007 1146 2076 15]
1261 2003 1443 2056 Ταῦτα
1503 1999 1565 2055 δὲ
1625 2003 1862 2063 ἐκείνοις·

251 2083 365 2137 δέοι
425 2077 494 2137 ἂν
553 2093 980 2155 προσεπιθεῐναι
1035 2086 1338 2156 δηλοῦντας
1392 2078 1466 2148 ὦς
1521 2085 1580 2139 ἐν
1630 2084 1732 2156 μὲν
1779 2088 1853 2158 τῷ

248 2167 385 2242 ἕκτῳ
426 2171 536 2222 τῶν
579 2172 655 2232 εἰς
687 2165 746 2223 τὸ
778 2165 914 2222 κατὰ
942 2163 1205 2239 Ἰωάννην
1237 2169 1570 2239 ε’ξηγητικῶν
1601 2171 1862 2239 σημαίνει
1926 2167 1938 2205 Ῑ“

183 2273 226 2304 25
249 2247 314 2305 τὰ
357 2247 596 2322 πρότερα
640 2252 806 2306 πέντε
847 2246 1378 2323 ἐπ”Ἁλεξανδρείας
1412 2249 1486 2307 ἔτ’
1523 2247 1656 2308 ὅντα
1687 2247 1859 2308 αὐτὸν
1915 2315 1930 2319 Α,

246 2331 535 2405 συντάξαι,
589 2337 684 2404 τῆς
727 2332 779 2390 δ’
825 2339 901 2399 είς
951 2332 1010 2390 τὸ
1058 2338 1170 2392 πᾶν
1224 2331 1547 2407 ευαγγέλιον
1599 2334 1733 2392 αὐτὸ
1787 2335 1856 2406 δὴ

245 2440 404 2473 τουτο
445 2423 819 2489 πραγματείας
858 2416 1016 2490 μόνοι
1060 2417 1159 2476 δυο
1202 2421 1293 2475 καὶ
1335 2428 1543 2476 εἰκοσιν
1586 2426 1661 2486 εἰς
1713 2416 1858 2492 ημᾶς

246 2506 554 2575 περιῆλθον
595 2500 760 2574 τόμοι.
834 2506 880 2559 2.
927 2526 1063 2559 κατα
1097 2505 1157 2560 δε
1187 2501 1246 2560 τὸ
1279 2510 1475 2560 ἔνατον
1504 2506 1616 2561 τῶν
1648 2509 1724 2569 εἰς
1754 2496 1856 2575 τὴν

245 2586 479 2642 Γένεσιν
523 2584 765 2657 (δωδεκα
809 2588 874 2643 δέ
913 2589 1026 2643 ἐστι
1066 2612 1132 2643 τα
1174 2586 1377 2660 πάντα)
1420 2612 1487 2644 ου
1527 2586 1699 2661 μόνον
1728 2587 1854 2653 τοὺς

185 2693 226 2724 30
249 2668 354 2743 πρὸ
385 2673 482 2726 τοῦ
516 2668 711 2726 ἐνάτου
747 2676 906 2743 δηλοῖ
936 2674 1024 2727 ἐπὶ
1054 2675 1149 2744 τῆς
1169 2668 1582 2747 Ἀλεξανδρείας
1612 2668 1859 2745 ὑπεμνη·
1926 2735 1945 2742 μ

246 2759 543 2826 ματίσθαι,
604 2747 744 2811 ἄλλά
796 2757 887 2811 καὶ
940 2761 1015 2822 εἰς
1068 2755 1195 2822 τοὺς
1244 2755 1494 2829 πρώτους
1550 2758 1713 2814 πέντε
1765 2757 1882 2812 καὶ’

249 2846 422 2895 εἴκοσι
454 2838 735 2911 ψαλμοὺς,
780 2845 856 2896 ἔτι
887 2863 944 2896 τε
975 2839 1041 2897 τὰ
1075 2846 1153 2908 εἰς
1182 2840 1310 2908 τοὺς
1340 2839 1619 2914 θρήνους,
1666 2832 1745 2898 ὦν
1778 2845 1858 2904 εἰς
