1986 3152
543 75 1176 119 HIST.EOCLES.1V.17
1203 75 1710 126 18.167

88 189 160 214 “2

89 192 355 296 “avoegcov
397 190 754 266 ἐπιστάμενος
794 194 887 250 καὶ
926 189 1216 266 ἀλλότριον
1256 195 1354 250 τοῦ
1394 190 1712 267 πράγματος

89 273 229 349 “miv
258 276 556 350 ὁμολογίαν
586 275 797 351 φεύγει.
860 269 940 334 ῶν
980 277 1150 335 οὐδὲν
1180 275 1444 351 πρόσεστι
1472 280 1551 354 τῶ
1580 275 1710 350 ἀλη-

92 355 274 439 ’”θινῷ
305 365 632 439 Χριστιανῷ.
698 367 777 420 12.
812 364 905 419 καὶ
934 366 1033 420 τοῦ
1063 359 1372 434 Οὐρβικίου
1407 359 1712 419 κελεύσαν-

91 439 219 513 “τος
251 444 426 503 αὐτὸν
465 443 819 520 ἀπαχθῆναι,
862 444 1100 512 Λούκιός
1140 470 1252 519 τις,
1298 448 1390 503 καὶ
1432 442 1598 512 αὐτὸς
1632 441 1712 502 ῶν

91 523 489 603 “Χριστιανὸς,
522 526 673 605 ὁρῶν
702 531 805 603 τὴν
834 527 1045 603 ἀλόγως
1077 528 1223 588 οὕτω
1256 533 1563 603 γενομένην
1594 536 1709 630 κρί-
1735 549 1754 581 5

89 611 249 713 εἶ,σιν
290 613 429 689 πρὸς
468 613 565 671 τὸν
599 613 907 686 Οὐρβίκιον
938 613 1080 688 ἔφη’
1089 621 1171 681 τίς
1201 612 1234 687 ἡ
1269 621 1418 672 αἰτία
1447 619 1545 672 τοῦ
1576 612 1710 686 μήτε

89 692 349 799 Σμοιχὸν,
390 697 526 770 μήτε
556 697 794 772 πόρνον,
835 698 973 771 μήτε
1014 697 1396 771 ἀνδροφόνον,
1441 697 1576 771 μήτε
1608 706 1710 755 λω-

89 776 412 881 ἶποδύτην,
466 780 604 854 μήτε
654 779 904 856 ἅρπαγα,
938 781 1092 884 μῆτε
1143 778 1329 849 ἁπλῶς
1374 780 1619 855 αδίκημα
1659 806 1712 838 τι

87 859 412 967 ἓπράξαντα
472 865 863 940 ἐλεγχόμενον,
925 863 1194 967 ὀνόματος
1255 867 1317 923 δε
1369 870 1710 940 Χριστιανοῦ

87 944 543 1053 ἶπρωσωνυμίαν
582 946 963 1034 ὁμολογοῦντα
1003 949 1102 1009 τὸν
1152 948 1458 1025 ἄνθρωπον
1510 955 1710 1008 τοῦτον
1737 970 1775 1000 10

87 1030 400 1134 ἶέκολασω;
454 1033 521 1092 οὐ
561 1036 844 1107 πρέποντα
883 1032 1127 1106 Εὐσεβεῖ
1168 1032 1535 1109 αὐτοκράτορι
1577 1030 1711 1091 οὐδε

90 1112 419 1219 ἶφιλοσόφςο
450 1126 732 1193 Καίσαρος
764 1123 941 1193 παιδὶ,
973 1117 1157 1176 ουδε”
1134 1122 1254 1195 ιερᾷ
1278 1118 1570 1196 συγκλήτῳ
1595 1125 1710 1192 κρί-

87 1195 269 1306 ἶνεις,
312 1204 353 1259 ῶ
390 1202 676 1312 Οὐρβίκιε.
685 1202 697 1221 ’
769 1209 847 1262 13.
894 1207 986 1262 καὶ
1027 1201 1086 1271 69
1119 1202 1288 1262 οὐδεν
1319 1202 1453 1260 ἄλλο
1483 1202 1710 1277 ἀποκρι-

87 1282 363 1389 Σνάμενος
402 1289 494 1344 καὶ
535 1287 672 1362 πρὸς
711 1287 810 1345 τὸν
840 1287 1085 1347 Λούκιον
1128 1294 1234 1361 ἔφη
1261 1284 1464 1355 δοκεῖς
1495 1311 1587 1361 μοι
1619 1289 1712 1343 καὶ

87 1365 198 1429 “σὺ
230 1370 373 1430 εἶναι
402 1376 660 1439 τοιοῦτος.
747 1375 840 1430 καὶ
871 1376 971 1430 τοῦ
1004 1381 1249 1434 Λουκίου
1280 1371 1563 1445 φήσαντος
1588 1367 1708 1444 ’μά-
1736 1389 1775 1420 15

89 1449 301 1556 Σλιστῶ
334 1454 503 1514 πάλιν
532 1459 624 1513 καὶ
656 1455 825 1514 αὐτὸν
855 1455 1178 1531 ἀπαχθῆναι
1221 1459 1526 1514 ἐκέλευσεν,
1587 1455 1617 1514 6
1650 1456 1712 1512 δε

90 1532 291 1640 ἶχαριν
335 1543 545 1598 εἰδέναι
588 1539 886 1614 ὡμολόγει·
949 1547 1216 1615 πονηρῶν
1269 1566 1380 1615 γαρ
1418 1545 1710 1598 δεσποτῶν

89 1619 241 1725 :mh
271 1622 538 1681 τοιούτων
568 1621 925 1726 απηλλαχθαι
958 1629 1168 1697 ἐπεῖπε,
1203 1627 1293 1682 καὶ
1319 1647 1468 1698 παρα
1492 1622 1712 1697 ἀγαθὸν

89 1704 338 1781 “πατέρα
368 1710 459 1765 καὶ
491 1711 723 1781 βασιλέα
751 1709 848 1767 τὸν
888 1709 1027 1768 θεὸν
1068 1708 1426 1783 πορεύεσθαι.
1491 1712 1582 1766 καὶ
1613 1707 1709 1765 αλ-

88 1787 222 1860 “λος
253 1793 315 1850 δὲ
355 1798 534 1864 τρίτος
576 1792 832 1851 ἐπελθῶν
875 1797 1224 1866 κολασθῆναι
1265 1789 1704 1867 προσετιμήθη.”
1734 1809 1776 1842 20

98 1874 309 1943 τούτοις
340 1873 369 1934 6
395 1874 690 1945 Ἰουστϊνος
722 1877 944 1945 εἰκότως
976 1880 1067 1935 καὶ
1099 1875 1421 1944 ἀκολούθως
1453 1875 1518 1944 ἃς
1549 1900 1710 1951 προε-

100 1959 559 2035 μνημονεύσαμεν
611 1961 783 2020 αὐτοῦ
834 1962 1027 2035 φωνὰς
1069 1961 1259 2035 ἐπάγει
1300 1965 1478 2035 λέγων
1521 1960 1712 2034 “udam-*2

91 2038 237 2104 “on
266 2050 557 2121 προσδοκῶ
589 2043 702 2104 ὑπό
732 2071 879 2114 τινος
911 2051 1024 2105 τῶν
1055 2045 1467 2120 ὠνομασμένων
1493 2049 1711 2118 ἐπιβου-

91 2125 434 2204 “λευθῆναι”
466 2133 559 2188 καὶ
587 2132 653 2188 τὰ
684 2131 863 2189 λοιπά.

226 2227 391 2276 XVIII.
446 2225 574 2291 [Nic.
603 2228 661 2276 H.
690 2228 745 2277 E.
773 2228 850 2285 lV,
879 2225 953 2293 6.]
1023 2224 1273 2274 Πλεῖστα
1317 2215 1377 2272 δὲ
1419 2207 1580 2282 οὗτος
1619 2238 1713 2271 κα-
1737 2229 1778 2262 25

99 2303 424 2358 ταλέλοιπεν
463 2298 597 2372 ἡμῖν
641 2301 1090 2374 πεπαιδευμένης
1144 2305 1393 2366 διανοίας
1445 2301 1536 2356 καὶ
1588 2301 1715 2371 περὶ

101 2380 167 2439 τά
196 2394 328 2442 θεια
360 2387 771 2452 ἐσπουδακυίας
801 2383 1199 2458 ὑπομνήματα,
1232 2403 1410 2456 πασης
1443 2381 1715 2457 ὠφελείας

104 2471 338 2541 ἔμπλεα,
371 2466 459 2549 ἐφ’
496 2463 532 2524 ὃ
559 2467 687 2536 τούς
717 2477 1050 2542 φιλομαθεῖς
1082 2466 1508 2541 ἆναπέμψομεν,
1539 2491 1606 2524 τα
1638 2474 1715 2532 εἰς

103 2548 375 2625 ἡμετέραν
404 2556 615 2625 γνῶσιν
646 2551 885 2611 ἐλθόντα
925 2560 1206 2627 χρησίμως
1245 2570 1716 2626 παρασημηναμε-

103 2659 206 2693 νοι.
238 2641 286 2694 2.
305 2635 333 2694 6
350 2639 454 2709 μέν
474 2643 557 2704 τίς
583 2641 732 2694 ἐστιν
756 2634 909 2694 αύτῶ
930 2635 1089 2710 λόγος
1112 2635 1247 2711 πρὸς
1265 2635 1598 2694 Ἀντωνῑνον
1621 2638 1716 2692 τὸν
1740 2650 1780 2682 30

107 2717 330 2794 Εὐσεβῆ
370 2723 896 2795 προσαγορευθέντα
935 2724 1028 2779 καὶ
1078 2721 1206 2788 τοὺς
1257 2718 1457 2778 τούτου
1508 2724 1713 2784 παῖδας

105 2802 208 2875 τήν
237 2827 294 2861 τε
316 2803 598 2878 Ῥωμαίων
630 2803 939 2878 σύγκλητον
963 2801 1418 2880 προσφωνητικὸς
1441 2799 1582 2876 ὑπὲρ
1606 2806 1717 2859 τῶν
