1986 3152
280 134 383 184 27?
950 129 1198 170 EUSEBII

267 247 458 351 Σθεσις
490 242 1083 318 άπομνημονεύσαντός
1112 266 1260 309 τινος
1291 242 1356 300 τὰ
1386 240 1746 317 ἀποστολικοὶ,
1791 247 1882 313 καὶ

267 328 543 434 ἱζωσπερεὶ
585 326 1159 402 σχολιογραφήσαντός
1201 350 1347 394 τινος
1381 327 1448 384 τὰ
1480 331 1739 402 εἰρημένα
1771 327 1881 386 ὑπὸ

267 414 402 471 “tofi
445 413 799 470 διδασκάλου.
875 422 931 468 εἴ
961 435 1038 477 τις
1081 435 1184 468 ουν
1225 414 1484 484 ἐκκλησία
1527 418 1634 484 ἔχει
1675 411 1882 485 ταύτην
1939 446 1942 452 -

269 499 403 571 “τὴν
447 497 741 568 ἐπιστολὴν
783 521 854 563 ως
897 494 1156 566 Παύλου,
1213 494 1351 568 αὕτη
1395 493 1750 569 ευδοκιμείτω
1792 500 1881 553 καὶ

234 580 395 640 5“ε’πὶ
427 581 615 658 τούτῳ.
679 579 745 638 οὐ
777 580 881 654 γάρ
915 584 1033 652 εἰκῆ
1059 585 1116 637 οἱ
1141 577 1359 653 ἀρχαῖοι
1390 578 1591 654 ἄνδρες
1624 577 1697 646 ὦς
1728 580 1882 638 Παύ-

268 665 404 724 “λου
437 664 613 738 αὐτὴν
645 664 1090 738 παραδεδώκασι.
1156 669 1234 720 14.
1269 670 1350 730 τίς
1385 665 1446 721 δὲ
1477 663 1504 721 ὁ
1536 663 1751 739 γράψας
1782 663 1884 738 τὴν

267 748 615 823 “ε’πιστολὴν,
657 749 714 807 τὸ
745 751 846 823 μὲν
877 746 1082 823 άληθὲς
1112 748 1243 816 θεὸς
1275 749 1447 821 οἶδεν,
1479 747 1512 822 ἡ
1547 750 1607 806 ’δὲ
1638 755 1714 816 εἰς
1745 748 1884 822 ἡμᾶς

266 834 574 908 “φθάσασα
607 840 818 908 ἱστορία
849 833 960 891 ὑπό
989 856 1159 890 τινων
1190 835 1291 906 μὲν
1326 833 1603 906 λεγόντων
1633 831 1714 890 ὅτι
1740 833 1883 906 Κλή-

267 919 408 993 “μης
432 919 459 975 ὁ
485 920 778 992 γενόμενος
807 917 1390 990 ἐπίσκοποςῬωμαίων
1415 925 1621 991 ἔγραψε
1646 917 1747 990 τὴν
1773 921 1882 974 ἐπι-

218 1030 256 1059 10
272 1003 530 1076 “στολὴν,
563 1000 671 1060 ὑπό
704 1027 872 1060 τινων
910 1004 970 1059 δὲ
1000 1000 1083 1058 ὅτι
1105 1007 1326 1068 Λουκᾶς
1351 999 1378 1059 ὁ
1403 1001 1617 1075 γράψας
1640 1001 1699 1058 τὸ
1723 1000 1884 1073 εὐαγ-

267 1089 488 1160 “γέλιον
521 1092 610 1144 καὶ
642 1085 734 1154 τάς
760 1086 1027 1161 πράξειςΫ
1089 1084 1227 1143 ἄλλα
1251 1091 1421 1143 ταῦτα
1444 1111 1547 1158 μεν
1571 1079 1731 1143 ὠδε’
1706 1089 1880 1159 εχέτω.

406 1183 565 1231 XXVI.
597 1182 758 1248 ·[Nie.
787 1183 844 1230 II
875 1183 928 1230 Ε.
960 1183 1020 1237 V,
1055 1179 1159 1247 18.]
1221 1168 1377 1237 ’Έτος
1411 1170 1461 1227 δ’
1498 1163 1568 1242 ἦν
1598 1194 1760 1227 τουτο
1793 1175 1880 1228 δέ-
1933 1163 1943 1175 ⁸

278 1279 442 1312 κατον
494 1258 587 1327 τῆς
632 1258 975 1327 δηλουμένης
1020 1251 1343 1327 ἡγεμονίας,
1399 1253 1529 1312 καθ’
1574 1253 1603 1310 ὃ
1645 1253 1745 1326 τὴν
1785 1253 1878 1311 ἀπ’

273 1338 683 1411 Ἀλεξανδρείας
735 1339 1138 1411 μετανάστασιν
1190 1341 1277 1395 ἐπὶ
1327 1338 1430 1412 τὴν
1474 1334 1883 1412 Καισάρειανὸ

218 1450 254 1479 15
276 1423 557 1496 Ώριγένης
598 1422 992 1496 ποιησάμενος,
1030 1419 1271 1498 “Ηρακλᾷ
1311 1421 1369 1480 τὸ
1410 1427 1504 1496 τῆς
1535 1422 1885 1496 κατηχήσεως

277 1513 387 1565 τῶν
428 1506 625 1565 αὐτόθι
669 1513 1064 1565 διδασκαλεῖον
1105 1514 1435 1566 καταλείπει.
1518 1505 1620 1565 οὐκ
1664 1514 1740 1573 εἰς
1781 1531 1886 1580 μα-

278 1592 414 1665 κρόν
462 1594 522 1649 δὲ
562 1595 652 1649 καὶ
693 1591 1006 1666 Δημήτριος
1047 1588 1075 1648 ὁ
1115 1597 1210 1665 τῆς
1247 1589 1650 1666 Ἀλεξανδρέων
1692 1597 1887 1664 ἐκκλη-

280 1683 400 1743 σίας
453 1681 744 1742 ἐπίσκοπος
791 1680 1046 1752 τελευτᾷ,
1102 1675 1187 1748 ἐφ’
1235 1675 1380 1743 ὅλοις
1422 1684 1565 1734 ἔτεσι
1604 1679 1748 1750 τρισὶ
1794 1678 1885 1733 καὶ

278 1761 686 1832 τεσσαράκοντα
727 1764 796 1834 τῇ
839 1768 1153 1837 λειτουργίᾳ
1207 1763 1522 1833 διαρκέσας·
1576 1762 1886 1834 διαδέχεται

216 1869 255 1899 20
283 1843 334 1901 δ’
372 1842 540 1902 αὐτὸν
570 1845 596 1902 ὁ
623 1842 906 1918 εΗρακλὸις.
971 1847 1230 1919 διέπρεπε
1264 1847 1322 1902 δὲ
1355 1849 1412 1902 ἐν
1442 1843 1619 1922 τούτῳ
1655 1853 1887 1919 Φιρμιλ-

281 1929 493 2002 λιανὸς,
527 1936 862 2004 Καισαρείας
892 1933 986 2003 τῆς
1018 1935 1414 1987 Καππαδοκῶν
1446 1934 1770 2001 ἐπίσκοπος,

406 2026 591 2073 XXVII.
679 2013 955 2086 τοσαύτην
1009 2013 1246 2086 εἰσάγων
1295 2017 1418 2087 περὶ
1466 2013 1563 2072 τὸν
1595 2013 1888 2087 Ὠριγένην

281 2097 534 2168 σπουδὴν
588 2097 659 2164 ὡς
711 2099 831 2155 τοτὲ
881 2099 982 2171 μὲν
1033 2097 1205 2155 αὐτὸν
1255 2097 1397 2171 ἀμφὶ
1448 2097 1513 2154 τά
1554 2097 1671 2155 κατ’
1719 2095 1888 2155 αὐτὸν

281 2187 511 2253 κλίματα
570 2189 645 2247 εἰς
686 2181 788 2254 τὴν
825 2186 939 2239 τῶν
981 2186 1284 2254 ἐκκλησιῶν
1326 2183 1599 2254 ὠφέλειαν
1640 2186 1888 2239 ἐκκαλεῐ-
1924 2182 1934 2235 ’.ζ

218 2287 259 2319 25
282 2275 442 2336 σθαι,
496 2266 616 2322 τοτὲ
661 2267 723 2322 δὲ
763 2264 836 2331 ὡς
876 2265 1046 2323 αὐτὸν
1089 2268 1178 2322 ε’πὶ
1219 2266 1320 2340 τὴν
1355 2264 1631 2324 Ἰουδαίαν
1672 2268 1885 2323 στέλλε-

282 2359 434 2420 σθαι,
468 2356 563 2405 καί
588 2374 740 2416 τινας
772 2348 919 2426 αὐτῷ
952 2355 1368 2425 συνδιατρίβειν
1398 2350 1652 2424 χρόνους,
1684 2354 1777 2423 τῆς
1810 2357 1887 2416 εἰς
1927 2358 1930 2359 ’

279 2458 345 2489 τα
385 2443 517 2490 θεῖα
559 2432 896 2505 βελτιώσεως
937 2458 1113 2491 ενεκα.
1176 2459 1241 2491 ου
1281 2435 1391 2508 μὴν
1433 2433 1570 2492 ἀλλὰ
1612 2438 1704 2492 καὶ
1733 2434 1761 2492 ὁ
1793 2440 1887 2506 τῆς

271 2517 670 2591 Ιεροσολύμων
701 2537 980 2591 προεστως
1007 2516 1380 2592 Ἀλέξανδρος,
1417 2518 1738 2586 Θεόκτιστός
1767 2543 1828 2575 τε
1857 2514 1884 2575 ὁ

280 2601 417 2658 κατὰ
448 2601 818 2676 Καισάρειαν,
860 2602 955 2660 τὸν
994 2603 1173 2661 πάντα
1214 2604 1415 2678 χρόνον
1447 2629 1520 2671 ως
1552 2611 1678 2670 ἔπος
1710 2609 1888 2660 εἰπεῖν

218 2708 258 2739 3ο
282 2690 715 2759 προσανέχοντες
766 2684 918 2764 αὐτῷ
969 2685 1057 2744 οἶα
1101 2688 1420 2766 διδασκάλῳ
1461 2687 1642 2765 μόνῳ,
1683 2688 1747 2744 τὰ
1791 2690 1887 2759 τῆς
1917 2747 1930 2751 ,

281 2774 392 2827 τῶν
432 2777 607 2828 θείων
649 2774 879 2845 γραφῶν
922 2775 1213 2845 ἑρμηνείας
1255 2776 1346 2830 καὶ
1383 2771 1447 2830 τά
1478 2772 1643 2830 λοιπὰ
1672 2777 1770 2830 τοῦ
1804 2775 1886 2829 ἐκ·

282 2860 668 2927 κλησιαστικοῦ
701 2855 866 2928 λόγου
898 2855 1157 2931 πράττειν
1187 2856 1559 2931 συνεχώρουν.

1911 2770 1941 2778 ς
