1986 3152
607 129 765 170 HIST.
798 126 1050 168 ECCLES.
1083 127 1164 168 VI.
1195 128 1264 169 43.
1633 123 1737 175 291·

116 244 177 267 fet·

153 272 182 303 ο
241 243 345 318 γάρ
405 268 487 301 τοι
541 242 916 317 λαμπρότατος
967 244 1059 299 καὶ
1114 239 1187 298 δι’
1245 238 1429 313 ὅρκων
1479 243 1741 346 φοβερῶν

117 329 322 388 “τινῶν
360 327 723 402 πιστούμενος
765 328 826 385 τὸ
868 325 996 400 μηδ’
1045 325 1185 393 όλως
1221 329 1522 397 ἐπισκοπῆς
1551 323 1741 398 ὀρέγε-

115 410 307 485 “σθαι,
341 418 630 486 αἰφνίδιον
661 415 954 477 ἐπίσκοπος
987 409 1171 483 ὥσπερ
1198 414 1256 468 ἐκ
1280 409 1568 483 μαγγάνου
1591 407 1740 475 τινὸς

115 494 232 565 “sig
272 496 332 554 τὸ
372 499 542 571 μέσον
582 499 759 571 ριφεὶς
797 493 1176 569 ἀναφαίνεται.
1238 500 1285 552 8.
1320 486 1480 561 οὗτος
1524 518 1628 567 γαρ
1658 517 1741 550 τοι

113 578 179 639 “6
242 581 631 655 δογματιστὴς,
690 580 719 638 ὁ
774 584 870 652 τῆς
936 583 1382 652 ἐκκλησιαστικῆς
1443 576 1784 651 ἐπιστήμης5

117 662 595 739 ”“ὖπερασπιστὴς,
642 666 882 736 ὁπηνίκα
912 668 1319 737 παρασπᾶσθαί
1344 686 1404 720 τε
1434 665 1525 719 καὶ
1560 661 1743 736 ὑφαρ-

117 747 344 820 “ποὲζειν
385 749 487 822 τὴν
525 749 599 822 μὴ
644 754 912 805 δοθεῖσαν
955 745 1105 824 αὐτῷ
1159 746 1387 804 ἄνωθεν
1440 746 1744 818 ἐπισκοπὴν

115 831 453 907 “ἐπεχείρει,
511 832 612 890 δύο
653 835 830 908 ἐαυτῷ
872 831 1176 898 κοινωνοὺς
1217 830 1607 902 ἀπεγνωκότας
1647 835 1742 902 τῆς

116 915 367 975 ε(ἑαυτῶν
407 923 682 990 σωτηρίας
725 918 1042 988 ἐπελέξατο,
1104 914 1176 982 ὡς
1230 911 1300 972 ἂν
1352 920 1430 981 εἰς
1471 913 1651 988 βραχύ
1692 939 1743 972 τι

117 1001 316 1076 “μέρος
346 1004 439 1058 καὶ
472 1001 758 1075 ἐλάχιστον
786 1005 881 1073 τῆς
914 997 1143 1067 Ἰταλίας
1185 997 1514 1074 ἀποστείλῃ,
1557 999 1739 1056 κάκεῖ·
1764 1021 1804 1052 10

118 1082 260 1144 “θεν
305 1085 638 1153 ἐπισκόπους
682 1100 858 1159 τρεῖς,
912 1082 1251 1158 ανθρώπους
1297 1083 1594 1158 ἀγροίκους
1650 1087 1743 1141 καὶ

116 1168 603 1243 “ἆπλουστατους,
644 1172 858 1244 πλαστῄ
899 1193 1009 1227 τινι
1042 1167 1375 1242 ἐπιχειρήσει
1408 1167 1740 1242 ἐξαπατήσῃ,

115 1253 653 1363 Ξδιαβεβαιούμενος
698 1257 789 1311 καὶ
842 1252 1310 1327 διισχυριζόμενος
1367 1258 1489 1310 δεῖν
1541 1276 1742 1320 αυτους

116 1338 218 1397 “gv
257 1363 408 1414 ταχει
447 1342 863 1412 παραγενέσθαι
895 1344 972 1404 είς
996 1334 1235 1411 Ριόμην,
1280 1361 1352 1403 ως
1386 1340 1564 1409 δῆθεν
1595 1356 1743 1396 πασα

116 1423 562 1529 “ἡτισδηποτοῦν
593 1428 914 1497 διχοστασία
954 1435 1217 1495 γεγονυῖα
1257 1420 1363 1479 συν
1403 1424 1495 1478 καὶ
1540 1424 1741 1495 ἑτέροις
1765 1440 1806 1473 15

116 1507 469 1613 ἶέπισκόποις
500 1510 592 1565 καὶ
626 1532 811 1564 αυτων
842 1506 1246 1580 μεσιτευόντων
1271 1509 1528 1580 διαλυθῇ.
1578 1511 1626 1563 9.
1647 1531 1744 1573 ους

117 1592 670 1666 “παραγενομένους,
730 1592 825 1648 ἅτε
879 1590 977 1664 δὴ,
1040 1590 1112 1658 ὡς
1164 1597 1420 1664 ἔφθημεν
1472 1593 1744 1663 λέγοντες,

118 1673 495 1749 κἀνθρώπους
541 1676 952 1748 ἁπλουστέρους
994 1678 1121 1750 περὶ
1173 1675 1267 1742 τὰς
1318 1679 1430 1732 τῶν
1482 1680 1745 1749 πονηρῶν

118 1758 405 1866 :gmxowdg
445 1786 504 1819 τε
547 1763 639 1818 καὶ
682 1765 1068 1836 ρᾳδιουργίας,
1122 1762 1590 1833 συγκλεισθέντας
1634 1759 1744 1817 ὑπό

118 1842 328 1904 “τινων
369 1845 577 1920 ὁμοίων
622 1844 770 1922 αὐτῷ
822 1846 1174 1919 τεταγμένων
1225 1842 1575 1918 ἀνθρωπων,
1628 1868 1743 1920 ωρα
1766 1863 1808 1895 20

122 1927 363 2005 “δεκατῃ
421 1929 734 2003 μεθύοντας
794 1932 887 1986 καὶ
945 1932 1366 2001 κραιπαλωντας
1424 1952 1559 2002 μετα
1619 1935 1743 2000 βίας

118 2011 478 2119 Σήνάγκασεν
520 2018 768 2088 εἰκονικῇ
807 2038 916 2071 τινι
958 2016 1051 2071 καὶ
1104 2020 1308 2089 ματαίᾳ
1360 2019 1744 2088 χειρεπιθεσία

117 2095 464 2204 ἶέπισκοπὴν
496 2096 643 2177 αὐτῷ
686 2101 911 2171 δουναι,
954 2124 1026 2171 ην
1058 2101 1257 2174 ἐνέδρα
1288 2100 1378 2154 καὶ
1411 2103 1744 2200 πανουργίᾳ,

117 2182 229 2286 Ξμη
261 2184 672 2257 ἐπιβάλλουσαν
701 2182 880 2261 αὐτῷ,
914 2186 1135 2241 ἐκδικεῑ.
1200 2187 1282 2239 10.
1318 2185 1371 2250 ἐξ
1405 2183 1483 2239 ὠν
1515 2189 1592 2248 εἱς
1622 2180 1738 2256 μετ’

121 2263 227 2326 “οὐ
269 2268 412 2326 πολὺ
457 2272 780 2341 ἐπανῆλθεν
821 2274 899 2334 εἰς
939 2268 1042 2341 τὴν
1093 2270 1420 2340 ἐκκλησίαν,
1470 2263 1744 2340 ἀποδυρό-
1767 2285 1807 2318 25

119 2348 325 2462 Σμενος
361 2355 454 2410 καὶ
488 2351 982 2427 ἐξομολογούμενος
1016 2351 1076 2410 τό
1112 2355 1314 2410 ἑαυτοῦ
1346 2375 1667 2426 αμαρτημα,
1703 2375 1745 2408 ω

119 2432 251 2494 “καὶ
275 2436 723 2510 ἐκοινωνήσαμεν
746 2429 818 2504 ὡς
843 2441 1035 2514 λαῖκῷ,
1065 2435 1207 2509 ὑπερ
1241 2434 1415 2494 αυτοῦ
1448 2410 1745 2508 δεηθέντος

119 2519 365 2588 “nands
395 2525 494 2578 τοῦ
525 2521 798 2596 παρόντος
824 2525 976 2578 λαοῦ.
1025 2523 1116 2578 καὶ
1140 2524 1252 2579 τῶν
1286 2524 1498 2578 λοιπῶν
1533 2521 1594 2577 δὲ
1634 2523 1746 2577 ἐπι-

124 2601 387 2664 “σκόπων
405 2605 701 2679 διαδόχους
720 2611 796 2672 εἰς
813 2604 939 2671 τοὺς
962 2604 1183 2677 τόπους,
1210 2608 1270 2663 ἐν
1286 2602 1368 2672 οἷς
1383 2597 1546 2678 ἦσαν,
1573 2628 1745 2678 χειρο·

122 2685 489 2763 “τονη’σαντες
526 2687 958 2763 ἀπεστάλκαμεν.
1023 2695 1101 2748 11.
1136 2686 1164 2747 ὁ
1198 2688 1485 2762 ἐκδικητὴς
1515 2682 1617 2746 οὖν
1646 2690 1745 2745 τοῦ
1766 2701 1816 2739 30

123 2769 491 2848 “εὐαγγελίου
521 2773 626 2832 οὐκ
655 2772 920 2847 ἠπίστατο
963 2778 1061 2832 ἕνα
1102 2778 1404 2832 ἐπίσκοπον
1451 2779 1571 2830 δεῖν
1603 2772 1743 2830 εἶναι

125 2853 224 2915 “gv
253 2865 525 2934 καθολικῇ
559 2862 852 2935 ἐκκλησία,
900 2863 960 2917 ἐν
990 2851 1027 2933 ᾗ
1058 2856 1160 2917 οὐκ
1189 2857 1379 2931 ἠγνόει
1412 2858 1551 2930 (πῶς
1582 2855 1685 2930 γάρ
1700 2855 1739 2928 ;)

662 2964 674 2977 “
1381 2949 1488 3000 19ss
