1986 3152
631 101 785 142 HIST.
819 100 1069 142 ECOLES.
1100 104 1157 143 x.
1187 104 1228 145 4.
1634 102 1738 154 457

131 225 361 292 κλησίας
394 217 677 293 ἱδρύσατο.
738 220 822 272 22.
863 221 1062 273 τοῦτον
1107 217 1176 290 δὴ
1208 211 1316 274 οὖν
1350 217 1450 275 τὸν
1482 220 1535 286 ἐξ
1575 214 1740 292 ὑμῶν

133 302 325 362 αὐτῶν
359 302 839 374 ἐπεσκευασμένον
869 305 1069 369 ζῶντος
1108 306 1249 358 θεοῦ
1280 307 1457 371 ζῶντα
1486 301 1627 361 ναὸν
1661 337 1734 344 -

131 387 193 445 τὸ
249 388 508 460 μέγιστον
559 386 654 442 καὶ
708 383 913 457 ἀληθεῖ
964 385 1111 462 λόγῳ
1164 386 1477 461 θεοπρεπὲς
1529 387 1739 460 ἱερεῖόν

132 495 297 545 φημι,
330 466 399 528 οὗ
429 470 496 527 τοὶ
530 469 802 526 ἐνδοτάτω
834 468 1013 527 ἄδυτα
1044 483 1160 537 τοῖς
1191 478 1419 537 πολλοῖς
1444 468 1740 545 ἀθεώρητοι

133 557 226 612 καὶ
256 552 431 622 ὅντως
464 553 591 626 ἅγια
620 555 714 610 καὶ
754 559 868 611 τῶν
910 549 1087 626 ἁγίων
1121 554 1249 627 ἅγια
1282 589 1355 595 -—
1391 560 1473 622 τίς
1504 553 1574 612 ἂν
1607 558 1739 613 ἐπο-
1761 579 1781 611 5

131 640 376 707 πτεύσας
424 642 656 708 ἐξειπεῖν
710 638 1027 711 τολμήσειε;
1085 645 1168 706 τίς
1221 640 1283 697 δε
1327 638 1433 696 κᾶν
1479 645 1743 707 εἰσκῦψαι

132 724 445 799 περιβόλων
478 727 646 797 ἱερῶν
678 731 808 779 εἴσω
841 723 1110 792 δυνατὸς,
1154 723 1236 781 ὅτι
1274 723 1348 797 μὴ
1378 724 1547 797 μόνος
1578 722 1607 781 ὁ
1639 725 1712 796 μέ

131 833 234 881 γας
285 814 399 866 τῶν
451 807 601 864 ὅλων
653 804 969 879 ἀρχιερεὺς,
1037 810 1079 882 ςὸ
1135 807 1291 883 μόνῳ
1342 809 1501 881 θέμις
1561 805 1741 880 πάσης

132 899 353 964 λογικῆς
386 895 568 963 ψυχῆς
598 887 664 947 τὰ
695 888 985 964 ἀπόρρητα
1016 895 1441 964 διερευνᾶσθαι;
1486 895 1572 948 23.
1603 892 1741 964 τάχα

132 977 196 1034 δε
226 978 318 1032 καὶ
350 975 501 1051 ἄλλω
533 973 881 1048 δευτερεύειν
912 973 1046 1047 μετὰ
1087 979 1288 1032 τοῦτον
1333 976 1415 1032 ἑνὶ
1443 973 1599 1052 μόνῳ
1629 981 1742 1032 τῶν
1765 1000 1805 1031 10

134 1071 273 1119 ἴσων
299 1059 543 1133 ἐφικτὸν,
559 1062 702 1135 τῷδε
720 1063 802 1134 ,τῷ
827 1060 1238 1137 προκαθημένω
1261 1064 1428 1132 τῆσδε
1450 1065 1548 1132 τῆς
1571 1077 1741 1132 στρα-

131 1150 252 1211 τιᾶς
282 1143 547 1217 ἡγεμόνι,
588 1140 654 1200 ὃν
686 1141 855 1210 αυτὸς
897 1138 926 1198 ὁ
959 1149 1176 1215 πρῶτος
1218 1145 1311 1200 καὶ
1351 1145 1522 1217 μέγας
1553 1142 1742 1216 ἀρχιε-

133 1229 265 1302 ρεύς
296 1234 630 1301 δευτερείοις
659 1233 775 1284 τῶν
805 1231 941 1301 τῇδε
974 1231 1196 1301 ἱερείων
1225 1228 1476 1301 τιμήσας,
1508 1229 1742 1300 ποιμένα

131 1318 228 1386 τῆς
259 1312 532 1386 ὑμετέρας
565 1313 767 1368 ἐνθέου
800 1317 1058 1386 ποίμνης,
1090 1312 1276 1390 κλήρῳ
1307 1314 1400 1369 καὶ
1429 1318 1607 1386 κρίσει
1636 1315 1741 1368 τοῦ

133 1397 342 1473 πατρὸς
372 1396 472 1454 τόν
503 1394 773 1470 ὑμέτερον
803 1397 1044 1470 λαχόντα
1075 1397 1232 1468 λαὸν,
1267 1395 1423 1454 &miv
1451 1405 1739 1470 θεραπευ-
1763 1418 1803 1450 15

132 1482 234 1555 τὴν
282 1483 378 1538 καὶ
427 1479 726 1553 ὑποφήτην
770 1479 936 1548 αὐτὸς
985 1482 1187 1538 ἑαυτοῦ
1242 1480 1600 1551 κατετάξατο,
1645 1478 1742 1536 τὸν

133 1568 264 1624 νέον
288 1565 503 1639 Ἀαρών
541 1561 575 1637 ἢ
609 1566 984 1639 Μελχισεδὲκ,
1028 1564 1470 1639 ἀφωμοιωμένον
1512 1569 1590 1640 τῷ
1631 1567 1740 1639 υίςό

133 1656 234 1708 τοῦ
264 1655 439 1721 θεοῦ,
483 1649 723 1723 μένοντά
765 1671 825 1706 τε
856 1651 949 1706 καὶ
994 1650 1134 1724 πρὸς
1179 1648 1358 1707 αὐτοῦ
1395 1648 1744 1723 τηρούμενον

135 1741 215 1803 εἰς
245 1734 306 1792 τὸ
340 1735 587 1807 διηνεκὲς
627 1746 749 1802 ταῖς
792 1747 1003 1802 κοιναῖς
1046 1734 1310 1792 ἁπάντων
1340 1732 1502 1807 ὑμῶν
1532 1731 1738 1805 εὐχαῖς.

133 1824 218 1877 24.
250 1819 426 1896 τούτω
459 1818 527 1891 δὴ
560 1814 666 1876 οὖν
700 1819 897 1887 ἐξέστω
928 1819 1082 1897 μόνῳ
1113 1817 1248 1892 μετὰ
1276 1818 1377 1875 τὸν
1400 1821 1624 1890 πρῶτον
1647 1816 1740 1872 καὶ
1763 1838 1804 1870 20

133 1905 394 1978 μέγιστον
425 1901 708 1978 ἀρχιερέα,
742 1908 795 1960 εί
819 1903 894 1978 μὴ
925 1903 991 1959 τοὶ
1016 1905 1228 1978 πρῶτα,
1251 1900 1317 1958 τά
1343 1901 1579 1999 δεύτερα
1600 1905 1743 1971 γοῦν

134 1989 283 2062 όμως
314 1982 457 2062 ὁρᾶν
487 2009 546 2044 τε
575 1989 668 2044 καὶ
694 1990 1014 2045 ἐπισκοπεῖν
1042 1993 1138 2060 τῆς
1165 1986 1441 2044 ἐνδοτάτω
1464 2009 1578 2042 των
1599 1983 1735 2084 ὑμε-

133 2075 312 2147 τέρων
342 2075 542 2145 ψυχῶν
571 2078 844 2148 θεωρίας,
888 2078 1052 2158 πείρα
1083 2095 1186 2145 μεν
1225 2072 1318 2127 καὶ
1349 2069 1555 2145 χρόνου
1586 2068 1746 2142 μήκει

135 2160 372 2214 έκαστον
413 2155 654 2230 ἀκριβῶς
697 2156 1007 2229 ἐξητακότι,
1061 2160 1280 2229 σπουδῇ
1336 2177 1393 2211 τε
1443 2158 1512 2228 τῇ
1566 2150 1743 2209 αυτοῦ

134 2242 228 2298 καὶ
261 2243 544 2317 ἐπιμελείᾳ
574 2264 705 2309 τους
736 2241 948 2308 πάντας
977 2236 1126 2314 υμᾶς
1160 2242 1219 2297 ἐν
1250 2239 1436 2315 κόσμῳ
1467 2239 1561 2295 καὶ
1591 2236 1740 2311 λόγῳ
1764 2257 1804 2289 25

135 2330 213 2402 τῷ
264 2323 385 2382 κατ’
438 2321 727 2398 εὐσέβειαν
772 2326 1207 2402 διατεθειμένῳ,
1260 2328 1485 2399 δυνατῷ
1525 2345 1583 2379 τε
1627 2317 1746 2378 ὅντι

135 2413 352 2482 μᾶλλον
381 2406 666 2482 ἁπάντων,
694 2434 774 2467 ων
798 2408 968 2476 αυτὸς
992 2409 1102 2467 συν
1123 2415 1255 2484 θείᾳ
1279 2407 1514 2480 δυνάμει
1536 2427 1743 2477 κατηρ-

136 2500 346 2564 τίσατο,
364 2492 580 2551 τούτων
595 2506 711 2560 τοῖς
729 2499 908 2595 ἔργοις
939 2496 1255 2567 ἐφαμίλλως
1278 2492 1591 2550 ἀποδοῦναι
1611 2511 1744 2553 τους

137 2578 358 2650 λόγους.
412 2580 499 2635 25.
540 2577 567 2635 ὁ
597 2601 701 2649 μεν
718 2580 1056 2649 οὐνπρῶτος
1073 2578 1168 2634 καὶ
1195 2571 1541 2675 μέγαςὴμων
1557 2570 1743 2647 ἀρχιε-

138 2662 288 2736 ρεύς,
320 2661 423 2720 ὅσα
445 2665 635 2734 βλέπει
654 2659 754 2720 τὸν
778 2663 988 2735 πατέρα
1013 2664 1300 2734 ποιοῦντα,
1332 2663 1528 2730 ταῦτα,
1551 2656 1741 2731 φησὶν,
1765 2675 1807 2708 30

251 2858 306 2897 30
339 2856 498 2900 Ioann.
530 2857 568 2907 5,
605 2858 670 2897 19.
