2032 3174
554 128 712 171 HIST.
740 128 987 169 ECCLES.
1019 129 1102 169 ΙΙΙ.
1136 129 1174 168 7.
1599 125 1665 177 97

61 247 191 317 περὶ·
211 251 309 302 τοῦ
331 248 468 302 λαοῦ
489 243 681 301 ((ἔσται
703 241 807 318 γὰρ
831 241 1044 315 ἀνάγκη
1067 241 1276 316 μεγάλη
1311 244 1397 299 ἐπὶ
1427 248 1522 314 τῆς
1546 245 1666 314 γῆς,

62 333 152 388 καὶ
183 328 322 402 ὀργὴ
362 333 436 405 τῷ
482 331 597 404 λαῷ
635 326 830 404 τούτῳ.
901 329 992 384 καὶ
1024 330 1320 384 πεσοῦνται
1353 330 1411 383 ἐν
1443 325 1668 399 στόματι

61 420 330 487 μαχαίρας
356 415 445 471 καὶ
472 411 1080 486 αἰχμαλωτισθήσονται
1106 418 1182 477 εἰς
1207 410 1385 468 πάντα
1408 410 1472 467 τὰ
1501 418 1666 483 ἔθνη·

62 501 153 556 καὶ
183 496 541 570 Ἰερουσαλὴμ
583 504 732 553 ἔσται
784 498 1102 568 πατουμένη
1151 494 1260 552 ὑπὸ
1311 520 1422 552 των
1463 498 1666 566 ἐθνῶν,

1495 576 1565 598 <0⁰¹9

61 581 215 655 ἄχρις
240 574 307 638 οὗ
331 583 671 653 πληρωθῶσι
695 582 874 649 καιροὶ
901 578 1139 637 ἐθνῶν.”
1191 581 1282 635 καὶ
1307 579 1476 636 παλιν
1535 603 1668 636 οταν
1690 602 1710 634 5

64 669 125 723 δὲ
157 672 309 739 ἴδητε
349 666 734 737 κυκλουμένην
773 662 882 720 ὑπὸ
925 667 1313 735 στρατοπέδων
1343 663 1443 736 τὴν
1466 662 1671 736 Ιερου-

61 749 270 823 σαλὴμ,
311 749 434 806 τότε
475 752 653 821 γνῶτε
692 747 775 804 ὅτι
805 745 1035 819 ἤγγικεν
1066 746 1100 819 ἡ
1136 746 1407 820 ἐρήμωσις
1439 745 1667 819 αὐτῆς.”

63 840 110 891 6.
145 839 447 906 συγκρίνας
481 836 547 889 δέ
572 856 652 897 τις
675 830 770 898 τὰς
793 835 892 888 τοῦ
914 837 1157 903 σωτῆρος
1177 830 1333 903 ἡμῶν
1357 834 1526 898 λέξεις
1550 847 1670 896 ταῖς

61 926 279 983 λοιπαῖς
308 920 408 974 τοῦ
438 919 802 991 συγγραφέως
821 921 1082 986 ἱστορίαις
1106 931 1224 982 ταῖς
1248 918 1374 987 περὶ
1403 919 1503 971 τοῦ
1533 938 1668 972 παν-

62 1002 154 1069 τὸς
194 1004 438 1074 πολέμου
480 1005 594 1068 πῶς
635 997 740 1059 οὐκ
781 998 850 1057 ἂν
881 997 1339 1072 ἀποθαυμασειεν
1387 1006 1554 1057 θείαν
1596 998 1669 1065 ὡς

61 1084 286 1159 αληθως
331 1088 423 1142 καὶ
474 1084 778 1158 ὑπερφυως
830 1083 1146 1157 παραδοξον
1196 1084 1298 1156 τὴν
1349 1083 1671 1157 πρόγνωσιν

0 1214 9 1217 ⁷
61 1169 200 1244 ὁμοῦ
231 1172 321 1227 καὶ
344 1168 668 1276 πρόρρησιν
707 1173 805 1226 τοῦ
836 1172 1078 1242 σωτῆρος
1109 1168 1266 1242 ἡμων
1296 1167 1669 1241 ὁμολογήσας;

66 1261 110 1312 7.
145 1257 271 1327 περὶ
302 1279 403 1361 μεν
432 1256 535 1312 οὐν
563 1278 676 1311 των
706 1253 840 1326 μετὰ
863 1254 923 1310 τὸ
947 1252 1219 1326 σωτήριον
1244 1252 1422 1318 παθος
1453 1255 1544 1309 καὶ
1574 1251 1670 1319 τὰς

61 1338 254 1413 φωνὰς
288 1342 531 1411 ἐκείνας,
577 1343 637 1395 ἐν
682 1345 768 1404 αἱς
799 1337 833 1410 ἡ
865 1362 978 1395 των
1002 1336 1294 1394 Ἰουδαίων
1324 1336 1545 1409 πληθυς
1575 1335 1673 1394 τὸν

62 1425 166 1495 μὲν
196 1421 405 1498 λῃστὴν
444 1425 534 1479 καὶ
576 1425 750 1496 φονέα
791 1425 891 1479 τοῦ
922 1420 1174 1479 θανάτου
1206 1420 1542 1496 παρῄτηται,
1574 1421 1671 1478 τὸν

65 1508 127 1563 δὲ
166 1505 408 1581 ἀρχηγὸν
451 1512 546 1578 τῆς
587 1509 722 1578 ζωῆς
764 1510 816 1574 ἐξ
859 1505 1045 1563 αὐτῶν
1087 1510 1369 1563 ἱκέτευσεν
1407 1505 1671 1579 ἀρθῆναι,

63 1595 140 1667 τῷ
179 1593 346 1647 παντὶ
386 1591 818 1663 συμβεβηκότων
859 1595 1048 1661 ἔθνει,
1090 1589 1260 1647 οὐδὲν
1297 1585 1367 1647 ἂν
1409 1592 1523 1646 δέοι
1553 1603 1673 1656 ταῖς

65 1680 328 1749 ἱστορίαις
376 1677 661 1747 ἐπιλέγειν.
734 1680 781 1732 8.
816 1678 987 1731 ταῦτα
1021 1672 1073 1731 δ’
1107 1670 1177 1732 ἂν
1218 1684 1301 1746 εἴη
1343 1679 1562 1731 δίκαιον
1594 1680 1672 1730 ἔτι

33 1768 37 1770 ’
63 1769 414 1858 προσθεῖναι,
448 1785 481 1815 α
511 1755 714 1831 γένοιτ’
742 1784 812 1816 αν
835 1777 1212 1860 παραστατικα
1242 1765 1672 1865 φιλανθρωπίας

65 1849 160 1917 τῆς
214 1843 546 1946 παναγαθου
583 1849 874 1916 προνοίας,
927 1862 1338 1914 τεσσαρακοντα
1393 1841 1478 1916 ἐφ’
1525 1839 1672 1909 ολοις

68 1934 210 1986 ἔτεσι
248 1929 382 2001 μετὰ
421 1926 523 2000 τὴν
564 1928 701 1985 κατὰ
740 1932 838 1985 τοῦ
879 1931 1123 2002 Χριστου
1160 1926 1368 2001 τόλμαν
1408 1927 1505 1984 τὸν
1546 1925 1669 1983 κατ’

67 2013 252 2071 αὐτῶν
293 2013 531 2086 ὄλεθρον
569 2011 983 2086 ὑπερθεμένης,
1025 2016 1088 2069 ἐν
1123 2009 1271 2078 ὅσοις
1301 2018 1413 2069 τῶν
1442 2009 1673 2068 ἀποστό-

66 2105 180 2154 λων
210 2100 302 2154 καὶ
331 2099 443 2154 τῶν
473 2101 740 2170 μαθητῶν
770 2104 1022 2170 πλείους,
1061 2095 1318 2168 Ἰάκωβος
1359 2121 1418 2154 τε
1448 2092 1613 2162 αὐτὸς
1643 2091 1672 2151 ὁ

67 2184 199 2254 τῇδε
222 2186 434 2253 πρῶτος
460 2185 772 2253 ἐπίσκοπος,
804 2187 908 2239 τοῦ
925 2188 1123 2254 κυρίου
1148 2188 1491 2254 χρηματίζων
1514 2177 1586 2237 οἶδ
1592 2186 1673 2236 ελ-

65 2264 198 2338 φὸς,
231 2271 309 2323 ἔτι
338 2269 415 2342 τςὸ
445 2272 551 2343 βίῳ
583 2265 893 2338 περιόντες,
937 2269 1028 2323 καὶ
1061 2264 1145 2322 ἐπ’
1184 2264 1356 2338 αὐτῆς
1393 2271 1488 2337 τῆς
1512 2264 1672 2335 Ἱερο-

70 2348 327 2422 σολύμων
378 2349 589 2417 πόλεως
639 2349 736 2417 τοὶς
778 2350 1062 2422 διατριβὰς
1114 2349 1464 2423 ποιούμενοι,
1520 2352 1676 2421 ἕρκος

70 2431 254 2507 ὥσπερ
287 2432 628 2506 ἐχυρώτατον
658 2437 972 2508 παρέμενον
999 2438 1077 2512 τῷ
1105 2434 1284 2512 τόπω,
1317 2440 1363 2491 9.
1390 2440 1485 2506 τῆς
1516 2439 1677 2498 θείας

71 2519 369 2588 ἐπισκοπῆς
411 2519 575 2574 εἰσέτι
616 2517 735 2576 τότε
777 2517 1276 2592 μακροθυμούσης,
1319 2525 1371 2575 εἰ
1407 2517 1514 2591 ἄρα
1545 2517 1677 2574 ποτὲ

72 2605 378 2674 δυνηθεῖεν
419 2599 506 2674 ἐφ’
543 2598 624 2668 οἷς
665 2607 906 2675 ἔδρασαν
947 2602 1385 2677 μετανοήσαντες
1415 2599 1678 2674 ’συγγνώ·

67 2709 173 2757 μης
197 2687 287 2742 καὶ
313 2692 584 2759 σωτηρίας
607 2701 815 2760 τυχεῖν,
839 2689 931 2744 καὶ
956 2686 1091 2761 πρὸς
1115 2691 1181 2762 τῇ
1206 2687 1443 2761 τοσαύτῃ
1468 2709 1676 2759 μακρο-

188 2881 207 2916 1
241 2879 354 2922 Luc,
379 2880 446 2930 21,
470 2881 538 2919 23.
713 2882 738 2920 5
768 2881 881 2924 Luc.
904 2883 971 2932 ⁶21,
996 2883 1064 2921 20.

155 2959 385 2989 EUSEBIUS
427 2962 491 2990 η’.
1402 2966 1413 2998 ί

1694 1024 1734 1054 10

1695 1444 1736 1476 15

1695 1865 1736 1896 20

1697 2286 1738 2318 25

1698 2707 1740 2738 30
