1986 3152
445 958 767 1000 HISTORICUS
800 960 869 999 ET
901 959 1393 1010 GEOGRAPHICUS*).

111 1170 262 1210 Abdus
294 1169 561 1220 Edessenus,
599 1169 711 1210 Abdi
742 1169 871 1217 filius,
961 1170 1184 1218 Achaeus,
1235 1184 1408 1224 praeses
1460 1172 1724 1213 Palaestinae

141 1236 315 1266 sanatur
345 1239 369 1265 a
400 1225 628 1266 Thaddaeo
660 1227 692 1274 I,
717 1227 782 1274 13,
807 1228 872 1268 18.
989 1227 1081 1277 VII,
1118 1228 1182 1277 15,
1218 1230 1258 1268 3.

111 1282 426 1346 Abgar¹¹S‚¹'‘?X
456 1282 772 1346 EdssSS‘ffnffl'Uffl
805 1282 874 1347 lit?
960 1296 1161 1345 Achillas,
1187 1297 1388 1338 ecelesiae
1409 1298 1724 1339 Alexandrinae

139 1346 251 1378 teras
283 1345 410 1378 mittit
438 1338 492 1378 ad
523 1338 760 1390 Christum,
802 1351 873 1389 qui
989 1354 1210 1406 presbyter
1239 1354 1332 1402 VH,
1365 1356 1433 1405 32,
1466 1357 1535 1395 30·

139 1394 596 1503 thgs‘ittfgsstgasssiz,
630 1408 683 1499 1³?
690 1403 873 1500 ¹¹1²¹3tf¹¹11³ff
959 1423 1117 1463 A0h101·
1147 1424 1410 1464 Ammanites
1442 1424 1472 1472 Ι,
1505 1425 1544 1473 7,
1580 1426 1646 1467 13·

139 1507 191 1556 ΙΙ,
227 1508 264 1553 1,
296 1507 337 1547 6,
959 1494 1064 1533 Acta
1125 1493 1428 1546 Apostolorum
1495 1495 1720 1547 proximus

110 1562 380 1602 Abrahamus
402 1562 614 1603 Christum
636 1564 814 1616 agnovit
834 1572 874 1603 et
988 1557 1088 1601 post
1127 1557 1325 1614 quaml&
1355 1550 1588 1603 Evangelia
1612 1551 1723 1616 ‘libfiff

138 1619 268 1659 coluit
296 1619 328 1669 Ι,
358 1621 398 1670 2,
429 1621 467 1660 7·
499 1620 530 1665 L
561 1622 600 1668 4,
626 1621 692 1661 13·
728 1612 873 1673 ἄρχῃ,
987 1606 1019 1654 I,
1051 1606 1120 1658 25,
1147 1607 1185 1645 1.
1218 1615 1371 1646 reiecta
1401 1606 1453 1646 ab
1479 1605 1720 1648 Severianls

138 1670 220 1729 γὸς
252 1673 333 1716 καὶ
362 1669 619 1728 προπάτωρ
642 1670 874 1728 Ἑβραίων
986 1662 1060 1710 Ῑνν
1094 1663 1161 1709 29,
1194 1663 1235 1702 5·

138 1732 172 1784 Ι,
204 1733 246 1779 4,
279 1731 318 1774 5.
351 1730 609 1783 justificatur
640 1745 716 1785 per
746 1731 871 1772 fidem
958 1733 1067 1771 Acta
1097 1730 1240 1778 Pilati,
1276 1731 1452 1772 conficta
1484 1744 1508 1771 a
1538 1735 1720 1786 paganis

138 1799 258 1828 suam
290 1788 321 1836 I,
354 1789 396 1841 4,
431 1789 497 1831 11.
987 1787 1017 1835 1,
1040 1789 1078 1834 9,
1102 1789 1140 1828 3.
1172 1787 1203 1834 Ι,
1234 1789 1298 1835 11,
1321 1790 1359 1829 9.
1393 1787 1468 1836 IX,
1492 1789 1531 1837 5,
1557 1790 1594 1828 1.
1619 1791 1655 1835 7,
1681 1791 1718 1829 1.

223 1952 270 2007 *)
301 1956 466 1996 Indices
499 1958 541 1996 in
565 1956 739 1996 Eusebii
759 1956 989 1996 Historiam
1023 1955 1350 1996 ecclesiasticam
1381 1955 1453 1995 alii
1483 1955 1590 1996 alios
1620 1969 1719 1996 con-

110 2011 314 2061 fecerunt,
338 2024 463 2054 nemo
485 2012 702 2052 meliorem
725 2025 852 2062 quam
874 2012 925 2054 A.
951 2010 1246 2064 Sehweglerus
1269 2013 1311 2051 in
1333 2012 1519 2052 editione
1540 2025 1577 2052 a.
1597 2014 1719 2060 1852,

110 2068 183 2118 qui
223 2080 298 2106 nec
334 2068 515 2109 molesta
553 2069 810 2108 verbositate
849 2081 983 2119 neque
1023 2069 1293 2108 incommoda
1323 2067 1550 2108 lectoribus
1582 2069 1719 2108 brevi-

106 2132 190 2164 tate
228 2123 418 2166 laborat:
465 2125 585 2164 Hunc
622 2126 751 2178 igitur
781 2125 928 2177 paucis
960 2126 1133 2164 mutatis
1164 2124 1346 2171 adscivi,
1386 2132 1433 2164 ut
1462 2124 1506 2166 F.
1540 2128 1589 2167 A.
1622 2125 1719 2164 Hei-

110 2179 314 2220 nichenus
357 2193 532 2232 quoque
575 2182 618 2220 in
663 2181 849 2221 editione
901 2180 1031 2220 altera
1070 2178 1217 2232 (1868)
1262 2179 1375 2220 fecit.
1439 2179 1574 2220 Omisi
1623 2193 1719 2220 vero

106 2236 274 2276 brevem
305 2249 430 2286 quam
455 2236 748 2290 Schweglerus
781 2237 1004 2277 addiderat
1034 2236 1217 2276 tabulam
1249 2236 1604 2289 chronologicam,
1637 2249 1721 2287 qua

107 2293 386 2344 imperatores
417 2293 635 2334 Romanos
667 2294 766 2334 inde
795 2294 847 2333 ab
881 2292 1111 2333 Octaviano
1141 2293 1339 2345 Augusto
1370 2305 1507 2343 usque
1538 2293 1592 2332 ad
1612 2291 1722 2333 Con-

109 2348 338 2388 stantinum
372 2348 428 2397 (a.
450 2348 556 2403 324)
587 2351 867 2397 enumeravit,
901 2349 953 2389 de
983 2350 1136 2399 quibus
1173 2348 1288 2388 nulla
1317 2357 1382 2389 est
1410 2349 1638 2398 dubitatio,
1682 2357 1721 2388 et

113 2404 340 2457 pontifices
373 2404 590 2445 Romanos
629 2419 767 2456 usque
804 2406 859 2446 ad
890 2405 1064 2445 Eusebii
1102 2413 1302 2452 aetatem,
1340 2417 1517 2454 quorum
1557 2417 1633 2446 neo
1670 2406 1723 2444 de

108 2461 231 2499 annis
273 2472 348 2512 per
378 2473 488 2511 quos
521 2461 682 2514 singuli
722 2462 866 2502 sedem
897 2461 1176 2514 apostolicam
1208 2462 1418 2501 tenuerint
1455 2473 1531 2501 nec
1561 2461 1615 2501 de
1645 2473 1721 2500 no-

109 2516 295 2556 minibus
345 2517 461 2556 omni
506 2530 559 2556 ex
604 2525 724 2570 parte
761 2524 946 2557 constat:
993 2518 1045 2557 de
1083 2529 1168 2567 quo
1215 2517 1399 2556 videnda
1438 2529 1548 2567 quae
1583 2516 1720 2556 allatis

108 2574 367 2624 sci-iptorum
409 2573 662 2613 testimoniis
702 2573 810 2612 dixit
846 2572 1067 2613 Clintonus
1108 2574 1151 2611 iu
1190 2572 1442 2625 Appendice
1479 2573 1533 2612 ad
1572 2573 1721 2613 Fastos

109 2629 328 2669 Romanos
363 2629 446 2672 vol.
469 2631 510 2670 2.
542 2642 583 2682 p.
609 2630 846 2670 537—539.
907 2628 1002 2669 Non
1032 2629 1174 2668 minor
1204 2629 1255 2668 de
1287 2629 1503 2681 episeopis
1535 2628 1723 2668 Alexan-

109 2684 260 2733 drinis3
293 2685 569 2725 Antiochenis
603 2694 642 2726 et
670 2685 1069 2737 Hierosolymitanis
1102 2685 1325 2724 dissensus
1358 2692 1436 2735 est,
1468 2696 1576 2734 quos
1609 2683 1723 2724 Clin-

109 2747 237 2780 tonus
270 2741 327 2782 ib.
359 2742 622 2782 enumeravit
652 2754 693 2793 p.
717 2743 813 2791 535,
836 2742 950 2784 536..
990 2740 1218 2781 Pontifices
1249 2740 1486 2787 Romanos,
1520 2740 1590 2789 qui
1622 2747 1723 2792 post

111 2796 281 2836 Petrum
313 2797 456 2837 sedem
489 2797 767 2850 apostolicam
798 2797 1027 2845 tenuerint,
1061 2797 1270 2836 Eusebius
1302 2797 1344 2835 in
1375 2796 1561 2835 Histoi-ia
1592 2795 1719 2835 eccle-

110 2853 282 2892 siastica
312 2863 517 2894 memorat
547 2867 674 2894 unum
708 2863 748 2893 et
777 2855 965 2906 triginta,
997 2862 1043 2892 ut
1075 2853 1214 2892 videre
1244 2852 1339 2891 licet
1367 2853 1409 2891 in
1439 2851 1580 2890 Iudice
1611 2864 1646 2891 s.
1679 2863 1719 2890 v.

99 2908 284 2955 Roma,
321 2911 492 2951 omissis
526 2919 665 2951 tamen
697 2910 863 2950 duobus
898 2909 970 2958 (28
1001 2910 1091 2959 30).

192 2990 415 3020 EUSEBIUS
445 2993 506 3022 IV.
1310 2974 1378 3026 32
