1986 3152
263 123 366 175 432
945 121 1192 162 EUSEBH

266 238 333 310 δὴ
364 235 465 294 τὸν
498 237 708 310 τρόπον
751 237 920 293 δυσὶν
961 236 1152 303 ὅπλοις
1194 249 1311 302 τοῖς
1353 237 1870 310 προδεδηλωμένοις

264 326 459 394 λοιμοῦ
510 344 568 377 τε
610 319 751 393 ὁμοῦ
801 322 896 376 καὶ
947 326 1110 393 λιμοῦ
1164 319 1504 394 στρατεύσας
1556 316 1585 376 ὁ
1627 321 1869 388 θάνατος

263 406 396 471 ὅλας
429 407 490 461 ἐν
520 403 695 481 ὀλίγῳ
723 403 921 476 γενεάς
954 405 1228 478 ἐνεμήθη,
1274 399 1349 470 ῶς
1389 403 1531 478 ὁρᾶν
1570 404 1678 477 ἤδη
1709 409 1870 462 δυεῖν

264 491 356 546 καὶ
400 495 572 561 τριῶν
610 489 837 562 σώματα
878 494 1098 563 νεκρῶν
1129 485 1244 546 ὑπὸ
1275 495 1412 562 μιάν
1451 488 1696 562 ἐκφοράν
1727 510 1870 562 προ*

220 602 239 633 5
262 573 600 647 κομιζόμενα.
687 577 768 629 13.
826 579 1054 630 τοιαῦτα
1093 578 1189 645 τῆς
1222 579 1544 646 Μαξιμίνου
1586 581 1869 646 μεγαλαυ-

262 665 384 731 χίας
426 659 518 714 καὶ
559 662 678 714 τῶν
713 657 852 713 κατὰ
893 656 1082 723 πόλεις
1122 655 1255 713 καθ’
1301 655 1460 730 ἡμῶν
1502 657 1872 730 ψηφισμάτων

262 740 550 815 τάπίχειρα
590 737 691 815 ἦν,
733 741 824 798 ὅτε
863 743 957 798 καὶ
997 747 1094 814 τῆς
1136 747 1489 814 Χριστιανῶν
1533 743 1661 816 περὶ
1690 741 1872 798 πάντα

264 832 517 899 σπουδῆς
557 850 616 884 τε
654 827 747 883 καὶ
795 824 1078 899 εὐσεβείας
1132 831 1304 883 πᾶσιν
1361 831 1586 883 ἔθνεσιν
1639 826 1874 898 διάδηλοι

263 913 494 983 κατέστη
524 910 590 967 τὰ
619 911 904 984 τεκμήρια.
979 915 1059 967 14.
1105 908 1265 983 μόνοι
1304 916 1448 981 γοῦν
1483 913 1544 967 ἐν
1573 909 1870 984 τηλικαύτῃ

202 1024 243 1055 10
265 1001 455 1052 κακῶν
504 995 817 1070 περιστάσει
869 995 930 1052 τὸ
977 995 1270 1068 συμπαθὲς
1320 996 1414 1051 καὶ
1463 995 1873 1069 φιλάνθρωπον

265 1086 443 1151 ἔργοις
485 1078 676 1145 αὐτοῖς
720 1079 1190 1152 ἐπιδεικνύμενοι,
1236 1077 1326 1135 διά
1371 1079 1550 1150 πάσης
1580 1075 1788 1152 ἡμέρας
1819 1083 1877 1135 οἱ

262 1165 366 1237 μὲν
417 1169 487 1237 τῇ
539 1168 654 1220 τῶν
704 1162 1074 1234 θνησκόντων
1128 1162 1421 1236 (μυριάδες
1472 1161 1527 1219 δ’
1584 1157 1730 1235 ἦσαν
1790 1159 1874 1229 οἷς

264 1246 415 1314 οὔτις
467 1242 540 1319 ἦν
593 1246 621 1304 ὁ
677 1246 1166 1320 ἐπιμελησόμενος)
1220 1252 1418 1322 κηδείᾳ
1468 1270 1527 1304 τε
1579 1249 1673 1303 καὶ
1718 1253 1871 1322 ταφῇ

263 1333 775 1405 προσεκαρτέρουν,
828 1335 887 1389 οἱ
923 1332 985 1388 δὲ
1025 1337 1139 1388 τῶν
1182 1330 1291 1388 άνόι
1338 1336 1528 1388 πᾶσαν
1569 1331 1678 1404 τὴν]
1705 1332 1877 1390 πόλιν

200 1443 239 1474 15
264 1416 403 1489 πρὸς
442 1422 543 1473 τοῦ
594 1422 756 1489 λιμοῦ
799 1417 1300 1491 κατατρυχομένων
1342 1415 1446 1489 τὴν
1485 1415 1718 1489 πληθύν
1756 1411 1873 1474 ὑπὸ

259 1508 394 1572 μίαν
448 1500 694 1567 σύνοψιν
752 1499 1103 1575 ἀθροίζοντες
1166 1497 1371 1574 ἄρτους
1435 1504 1690 1574 διένεμον
1749 1513 1868 1579 τοῖς

262 1592 459 1657 πᾶσιν,
494 1584 567 1652 ῶς
600 1585 930 1659 περιβόητον
961 1591 1039 1652 εἰς
1071 1585 1281 1651 πάντας
1322 1583 1663 1659 ἀνθρώπους
1693 1609 1865 1643 κατα-

265 1675 459 1741 στῆναι
489 1669 551 1726 τὸ
594 1675 848 1744 πρᾶγμα,
889 1670 1030 1728 θεόν
1070 1693 1128 1727 τε
1166 1674 1281 1726 τῶν
1312 1673 1658 1742 Χριστιανῶν
1701 1669 1868 1738 δοξάᾳ

263 1763 398 1826 ζειν,
462 1752 714 1827 εὐσεβεῖς
771 1778 832 1812 τε
881 1756 974 1811 καὶ
1032 1754 1242 1826 μόνους
1299 1761 1587 1827 θεοσεβεῖς
1639 1754 1874 1820 τούτους

204 1865 244 1895 20
270 1838 528 1912 άληθῶς,
572 1839 713 1914 πρὸς
755 1838 945 1896 αὐτῶν
978 1841 1340 1912 ἐλεγχθέντας
1369 1844 1483 1896 τῶν
1513 1839 1872 1912 πραγμάτων,

272 1923 584 1996 ὁμολογεῖν.
670 1927 752 1981 15.
815 1923 906 1997 ἐφ’
942 1921 1024 1990 οἷς
1062 1929 1266 1981 τοῦτον
1307 1926 1746 1997 ἐπιτελουμένοις
1775 1921 1877 1980 τὸν

269 2008 479 2081 τρόπον
513 2007 541 2065 ὁ
573 2009 744 2081 μέγας
774 2009 868 2065 καὶ
899 2007 1162 2082 οὐράνιος
1186 2013 1536 2083 Χριστιανῶν
1556 2003 1875 2082 ὑπέρμαχος

271 2091 407 2157 θεὸς
437 2092 539 2164 τὴν
579 2093 717 2149 κατά
749 2094 977 2150 πάντων
1007 2088 1328 2165 άνθρῶπων
1359 2091 1448 2148 δια
1478 2098 1592 2149 τῶν
1622 2096 1872 2164 δεδηλω-

272 2177 458 2247 μένων
490 2177 896 2249 ἐπιδειξάμενος
927 2176 1160 2248 άπειλὴν
1201 2177 1295 2232 καὶ
1327 2172 1705 2248 ἀγανάκτησιν
1735 2174 1868 2232 ἀνθ’

209 2284 250 2314 25
275 2254 356 2315 ῶν
388 2265 466 2324 εἰς
506 2255 650 2332 ἡμᾶς
691 2255 1158 2334 ὑπερβαλλόντως
1203 2263 1574 2331 ἐνεδείξαντο,
1626 2259 1733 2331 τὴν
1771 2259 1870 2316 εὕ-

264 2349 403 2416 μενῆ
447 2345 540 2399 καὶ
585 2343 826 2416 φαιδρὰν
871 2350 968 2416 τῆς
1010 2344 1186 2401 αὐτοῦ
1243 2346 1368 2419 περὶ
1420 2340 1563 2418 ἡμᾶς
1607 2350 1873 2418 προνοίας

265 2422 432 2494 αὖθις
474 2426 609 2501 ἡμῖν
662 2427 847 2500 αὐγὴν
899 2428 1200 2501 ἀπεδίδου,
1257 2425 1331 2496 ῶς
1379 2431 1440 2486 ἐν
1479 2436 1652 2501 βαθεῖ
1693 2428 1870 2505 σκότῳ

265 2512 679 2585 παραδοξότατα
710 2518 830 2586 φῶς
859 2512 995 2586 ἡμῖν
1029 2516 1081 2581 ἐξ,
1107 2511 1283 2571 αὐτοῦ
1309 2512 1686 2587 καταλάμπων
1710 2513 1862 2587 εἰρή-

264 2620 392 2668 νης,
451 2598 686 2669 ἐκφανές
729 2621 789 2655 τε
829 2611 946 2665 τοῖς
988 2603 1120 2656 πᾶσι
1166 2597 1464 2670 καθιστάς,
1517 2598 1657 2655 θεὸν
1699 2595 1874 2654 αὐτὸν·
1923 2619 1930 2624 ·

201 2705 242 2736 30
264 2686 377 2736 τῶν
429 2678 565 2737 καθ’
619 2677 763 2754 ἡμᾶς
821 2684 1128 2739 ἐπίσκοπον
1179 2683 1269 2739 διὰ
1321 2682 1531 2749 παντὸς
1581 2683 1874 2754 γεγονέναι

265 2766 633 2840 πραγμάτων,
677 2774 1003 2839 μαστίζοντα
1046 2769 1151 2840 μὲν
1195 2769 1287 2823 καὶ
1333 2767 1425 2824 διά
1457 2773 1570 2824 τῶν
1602 2766 1868 2841 περιστά-

267 2867 410 2907 σεων
464 2850 603 2907 κατα-
650 2850 848 2924 καιρὸν-
896 2853 1294 2926 ἐπιστρέφοντα
1346 2852 1445 2914 τὸν
1491 2849 1668 2908 αὐτοῦ
1709 2849 1866 2921 λαὸν,

1922 2758 1956 2768 x
