<?xml version="1.0" encoding="UTF-8"?>
<!DOCTYPE html PUBLIC "-//W3C//DTD XHTML 1.0 Transitional//EN"
    "http://www.w3.org/TR/xhtml1/DTD/xhtml1-transitional.dtd">
<html xmlns="http://www.w3.org/1999/xhtml" xml:lang="en" lang="en">
 <head>
  <title>
</title>
<meta http-equiv="Content-Type" content="text/html;charset=utf-8" />
  <meta name='ocr-system' content='tesseract 3.04.00' />
  <meta name='ocr-capabilities' content='ocr_page ocr_carea ocr_par ocr_line ocrx_word'/>
</head>
<body>
  <div class='ocr_page' id='page_1' title='image "./operaeusebius04euseuoft_0463.png"; bbox 0 0 1986 3152; ppageno 0'>
   <div class='ocr_carea' id='block_1_1' title="bbox 559 130 1732 188">
    <p class='ocr_par' dir='ltr' id='par_1_1' title="bbox 559 130 1732 188">
     <span class='ocr_line' id='line_1_1' title="bbox 559 130 1732 188; baseline 0.015 -18"><span class='ocrx_word' id='word_1_1' title='bbox 559 130 642 170; x_wconf 85' lang='lat' dir='ltr'><em>DE</em></span> <span class='ocrx_word' id='word_1_2' title='bbox 673 130 858 175; x_wconf 84' lang='lat' dir='ltr'><strong>MART.</strong></span> <span class='ocrx_word' id='word_1_3' title='bbox 888 130 1178 174; x_wconf 78' lang='lat' dir='ltr'>PALAEST.</span> <span class='ocrx_word' id='word_1_4' title='bbox 1210 134 1290 176; x_wconf 86' lang='lat' dir='ltr'><em>1x.</em></span> <span class='ocrx_word' id='word_1_5' title='bbox 1627 134 1732 188; x_wconf 86' lang='lat'><em>403</em></span> 
     </span>
    </p>
   </div>
   <div class='ocr_carea' id='block_1_2' title="bbox 42 242 1790 3018">
    <p class='ocr_par' dir='ltr' id='par_1_2' title="bbox 42 242 1790 3018">
     <span class='ocr_line' id='line_1_2' title="bbox 126 242 1732 323; baseline 0.007 -24"><span class='ocrx_word' id='word_1_6' title='bbox 126 248 474 318; x_wconf 77' lang='grc' dir='ltr'><em>δημιουργοῦ</em></span> <span class='ocrx_word' id='word_1_7' title='bbox 519 242 673 302; x_wconf 81' lang='grc' dir='ltr'><em>θεόν.</em></span> <span class='ocrx_word' id='word_1_8' title='bbox 758 244 1176 321; x_wconf 74' lang='grc' dir='ltr'><em>ἀνερωτώμενοι</em></span> <span class='ocrx_word' id='word_1_9' title='bbox 1233 255 1374 323; x_wconf 86' lang='grc' dir='ltr'><em>δῆτα</em></span> <span class='ocrx_word' id='word_1_10' title='bbox 1417 257 1565 319; x_wconf 88' lang='grc' dir='ltr'><em>τίνες</em></span> <span class='ocrx_word' id='word_1_11' title='bbox 1617 253 1732 311; x_wconf 87' lang='grc' dir='ltr'><em>εἶεν</em></span> 
     </span>
     <span class='ocr_line' id='line_1_3' title="bbox 124 327 1726 411; baseline 0.006 -25"><span class='ocrx_word' id='word_1_12' title='bbox 124 327 488 402; x_wconf 77' lang='grc' dir='ltr'><em>Χριστιανούς</em></span> <span class='ocrx_word' id='word_1_13' title='bbox 531 333 677 401; x_wconf 77' lang='grc' dir='ltr'><em>σφᾶς</em></span> <span class='ocrx_word' id='word_1_14' title='bbox 716 333 1044 404; x_wconf 77' lang='grc' dir='ltr'><em>θαρσαλέως</em></span> <span class='ocrx_word' id='word_1_15' title='bbox 1098 331 1443 406; x_wconf 85' lang='grc' dir='ltr'><em>ωμολόγουν,</em></span> <span class='ocrx_word' id='word_1_16' title='bbox 1523 342 1572 394; x_wconf 79' lang='lat'><em>5.</em></span> <span class='ocrx_word' id='word_1_17' title='bbox 1635 337 1726 411; x_wconf 88' lang='grc' dir='ltr'><em>ἐφ’</em></span> 
     </span>
     <span class='ocr_line' id='line_1_4' title="bbox 123 409 1728 495; baseline 0.007 -26"><span class='ocrx_word' id='word_1_18' title='bbox 123 409 204 480; x_wconf 83' lang='grc' dir='ltr'><em>οἷς</em></span> <span class='ocrx_word' id='word_1_19' title='bbox 257 411 522 487; x_wconf 80' lang='grc' dir='ltr'><em>ὀξύτερον</em></span> <span class='ocrx_word' id='word_1_20' title='bbox 573 419 978 487; x_wconf 80' lang='grc' dir='ltr'><em>παρακινηθεὶς</em></span> <span class='ocrx_word' id='word_1_21' title='bbox 1029 417 1059 475; x_wconf 86' lang='grc' dir='ltr'>ὁ</span> <span class='ocrx_word' id='word_1_22' title='bbox 1106 420 1527 493; x_wconf 82' lang='grc' dir='ltr'><em>Φιρμιλλιανός,</em></span> <span class='ocrx_word' id='word_1_23' title='bbox 1588 423 1728 495; x_wconf 89' lang='grc' dir='ltr'><em>μηδε</em></span> 
     </span>
     <span class='ocr_line' id='line_1_5' title="bbox 119 497 1729 578; baseline 0.007 -26"><span class='ocrx_word' id='word_1_24' title='bbox 119 498 384 570; x_wconf 81' lang='grc' dir='ltr'><em>βασάνοις</em></span> <span class='ocrx_word' id='word_1_25' title='bbox 422 497 632 564; x_wconf 78' lang='grc' dir='ltr'><em>αὐτους</em></span> <span class='ocrx_word' id='word_1_26' title='bbox 672 500 1026 572; x_wconf 79' lang='grc' dir='ltr'><em>αἰκισάμενος</em></span> <span class='ocrx_word' id='word_1_27' title='bbox 1067 511 1344 578; x_wconf 80' lang='grc' dir='ltr'><em>κεφαλικῇ</em></span> <span class='ocrx_word' id='word_1_28' title='bbox 1377 511 1729 578; x_wconf 85' lang='grc' dir='ltr'><em>παραδίδωσι</em></span> 
     </span>
     <span class='ocr_line' id='line_1_6' title="bbox 120 581 1771 661; baseline 0.005 -22"><span class='ocrx_word' id='word_1_29' title='bbox 120 582 356 639; x_wconf 90' lang='grc' dir='ltr'><em>κολάσει.</em></span> <span class='ocrx_word' id='word_1_30' title='bbox 417 582 637 639; x_wconf 86' lang='grc' dir='ltr'><em>τούτων</em></span> <span class='ocrx_word' id='word_1_31' title='bbox 668 581 696 639; x_wconf 89' lang='grc' dir='ltr'>ὁ</span> <span class='ocrx_word' id='word_1_32' title='bbox 728 583 833 655; x_wconf 78' lang='grc' dir='ltr'><em>μὲν</em></span> <span class='ocrx_word' id='word_1_33' title='bbox 862 584 1236 661; x_wconf 88' lang='grc' dir='ltr'><em>πρεσβύτερος</em></span> <span class='ocrx_word' id='word_1_34' title='bbox 1267 592 1368 661; x_wconf 83' lang='grc' dir='ltr'><em>ἠν,</em></span> <span class='ocrx_word' id='word_1_35' title='bbox 1394 587 1728 658; x_wconf 79' lang='grc' dir='ltr'><em>Ἀντωνῖνος</em></span> <span class='ocrx_word' id='word_1_36' title='bbox 1749 614 1771 647; x_wconf 89' lang='lat'>5</span> 
     </span>
     <span class='ocr_line' id='line_1_7' title="bbox 121 666 1728 749; baseline 0.006 -26"><span class='ocrx_word' id='word_1_37' title='bbox 121 667 327 741; x_wconf 84' lang='grc' dir='ltr'><em>ὄνομα,</em></span> <span class='ocrx_word' id='word_1_38' title='bbox 370 666 399 724; x_wconf 89' lang='grc' dir='ltr'>ὁ</span> <span class='ocrx_word' id='word_1_39' title='bbox 443 667 505 724; x_wconf 74' lang='grc' dir='ltr'><em>δὲ</em></span> <span class='ocrx_word' id='word_1_40' title='bbox 537 672 771 740; x_wconf 85' lang='grc' dir='ltr'><em>Ζεβινᾶς</em></span> <span class='ocrx_word' id='word_1_41' title='bbox 815 670 1092 741; x_wconf 76' lang='grc' dir='ltr'><em>ἐκαλεῖτο,</em></span> <span class='ocrx_word' id='word_1_42' title='bbox 1133 678 1231 744; x_wconf 88' lang='grc' dir='ltr'><em>τῆς</em></span> <span class='ocrx_word' id='word_1_43' title='bbox 1267 672 1728 749; x_wconf 76' lang='grc' dir='ltr'><em>Ἐλευθεροπολι-</em></span> 
     </span>
     <span class='ocr_line' id='line_1_8' title="bbox 119 751 1727 836; baseline 0.006 -28"><span class='ocrx_word' id='word_1_44' title='bbox 119 757 232 809; x_wconf 75' lang='grc' dir='ltr'><em>τῶν</em></span> <span class='ocrx_word' id='word_1_45' title='bbox 273 751 625 826; x_wconf 73' lang='grc' dir='ltr'><em>ὁρμώμενος,</em></span> <span class='ocrx_word' id='word_1_46' title='bbox 679 754 971 827; x_wconf 83' lang='grc' dir='ltr'><em>Γερμανὸς</em></span> <span class='ocrx_word' id='word_1_47' title='bbox 1015 757 1077 812; x_wconf 76' lang='grc' dir='ltr'><em>δὲ</em></span> <span class='ocrx_word' id='word_1_48' title='bbox 1117 758 1208 811; x_wconf 85' lang='grc' dir='ltr'><em>καὶ</em></span> <span class='ocrx_word' id='word_1_49' title='bbox 1249 764 1327 832; x_wconf 78' lang='grc' dir='ltr'><em>τῷ</em></span> <span class='ocrx_word' id='word_1_50' title='bbox 1372 766 1539 836; x_wconf 79' lang='grc' dir='ltr'><em>τρίτῳ</em></span> <span class='ocrx_word' id='word_1_51' title='bbox 1581 756 1653 833; x_wconf 78' lang='grc' dir='ltr'><em>ἦν</em></span> <span class='ocrx_word' id='word_1_52' title='bbox 1692 759 1727 833; x_wconf 84' lang='grc' dir='ltr'>ἡ</span> 
     </span>
     <span class='ocr_line' id='line_1_9' title="bbox 120 839 1728 941; baseline 0.005 -48"><span class='ocrx_word' id='word_1_53' title='bbox 120 844 484 911; x_wconf 76' lang='grc' dir='ltr'><em>προσηγορία.</em></span> <span class='ocrx_word' id='word_1_54' title='bbox 575 843 724 896; x_wconf 89' lang='grc' dir='ltr'><em>Διου</em></span> <span class='ocrx_word' id='word_1_55' title='bbox 783 839 959 941; x_wconf 81' lang='grc' dir='ltr'><em>μηνὸς</em></span> <span class='ocrx_word' id='word_1_56' title='bbox 1018 842 1473 917; x_wconf 77' lang='grc' dir='ltr'><em>τρισκαιδεκάτῃ,</em></span> <span class='ocrx_word' id='word_1_57' title='bbox 1534 850 1728 911; x_wconf 81' lang='grc' dir='ltr'><em>Εἰδοῖς</em></span> 
     </span>
     <span class='ocr_line' id='line_1_10' title="bbox 50 921 1727 1032; baseline 0.004 -53"><span class='ocrx_word' id='word_1_58' title='bbox 50 933 55 938; x_wconf 86' lang='grc'><strong>’</strong></span> <span class='ocrx_word' id='word_1_59' title='bbox 119 927 461 997; x_wconf 87' lang='grc' dir='ltr'><em>Νοεμβρίαις</em></span> <span class='ocrx_word' id='word_1_60' title='bbox 490 923 584 979; x_wconf 85' lang='grc' dir='ltr'><em>καὶ</em></span> <span class='ocrx_word' id='word_1_61' title='bbox 612 921 680 979; x_wconf 82' lang='grc' dir='ltr'><em>τά</em></span> <span class='ocrx_word' id='word_1_62' title='bbox 711 922 851 980; x_wconf 82' lang='grc' dir='ltr'><em>κατά</em></span> <span class='ocrx_word' id='word_1_63' title='bbox 882 924 1118 990; x_wconf 79' lang='grc' dir='ltr'><em>τούτους</em></span> <span class='ocrx_word' id='word_1_64' title='bbox 1152 926 1421 1032; x_wconf 75' lang='grc' dir='ltr'><em>ἐπράχθη.</em></span> <span class='ocrx_word' id='word_1_65' title='bbox 1475 932 1524 982; x_wconf 86' lang='grc'><em>6.</em></span> <span class='ocrx_word' id='word_1_66' title='bbox 1573 935 1727 1000; x_wconf 90' lang='grc' dir='ltr'><em>γίνε-</em></span> 
     </span>
     <span class='ocr_line' id='line_1_11' title="bbox 118 1005 1790 1087; baseline 0.004 -24"><span class='ocrx_word' id='word_1_67' title='bbox 118 1030 204 1063; x_wconf 91' lang='grc' dir='ltr'><em>ται</em></span> <span class='ocrx_word' id='word_1_68' title='bbox 239 1005 294 1064; x_wconf 88' lang='grc' dir='ltr'><em>δ’</em></span> <span class='ocrx_word' id='word_1_69' title='bbox 339 1010 447 1064; x_wconf 81' lang='grc' dir='ltr'><em>οὐν</em></span> <span class='ocrx_word' id='word_1_70' title='bbox 487 1005 680 1074; x_wconf 78' lang='grc' dir='ltr'><em>αὐτοῖς</em></span> <span class='ocrx_word' id='word_1_71' title='bbox 724 1010 1118 1082; x_wconf 87' lang='grc' dir='ltr'><em>συναπόδημος</em></span> <span class='ocrx_word' id='word_1_72' title='bbox 1163 1009 1252 1066; x_wconf 83' lang='grc' dir='ltr'><em>ἐπ’</em></span> <span class='ocrx_word' id='word_1_73' title='bbox 1296 1010 1468 1084; x_wconf 76' lang='grc' dir='ltr'><em>αὐτῆς</em></span> <span class='ocrx_word' id='word_1_74' title='bbox 1519 1011 1726 1087; x_wconf 84' lang='grc' dir='ltr'><em>ἡμέρας</em></span> <span class='ocrx_word' id='word_1_75' title='bbox 1750 1038 1790 1070; x_wconf 91' lang='lat'><em>10</em></span> 
     </span>
     <span class='ocr_line' id='line_1_12' title="bbox 110 1090 1727 1171; baseline 0.002 -21.032"><span class='ocrx_word' id='word_1_76' title='bbox 110 1090 387 1159; x_wconf 79' lang='grc' dir='ltr'><em>Ἐνναθάς</em></span> <span class='ocrx_word' id='word_1_77' title='bbox 416 1097 530 1150; x_wconf 79' lang='grc' dir='ltr'><em>τῶν</em></span> <span class='ocrx_word' id='word_1_78' title='bbox 559 1091 671 1149; x_wconf 82' lang='grc' dir='ltr'><em>ἀπὸ</em></span> <span class='ocrx_word' id='word_1_79' title='bbox 707 1094 1126 1160; x_wconf 80' lang='grc' dir='ltr'><em>Σκυθοπόλεώς</em></span> <span class='ocrx_word' id='word_1_80' title='bbox 1166 1119 1248 1162; x_wconf 89' lang='grc' dir='ltr'><em>τις</em></span> <span class='ocrx_word' id='word_1_81' title='bbox 1281 1096 1456 1168; x_wconf 81' lang='grc' dir='ltr'><em>γυνὴ,</em></span> <span class='ocrx_word' id='word_1_82' title='bbox 1507 1107 1727 1171; x_wconf 84' lang='grc' dir='ltr'><em>παρθε-</em></span> 
     </span>
     <span class='ocr_line' id='line_1_13' title="bbox 116 1177 1726 1255; baseline 0.004 -22"><span class='ocrx_word' id='word_1_83' title='bbox 116 1182 242 1243; x_wconf 88' lang='grc' dir='ltr'><em>νίας</em></span> <span class='ocrx_word' id='word_1_84' title='bbox 274 1178 535 1250; x_wconf 79' lang='grc' dir='ltr'><em>στέμματι</em></span> <span class='ocrx_word' id='word_1_85' title='bbox 563 1178 657 1234; x_wconf 81' lang='grc' dir='ltr'><em>καὶ</em></span> <span class='ocrx_word' id='word_1_86' title='bbox 688 1177 830 1250; x_wconf 79' lang='grc' dir='ltr'><em>αὐτὴ</em></span> <span class='ocrx_word' id='word_1_87' title='bbox 862 1181 1265 1252; x_wconf 80' lang='grc' dir='ltr'><em>κεκοσμημένη,</em></span> <span class='ocrx_word' id='word_1_88' title='bbox 1300 1179 1366 1237; x_wconf 84' lang='grc' dir='ltr'><em>οὐ</em></span> <span class='ocrx_word' id='word_1_89' title='bbox 1388 1182 1595 1238; x_wconf 83' lang='grc' dir='ltr'><em>ταυτὸν</em></span> <span class='ocrx_word' id='word_1_90' title='bbox 1623 1183 1726 1255; x_wconf 78' lang='grc' dir='ltr'><em>μὲν</em></span> 
     </span>
     <span class='ocr_line' id='line_1_14' title="bbox 117 1260 1724 1340; baseline 0.003 -23"><span class='ocrx_word' id='word_1_91' title='bbox 117 1260 307 1329; x_wconf 77' lang='grc' dir='ltr'><em>αὐτοῖς</em></span> <span class='ocrx_word' id='word_1_92' title='bbox 338 1263 781 1335; x_wconf 78' lang='grc' dir='ltr'><em>διαπραξαμένη,</em></span> <span class='ocrx_word' id='word_1_93' title='bbox 828 1265 1090 1336; x_wconf 80' lang='grc' dir='ltr'><em>ἑλχθεΐσα</em></span> <span class='ocrx_word' id='word_1_94' title='bbox 1131 1264 1195 1320; x_wconf 76' lang='grc' dir='ltr'><em>δὲ</em></span> <span class='ocrx_word' id='word_1_95' title='bbox 1224 1271 1323 1340; x_wconf 78' lang='grc' dir='ltr'><em>βία</em></span> <span class='ocrx_word' id='word_1_96' title='bbox 1351 1267 1444 1321; x_wconf 83' lang='grc' dir='ltr'><em>καὶ</em></span> <span class='ocrx_word' id='word_1_97' title='bbox 1475 1284 1724 1339; x_wconf 86' lang='grc' dir='ltr'><em>προσαχ-</em></span> 
     </span>
     <span class='ocr_line' id='line_1_15' title="bbox 114 1343 1726 1423; baseline 0.003 -21"><span class='ocrx_word' id='word_1_98' title='bbox 114 1355 284 1404; x_wconf 80' lang='grc' dir='ltr'><em>θεῖσα</em></span> <span class='ocrx_word' id='word_1_99' title='bbox 314 1352 393 1423; x_wconf 77' lang='grc' dir='ltr'><em>τῷ</em></span> <span class='ocrx_word' id='word_1_100' title='bbox 424 1351 674 1421; x_wconf 81' lang='grc' dir='ltr'><em>δικαστῇ.</em></span> <span class='ocrx_word' id='word_1_101' title='bbox 731 1352 776 1403; x_wconf 89' lang='lat'><em>7.</em></span> <span class='ocrx_word' id='word_1_102' title='bbox 807 1348 943 1420; x_wconf 83' lang='grc' dir='ltr'><em>μετά</em></span> <span class='ocrx_word' id='word_1_103' title='bbox 976 1349 1246 1422; x_wconf 87' lang='grc' dir='ltr'><em>μάστιγας</em></span> <span class='ocrx_word' id='word_1_104' title='bbox 1278 1343 1383 1406; x_wconf 75' lang='grc' dir='ltr'><em>οὖν</em></span> <span class='ocrx_word' id='word_1_105' title='bbox 1413 1352 1507 1406; x_wconf 83' lang='grc' dir='ltr'><em>καὶ</em></span> <span class='ocrx_word' id='word_1_106' title='bbox 1538 1351 1726 1417; x_wconf 82' lang='grc' dir='ltr'><em>δεινάς</em></span> 
     </span>
     <span class='ocr_line' id='line_1_16' title="bbox 114 1429 1789 1508; baseline 0.003 -21"><span class='ocrx_word' id='word_1_107' title='bbox 114 1431 336 1505; x_wconf 81' lang='grc' dir='ltr'><em>ὕβρεις,</em></span> <span class='ocrx_word' id='word_1_108' title='bbox 381 1429 447 1498; x_wconf 72' lang='grc' dir='ltr'><em>ἃς</em></span> <span class='ocrx_word' id='word_1_109' title='bbox 489 1432 768 1505; x_wconf 79' lang='grc' dir='ltr'><em>ἐπήγαγεν</em></span> <span class='ocrx_word' id='word_1_110' title='bbox 798 1429 973 1507; x_wconf 77' lang='grc' dir='ltr'><em>αὐτῇ,</em></span> <span class='ocrx_word' id='word_1_111' title='bbox 1017 1432 1154 1490; x_wconf 74' lang='grc' dir='ltr'><em>οὐδὲ</em></span> <span class='ocrx_word' id='word_1_112' title='bbox 1192 1434 1330 1506; x_wconf 82' lang='grc' dir='ltr'><em>μετά</em></span> <span class='ocrx_word' id='word_1_113' title='bbox 1372 1435 1596 1508; x_wconf 89' lang='grc' dir='ltr'><em>γνώμης</em></span> <span class='ocrx_word' id='word_1_114' title='bbox 1627 1440 1724 1508; x_wconf 86' lang='grc' dir='ltr'><em>τῆς</em></span> <span class='ocrx_word' id='word_1_115' title='bbox 1747 1458 1789 1492; x_wconf 89' lang='lat'><em>15</em></span> 
     </span>
     <span class='ocr_line' id='line_1_17' title="bbox 113 1518 1726 1591; baseline 0.002 -18"><span class='ocrx_word' id='word_1_116' title='bbox 113 1523 363 1589; x_wconf 84' lang='grc' dir='ltr'><em>μείζονος</em></span> <span class='ocrx_word' id='word_1_117' title='bbox 418 1519 700 1589; x_wconf 80' lang='grc' dir='ltr'><em>ἐξουσίας,</em></span> <span class='ocrx_word' id='word_1_118' title='bbox 755 1522 868 1574; x_wconf 74' lang='grc' dir='ltr'><em>τῶν</em></span> <span class='ocrx_word' id='word_1_119' title='bbox 906 1518 1045 1574; x_wconf 82' lang='grc' dir='ltr'><em>κατά</em></span> <span class='ocrx_word' id='word_1_120' title='bbox 1098 1525 1346 1590; x_wconf 90' lang='grc' dir='ltr'><em>γειτνίαν</em></span> <span class='ocrx_word' id='word_1_121' title='bbox 1400 1519 1726 1591; x_wconf 82' lang='grc' dir='ltr'><em>ἐφεστώτων</em></span> 
     </span>
     <span class='ocr_line' id='line_1_18' title="bbox 58 1601 1727 1677; baseline 0.002 -19"><span class='ocrx_word' id='word_1_122' title='bbox 58 1646 62 1650; x_wconf 85' lang='grc'><strong>-</strong></span> <span class='ocrx_word' id='word_1_123' title='bbox 113 1625 194 1668; x_wconf 88' lang='grc' dir='ltr'><em>τις</em></span> <span class='ocrx_word' id='word_1_124' title='bbox 244 1601 539 1675; x_wconf 85' lang='grc' dir='ltr'><em>χιλιάρχων</em></span> <span class='ocrx_word' id='word_1_125' title='bbox 585 1602 817 1674; x_wconf 78' lang='grc' dir='ltr'><em>ἐτόλμα,</em></span> <span class='ocrx_word' id='word_1_126' title='bbox 873 1603 1075 1671; x_wconf 81' lang='grc' dir='ltr'><em>Μάξυς</em></span> <span class='ocrx_word' id='word_1_127' title='bbox 1127 1603 1330 1677; x_wconf 79' lang='grc' dir='ltr'><em>ὄνομα,</em></span> <span class='ocrx_word' id='word_1_128' title='bbox 1385 1610 1587 1677; x_wconf 83' lang='grc' dir='ltr'><em>χείρων</em></span> <span class='ocrx_word' id='word_1_129' title='bbox 1628 1608 1727 1677; x_wconf 85' lang='grc' dir='ltr'><em>τῆς</em></span> 
     </span>
     <span class='ocr_line' id='line_1_19' title="bbox 113 1686 1727 1764; baseline 0.001 -20"><span class='ocrx_word' id='word_1_130' title='bbox 113 1693 489 1761; x_wconf 85' lang='grc' dir='ltr'><em>προσηγορίας</em></span> <span class='ocrx_word' id='word_1_131' title='bbox 513 1687 836 1761; x_wconf 80' lang='grc' dir='ltr'><em>ἄνθρωπος,</em></span> <span class='ocrx_word' id='word_1_132' title='bbox 866 1686 1060 1761; x_wconf 83' lang='grc' dir='ltr'><em>μιαρὸς</em></span> <span class='ocrx_word' id='word_1_133' title='bbox 1082 1689 1186 1760; x_wconf 76' lang='grc' dir='ltr'><em>μὲν</em></span> <span class='ocrx_word' id='word_1_134' title='bbox 1209 1688 1275 1744; x_wconf 77' lang='grc' dir='ltr'><em>τὰ</em></span> <span class='ocrx_word' id='word_1_135' title='bbox 1299 1688 1459 1759; x_wconf 77' lang='grc' dir='ltr'><em>ἄλλα,</em></span> <span class='ocrx_word' id='word_1_136' title='bbox 1495 1689 1727 1764; x_wconf 79' lang='grc' dir='ltr'><em>ἰσχυρὸς</em></span> 
     </span>
     <span class='ocr_line' id='line_1_20' title="bbox 114 1766 1726 1847; baseline 0.001 -19"><span class='ocrx_word' id='word_1_137' title='bbox 114 1770 167 1827; x_wconf 83' lang='grc' dir='ltr'><em>δ’</em></span> <span class='ocrx_word' id='word_1_138' title='bbox 200 1769 669 1846; x_wconf 81' lang='grc' dir='ltr'><em>ὑπερβαλλόντως</em></span> <span class='ocrx_word' id='word_1_139' title='bbox 709 1771 771 1828; x_wconf 86' lang='grc' dir='ltr'><em>τὸ</em></span> <span class='ocrx_word' id='word_1_140' title='bbox 802 1766 944 1844; x_wconf 77' lang='grc' dir='ltr'><em>ἦθος</em></span> <span class='ocrx_word' id='word_1_141' title='bbox 958 1817 973 1844; x_wconf 90' lang='grc'><em>,</em></span> <span class='ocrx_word' id='word_1_142' title='bbox 1016 1774 1109 1829; x_wconf 86' lang='grc' dir='ltr'><em>καὶ</em></span> <span class='ocrx_word' id='word_1_143' title='bbox 1150 1771 1250 1830; x_wconf 84' lang='grc' dir='ltr'><em>τὸν</em></span> <span class='ocrx_word' id='word_1_144' title='bbox 1291 1773 1472 1830; x_wconf 91' lang='grc' dir='ltr'><em>πάντα</em></span> <span class='ocrx_word' id='word_1_145' title='bbox 1516 1773 1726 1847; x_wconf 88' lang='grc' dir='ltr'><em>τρόπον</em></span> 
     </span>
     <span class='ocr_line' id='line_1_21' title="bbox 113 1854 1783 1931; baseline 0.001 -18"><span class='ocrx_word' id='word_1_146' title='bbox 113 1856 296 1923; x_wconf 85' lang='grc' dir='ltr'><em>δεινός</em></span> <span class='ocrx_word' id='word_1_147' title='bbox 324 1880 404 1923; x_wconf 89' lang='grc' dir='ltr'><em>τις</em></span> <span class='ocrx_word' id='word_1_148' title='bbox 433 1854 607 1923; x_wconf 77' lang='grc' dir='ltr'><em>ὄντως</em></span> <span class='ocrx_word' id='word_1_149' title='bbox 646 1860 738 1913; x_wconf 89' lang='grc' dir='ltr'><em>καὶ</em></span> <span class='ocrx_word' id='word_1_150' title='bbox 769 1856 920 1930; x_wconf 85' lang='grc' dir='ltr'><em>παρά</em></span> <span class='ocrx_word' id='word_1_151' title='bbox 952 1862 1089 1915; x_wconf 80' lang='grc' dir='ltr'><em>πᾶσι</em></span> <span class='ocrx_word' id='word_1_152' title='bbox 1119 1870 1234 1924; x_wconf 81' lang='grc' dir='ltr'><em>τοῖς</em></span> <span class='ocrx_word' id='word_1_153' title='bbox 1263 1863 1563 1931; x_wconf 90' lang='grc' dir='ltr'><em>γνωρίμοις</em></span> <span class='ocrx_word' id='word_1_154' title='bbox 1595 1863 1711 1914; x_wconf 92' lang='grc' dir='ltr'><em>δια-</em></span> <span class='ocrx_word' id='word_1_155' title='bbox 1740 1882 1783 1915; x_wconf 82' lang='lat'><em>20</em></span> 
     </span>
     <span class='ocr_line' id='line_1_22' title="bbox 110 1935 1723 2016; baseline 0.001 -18"><span class='ocrx_word' id='word_1_156' title='bbox 110 1944 479 2014; x_wconf 82' lang='grc' dir='ltr'><em>βεβλημένος,</em></span> <span class='ocrx_word' id='word_1_157' title='bbox 520 1935 684 2008; x_wconf 76' lang='grc' dir='ltr'><em>οὗτος</em></span> <span class='ocrx_word' id='word_1_158' title='bbox 722 1943 826 2015; x_wconf 90' lang='grc' dir='ltr'><em>μέν</em></span> <span class='ocrx_word' id='word_1_159' title='bbox 862 1966 926 2013; x_wconf 92' lang='grc' dir='ltr'><em>γε</em></span> <span class='ocrx_word' id='word_1_160' title='bbox 958 1945 1193 2015; x_wconf 80' lang='grc' dir='ltr'><em>ἐσθῆτος</em></span> <span class='ocrx_word' id='word_1_161' title='bbox 1232 1940 1450 2015; x_wconf 81' lang='grc' dir='ltr'><em>ἀπάσης</em></span> <span class='ocrx_word' id='word_1_162' title='bbox 1479 1942 1582 2015; x_wconf 80' lang='grc' dir='ltr'><em>τὴν</em></span> <span class='ocrx_word' id='word_1_163' title='bbox 1613 1967 1723 2016; x_wconf 92' lang='grc' dir='ltr'><em>μα-</em></span> 
     </span>
     <span class='ocr_line' id='line_1_23' title="bbox 111 2023 1722 2101; baseline 0 -19"><span class='ocrx_word' id='word_1_164' title='bbox 111 2033 315 2101; x_wconf 89' lang='grc' dir='ltr'><em>καριάν</em></span> <span class='ocrx_word' id='word_1_165' title='bbox 346 2025 637 2093; x_wconf 78' lang='grc' dir='ltr'><em>ἀποδύσας</em></span> <span class='ocrx_word' id='word_1_166' title='bbox 657 2072 670 2098; x_wconf 90' lang='grc'><em>,</em></span> <span class='ocrx_word' id='word_1_167' title='bbox 706 2025 779 2093; x_wconf 78' lang='grc' dir='ltr'><em>ὦς</em></span> <span class='ocrx_word' id='word_1_168' title='bbox 809 2026 914 2099; x_wconf 81' lang='grc' dir='ltr'><em>τὴν</em></span> <span class='ocrx_word' id='word_1_169' title='bbox 939 2030 992 2095; x_wconf 81' lang='grc' dir='ltr'><em>ἐξ</em></span> <span class='ocrx_word' id='word_1_170' title='bbox 1018 2023 1229 2099; x_wconf 80' lang='grc' dir='ltr'><em>ὀσφύος</em></span> <span class='ocrx_word' id='word_1_171' title='bbox 1253 2026 1390 2084; x_wconf 79' lang='grc' dir='ltr'><em>αὐτὸ</em></span> <span class='ocrx_word' id='word_1_172' title='bbox 1422 2027 1599 2099; x_wconf 90' lang='grc' dir='ltr'><em>μόνον</em></span> <span class='ocrx_word' id='word_1_173' title='bbox 1629 2029 1722 2083; x_wconf 84' lang='grc' dir='ltr'><em>καὶ</em></span> 
     </span>
     <span class='ocr_line' id='line_1_24' title="bbox 113 2110 1724 2185; baseline 0 -17"><span class='ocrx_word' id='word_1_174' title='bbox 113 2112 204 2168; x_wconf 80' lang='grc' dir='ltr'><em>ἐπὶ</em></span> <span class='ocrx_word' id='word_1_175' title='bbox 243 2111 419 2178; x_wconf 86' lang='grc' dir='ltr'><em>πόδας</em></span> <span class='ocrx_word' id='word_1_176' title='bbox 459 2112 873 2184; x_wconf 84' lang='grc' dir='ltr'><em>καλύπτεσθαι,</em></span> <span class='ocrx_word' id='word_1_177' title='bbox 924 2111 986 2168; x_wconf 84' lang='grc' dir='ltr'><em>τὸ</em></span> <span class='ocrx_word' id='word_1_178' title='bbox 1032 2110 1089 2167; x_wconf 83' lang='grc' dir='ltr'><em>δ’</em></span> <span class='ocrx_word' id='word_1_179' title='bbox 1124 2111 1260 2169; x_wconf 77' lang='grc' dir='ltr'><em>ἄλλο</em></span> <span class='ocrx_word' id='word_1_180' title='bbox 1303 2117 1460 2184; x_wconf 77' lang='grc' dir='ltr'><em>σῶμα</em></span> <span class='ocrx_word' id='word_1_181' title='bbox 1502 2112 1724 2185; x_wconf 85' lang='grc' dir='ltr'><em>γυμνὸν</em></span> 
     </span>
     <span class='ocr_line' id='line_1_25' title="bbox 113 2197 1722 2273; baseline -0.001 -20"><span class='ocrx_word' id='word_1_182' title='bbox 113 2202 284 2269; x_wconf 81' lang='grc' dir='ltr'><em>ἔχειν,</em></span> <span class='ocrx_word' id='word_1_183' title='bbox 320 2197 424 2270; x_wconf 86' lang='grc' dir='ltr'><em>τήν</em></span> <span class='ocrx_word' id='word_1_184' title='bbox 451 2220 511 2253; x_wconf 90' lang='grc' dir='ltr'><em>τε</em></span> <span class='ocrx_word' id='word_1_185' title='bbox 540 2201 728 2254; x_wconf 79' lang='grc' dir='ltr'><em>πᾶσαν</em></span> <span class='ocrx_word' id='word_1_186' title='bbox 758 2197 1089 2271; x_wconf 82' lang='grc' dir='ltr'><em>Καισαρέων</em></span> <span class='ocrx_word' id='word_1_187' title='bbox 1112 2197 1276 2253; x_wconf 89' lang='grc' dir='ltr'><em>πόλιν</em></span> <span class='ocrx_word' id='word_1_188' title='bbox 1305 2197 1496 2273; x_wconf 76' lang='grc' dir='ltr'><em>κύκλῳ</em></span> <span class='ocrx_word' id='word_1_189' title='bbox 1528 2219 1722 2271; x_wconf 91' lang='grc' dir='ltr'><em>περια-</em></span> 
     </span>
     <span class='ocr_line' id='line_1_26' title="bbox 109 2279 1785 2355; baseline -0.001 -17"><span class='ocrx_word' id='word_1_190' title='bbox 109 2281 331 2354; x_wconf 75' lang='grc' dir='ltr'><em>γαγών,</em></span> <span class='ocrx_word' id='word_1_191' title='bbox 386 2286 576 2355; x_wconf 75' lang='grc' dir='ltr'><em>ἱμᾶσιν</em></span> <span class='ocrx_word' id='word_1_192' title='bbox 627 2281 738 2339; x_wconf 84' lang='grc' dir='ltr'><em>ἀνά</em></span> <span class='ocrx_word' id='word_1_193' title='bbox 789 2282 970 2348; x_wconf 88' lang='grc' dir='ltr'><em>πάσας</em></span> <span class='ocrx_word' id='word_1_194' title='bbox 1015 2283 1317 2355; x_wconf 80' lang='grc' dir='ltr'><em>ἑλκομένην</em></span> <span class='ocrx_word' id='word_1_195' title='bbox 1364 2280 1463 2347; x_wconf 83' lang='grc' dir='ltr'><em>τάς</em></span> <span class='ocrx_word' id='word_1_196' title='bbox 1514 2279 1721 2355; x_wconf 76' lang='grc' dir='ltr'><em>ἀγορὰς</em></span> <span class='ocrx_word' id='word_1_197' title='bbox 1744 2303 1785 2336; x_wconf 83' lang='lat'><em>25</em></span> 
     </span>
     <span class='ocr_line' id='line_1_27' title="bbox 109 2365 1723 2441; baseline -0.001 -19"><span class='ocrx_word' id='word_1_198' title='bbox 109 2366 423 2424; x_wconf 83' lang='grc' dir='ltr'><em>τύπτεσθαι</em></span> <span class='ocrx_word' id='word_1_199' title='bbox 474 2368 603 2441; x_wconf 87' lang='grc' dir='ltr'><em>περὶ</em></span> <span class='ocrx_word' id='word_1_200' title='bbox 655 2373 870 2425; x_wconf 83' lang='grc' dir='ltr'><em>πολλοῦ</em></span> <span class='ocrx_word' id='word_1_201' title='bbox 921 2379 1169 2424; x_wconf 77' lang='grc' dir='ltr'><em>ποιεῖται.</em></span> <span class='ocrx_word' id='word_1_202' title='bbox 1251 2371 1300 2424; x_wconf 80' lang='grc'><em>8.</em></span> <span class='ocrx_word' id='word_1_203' title='bbox 1359 2367 1455 2422; x_wconf 87' lang='grc' dir='ltr'><em>καὶ</em></span> <span class='ocrx_word' id='word_1_204' title='bbox 1486 2365 1555 2438; x_wconf 82' lang='grc' dir='ltr'><em>δὴ</em></span> <span class='ocrx_word' id='word_1_205' title='bbox 1587 2365 1723 2439; x_wconf 70' lang='grc' dir='ltr'><em>μετὰ</em></span> 
     </span>
     <span class='ocr_line' id='line_1_28' title="bbox 59 2447 1722 2532; baseline -0.001 -24"><span class='ocrx_word' id='word_1_206' title='bbox 59 2527 62 2532; x_wconf 26' lang='lat'>¹</span> <span class='ocrx_word' id='word_1_207' title='bbox 109 2456 355 2509; x_wconf 82' lang='grc' dir='ltr'><em>τοσαῦτα</em></span> <span class='ocrx_word' id='word_1_208' title='bbox 406 2453 879 2526; x_wconf 81' lang='grc' dir='ltr'><em>θαρσαλεωτάτην</em></span> <span class='ocrx_word' id='word_1_209' title='bbox 931 2459 1192 2509; x_wconf 79' lang='grc' dir='ltr'><em>ἔνστασιν</em></span> <span class='ocrx_word' id='word_1_210' title='bbox 1244 2453 1339 2508; x_wconf 78' lang='grc' dir='ltr'><em>καὶ</em></span> <span class='ocrx_word' id='word_1_211' title='bbox 1387 2447 1477 2507; x_wconf 88' lang='grc' dir='ltr'><em>ἐπ’</em></span> <span class='ocrx_word' id='word_1_212' title='bbox 1534 2450 1722 2507; x_wconf 78' lang='grc' dir='ltr'><em>αὐτῶν</em></span> 
     </span>
     <span class='ocr_line' id='line_1_29' title="bbox 108 2531 1721 2611; baseline -0.001 -18"><span class='ocrx_word' id='word_1_213' title='bbox 108 2541 222 2593; x_wconf 77' lang='grc' dir='ltr'><em>τῶν</em></span> <span class='ocrx_word' id='word_1_214' title='bbox 250 2531 600 2611; x_wconf 73' lang='grc' dir='ltr'><em>ἡγεμονικῶν</em></span> <span class='ocrx_word' id='word_1_215' title='bbox 631 2538 896 2611; x_wconf 87' lang='grc' dir='ltr'><em>βημάτων</em></span> <span class='ocrx_word' id='word_1_216' title='bbox 938 2538 1329 2610; x_wconf 84' lang='grc' dir='ltr'><em>ἐνδειξαμένην</em></span> <span class='ocrx_word' id='word_1_217' title='bbox 1373 2541 1552 2604; x_wconf 77' lang='grc' dir='ltr'><em>ζῶσαν</em></span> <span class='ocrx_word' id='word_1_218' title='bbox 1583 2536 1721 2608; x_wconf 84' lang='grc' dir='ltr'><em>πυρὶ</em></span> 
     </span>
     <span class='ocr_line' id='line_1_30' title="bbox 110 2619 1722 2698; baseline -0.002 -19"><span class='ocrx_word' id='word_1_219' title='bbox 110 2627 496 2698; x_wconf 89' lang='grc' dir='ltr'><em>παραδίδωσιν</em></span> <span class='ocrx_word' id='word_1_220' title='bbox 546 2621 575 2679; x_wconf 88' lang='grc' dir='ltr'>ὁ</span> <span class='ocrx_word' id='word_1_221' title='bbox 618 2622 907 2696; x_wconf 76' lang='grc' dir='ltr'><em>δικαστὴς,</em></span> <span class='ocrx_word' id='word_1_222' title='bbox 962 2620 1024 2688; x_wconf 84' lang='grc' dir='ltr'><em>ὃς</em></span> <span class='ocrx_word' id='word_1_223' title='bbox 1075 2623 1168 2678; x_wconf 83' lang='grc' dir='ltr'><em>καὶ</em></span> <span class='ocrx_word' id='word_1_224' title='bbox 1220 2622 1282 2678; x_wconf 84' lang='grc' dir='ltr'><em>τὸ</em></span> <span class='ocrx_word' id='word_1_225' title='bbox 1335 2619 1722 2694; x_wconf 79' lang='grc' dir='ltr'><em>ἀπάνθρωπον</em></span> 
     </span>
     <span class='ocr_line' id='line_1_31' title="bbox 111 2705 1783 2780; baseline -0.004 -16"><span class='ocrx_word' id='word_1_226' title='bbox 111 2709 384 2774; x_wconf 88' lang='grc' dir='ltr'><em>ἐπιτείνας</em></span> <span class='ocrx_word' id='word_1_227' title='bbox 412 2708 515 2780; x_wconf 83' lang='grc' dir='ltr'><em>τὴν</em></span> <span class='ocrx_word' id='word_1_228' title='bbox 543 2708 683 2765; x_wconf 83' lang='grc' dir='ltr'><em>κατά</em></span> <span class='ocrx_word' id='word_1_229' title='bbox 713 2714 827 2765; x_wconf 77' lang='grc' dir='ltr'><em>τῶν</em></span> <span class='ocrx_word' id='word_1_230' title='bbox 859 2711 1149 2779; x_wconf 75' lang='grc' dir='ltr'><em>θεοσεβεόν</em></span> <span class='ocrx_word' id='word_1_231' title='bbox 1180 2705 1384 2763; x_wconf 90' lang='grc' dir='ltr'><em>λύτταν</em></span> <span class='ocrx_word' id='word_1_232' title='bbox 1426 2706 1567 2778; x_wconf 86' lang='grc' dir='ltr'><em>πέρα</em></span> <span class='ocrx_word' id='word_1_233' title='bbox 1605 2708 1719 2760; x_wconf 77' lang='grc' dir='ltr'><em>τῶν</em></span> <span class='ocrx_word' id='word_1_234' title='bbox 1741 2726 1783 2757; x_wconf 86' lang='lat'><em>30</em></span> 
     </span>
     <span class='ocr_line' id='line_1_32' title="bbox 42 2788 1718 2868; baseline -0.002 -20"><span class='ocrx_word' id='word_1_235' title='bbox 42 2842 51 2862; x_wconf 77' lang='grc'><em>,</em></span> <span class='ocrx_word' id='word_1_236' title='bbox 107 2797 205 2865; x_wconf 84' lang='grc' dir='ltr'><em>τῆς</em></span> <span class='ocrx_word' id='word_1_237' title='bbox 230 2792 452 2865; x_wconf 87' lang='grc' dir='ltr'><em>φύσεως</em></span> <span class='ocrx_word' id='word_1_238' title='bbox 483 2793 680 2868; x_wconf 86' lang='grc' dir='ltr'><em>προῄει</em></span> <span class='ocrx_word' id='word_1_239' title='bbox 709 2798 974 2867; x_wconf 78' lang='grc' dir='ltr'><em>θεσμῶν,</em></span> <span class='ocrx_word' id='word_1_240' title='bbox 1006 2788 1145 2848; x_wconf 75' lang='grc' dir='ltr'><em>ου’δὲ</em></span> <span class='ocrx_word' id='word_1_241' title='bbox 1174 2797 1356 2864; x_wconf 84' lang='grc' dir='ltr'><em>ταφῆς</em></span> <span class='ocrx_word' id='word_1_242' title='bbox 1388 2788 1718 2860; x_wconf 84' lang='grc' dir='ltr'><em>αἰδούμενος</em></span> 
     </span>
     <span class='ocr_line' id='line_1_33' title="bbox 107 2873 1717 2951; baseline -0.004 -17"><span class='ocrx_word' id='word_1_243' title='bbox 107 2874 345 2950; x_wconf 84' lang='grc' dir='ltr'><em>ἀψύχοις</em></span> <span class='ocrx_word' id='word_1_244' title='bbox 384 2883 671 2951; x_wconf 83' lang='grc' dir='ltr'><em>φθονῆσαι</em></span> <span class='ocrx_word' id='word_1_245' title='bbox 710 2891 825 2945; x_wconf 78' lang='grc' dir='ltr'><em>τοῖς</em></span> <span class='ocrx_word' id='word_1_246' title='bbox 865 2882 979 2934; x_wconf 80' lang='grc' dir='ltr'><em>τῶν</em></span> <span class='ocrx_word' id='word_1_247' title='bbox 1021 2880 1189 2949; x_wconf 79' lang='grc' dir='ltr'><em>ίερῶν</em></span> <span class='ocrx_word' id='word_1_248' title='bbox 1229 2875 1456 2946; x_wconf 78' lang='grc' dir='ltr'><em>ἀνδρῶν</em></span> <span class='ocrx_word' id='word_1_249' title='bbox 1486 2873 1717 2945; x_wconf 89' lang='grc' dir='ltr'><em>σώμασι.</em></span> 
     </span>
     <span class='ocr_line' id='line_1_34' title="bbox 1359 2966 1468 3018; baseline 0 0"><span class='ocrx_word' id='word_1_250' title='bbox 1359 2966 1468 3018; x_wconf 75' lang='lat'><em>26*</em></span> 
     </span>
    </p>
   </div>
  </div>
 </body>
</html>
