2032 3174
653 113 812 156 HIST.
840 113 1086 155 ECCLES.
1119 116 1154 155 I.
1187 118 1226 155 2.
1715 116 1748 166 ἶ)

1702 237 1724 247 ιν

139 254 246 290 που
290 227 412 288 κατ’
455 228 640 288 εἰκόνα
680 228 951 304 ἡμετέραν
992 232 1082 287 καὶ
1123 227 1256 287 καθ’
1299 229 1618 303 ὃμοίωσιν.”
1697 254 1744 290 0.

137 313 344 388 ταύτην
375 315 436 372 δὲ
469 318 727 388 ἐγγυᾶται
756 313 858 387 τὴν
880 313 1078 387 φωνὴν
1101 318 1402 388 προφητῶν
1425 314 1607 389 ἄλλος,
1641 308 1754 373 ὧδέ

138 423 253 467 πως
287 402 346 456 ἐν
376 397 569 472 ὕμνοις
599 402 885 471 θεολογῶν
907 395 1109 466 “αῦτός
1142 399 1287 471 εἶπε,
1320 402 1410 456 καὶ
1445 399 1746 473 ἐγεννήθη-

139 500 270 542 σαν·
328 483 491 551 αῦτός
536 487 867 554 ἐνετείλατο,
922 484 1014 539 καὶ
1066 481 1458 557 ἐκτίσθησανῇ
1510 484 1605 542 τὸν
1645 486 1748 557 μὲν

138 572 345 643 πατέρα
370 571 459 626 καὶ
486 568 718 641 ποιητὴν
742 566 981 639 εἰσάγων
1019 565 1171 625 ὦσαν
1204 566 1560 642 πανηγεμόνα
1591 575 1746 640 βασι·
1770 594 1789 626 5

138 660 273 732 λικῷ
303 653 534 726 νεύματι
565 650 998 726 προστάττοντα,
1031 652 1128 708 τὸν
1162 653 1221 709 δὲ
1251 651 1427 730 τούτῳ
1461 653 1749 728 δευτερεύ-

138 762 270 796 οντα
299 748 460 795 θεῖον
489 736 683 809 λόγον,
715 733 815 809 οὐχ
847 738 1035 810 ἕτερον
1063 739 1165 793 τοῦ
1193 735 1328 808 πρὸς
1360 736 1515 810 ἡμῶν
1546 762 1750 813 κηρυτ-

137 825 395 896 τομένου,
428 835 546 889 ταῖς
578 835 866 894 πατρικαῖς
899 819 1207 888 ἐπιτάξεσιν
1237 816 1642 894 ὑπουργοῦντα.
1699 827 1745 878 6.

135 909 331 964 τοῦτον
361 907 451 962 καὶ
482 902 589 962 άπὸ
628 904 847 978 πρώτης
877 901 1339 979 άνθρωπογονιάς
1370 903 1598 977 πάντες,
1630 904 1748 962 ὅσοι

139 989 207 1063 δὴ
251 988 576 1064 δικαιοσύνῃ
617 991 710 1046 καὶ
751 996 1079 1061 θεοσεβείας
1110 986 1280 1064 άρετῇ
1325 993 1625 1063 διαπρέψαι
1656 994 1748 1046 λέ-
1771 1016 1811 1046 10

137 1099 355 1147 γονται,
387 1073 536 1147 ἀμφί
561 1097 618 1130 τε
648 1073 745 1131 τὸν
776 1078 951 1147 μέγαν
990 1072 1310 1147 θεράποντα
1342 1077 1622 1147 ΝΙωυσέα,
1656 1077 1747 1131 καὶ

136 1157 242 1232 πρό
272 1184 336 1231 γε
366 1157 539 1216 αὐτοῦ
579 1165 791 1234 πρῶτος
819 1156 1094 1233 Ἀβραὰμ,
1137 1157 1337 1216 τούτου
1379 1183 1436 1216 τε
1467 1163 1524 1216 οἱ
1549 1164 1748 1226 παῖδες

137 1246 228 1301 καὶ
269 1243 388 1302 ὅσοι
427 1243 715 1316 μετέπειτα
759 1248 964 1308 δίκαιοι
1006 1242 1286 1316 πεφήνασι
1327 1245 1418 1300 καὶ
1449 1247 1746 1317 προφῆται,

137 1337 405 1399 καθαροῖς
439 1333 685 1394 διανοίας
714 1325 920 1400 ὄμμασι
960 1330 1377 1400 φαντασθέντες
1409 1327 1661 1400 ἕγνωσάν
1690 1351 1750 1384 τε

139 1413 230 1468 καὶ
271 1407 362 1468 οἷα
411 1415 550 1469 θεοῦ
603 1413 762 1468 παιδὶ
803 1410 862 1468 τὸ
901 1415 1182 1483 προσῆκον
1221 1409 1523 1484 ἀπένειμαν
1561 1414 1743 1484 σέβας.
1769 1435 1809 1468 15

142 1501 185 1552 7.
219 1491 381 1562 αὐτὸς
423 1496 484 1552 δε
523 1492 781 1568 οὐδαμῶς
823 1492 1242 1571 άπορρᾳθυμῶν
1280 1498 1374 1568 τῆς
1414 1499 1515 1553 τοῦ
1545 1496 1748 1569 πατρὸς

138 1575 424 1651 εὐσεβείας
468 1578 800 1647 διδάσκαλος
839 1593 952 1646 τοῖς
996 1586 1128 1637 πᾶσι
1158 1583 1253 1652 τῆς
1284 1586 1550 1653 πατρικῆς
1582 1587 1749 1638 καθί-

136 1682 298 1721 στατο
327 1661 597 1736 γνώσεως.
642 1665 833 1736 ωφθαι
864 1667 1001 1736 γοῦν
1025 1663 1212 1737 κύριος
1242 1660 1270 1720 ὁ
1301 1664 1431 1730 θεὸς
1462 1663 1748 1736 ἀνείρηται

135 1745 224 1805 οἷά
254 1772 334 1815 τις
366 1772 548 1814 κοινος
578 1746 876 1821 άνθρωπος
900 1754 975 1825 τῷ
1000 1747 1246 1821 Ἀβραὰμ
1270 1751 1572 1825 καθημένῳ
1599 1770 1747 1821 παρα

134 1831 236 1905 τὴν
267 1835 407 1906 δρῦν
437 1830 538 1904 τὴν
570 1835 834 1906 Μαμβρῆ.
895 1834 924 1888 ὁ
959 1831 1008 1888 δ’
1046 1830 1345 1890 ὑποπεσών
1376 1831 1594 1905 αὐτίκα,
1626 1839 1744 1890 καί·
1769 1856 1810 1888 20

135 1940 218 1974 τοι
248 1940 311 1989 γε
340 1914 644 1990 ανθρωπον
667 1914 979 1990 ὀφθαλμοῖς
1008 1913 1175 1990 ὁρῶν,
1207 1931 1516 1989 προσκυνεῖ
1539 1941 1642 1990 μεν
1673 1917 1747 1982 ὥς

137 1999 301 2073 θεὸν,
335 2000 566 2060 ικετεύει
598 2002 658 2059 δε
691 2025 764 2069 ως
794 2000 1017 2075 κύριον,
1049 2000 1310 2074 ὁμολογεῖ
1334 2024 1395 2058 τε
1425 2001 1498 2074 μὴ
1521 2000 1748 2072 ἀγνοεῖν

134 2083 281 2151 ὅστις
323 2095 434 2187 εἴη,
488 2085 727 2160 ρήμασιν
767 2084 953 2152 αὐτοῖς
995 2046 1230 2159 λέγωνο
1235 2081 1414 2159 κύριε
1464 2084 1492 2142 ὁ
1535 2092 1746 2158 κρίνων

135 2175 318 2227 πᾶσαν
340 2170 442 2243 τὴν
463 2176 590 2243 γῆν,
622 2169 688 2228 οὐ
713 2169 959 2243 ποιήσεις
991 2169 1238 2243 κρίσιν;”
1276 2176 1322 2228 8.
1352 2175 1402 2228 εἰ
1423 2195 1530 2244 γαρ
1553 2171 1746 2243 μηδεὶς

137 2256 412 2326 ἐπιτρέποι
453 2254 610 2328 λόγος
648 2253 750 2328 τὴν
780 2251 1083 2329 ἀγέννητον
1114 2257 1205 2312 καὶ
1245 2253 1518 2328 ἄτρεπτον
1547 2253 1746 2312 οὐσίαν
1767 2277 1809 2309 25

137 2342 274 2396 θεοῦ
314 2345 414 2396 τοῦ
452 2338 891 2414 παντοκράτορος
934 2346 1011 2407 εἰς
1050 2339 1252 2413 ἀνδρὸς
1294 2340 1438 2407 εἶδος
1469 2338 1745 2413 μεταβάλ-

138 2430 286 2494 λειν,
328 2422 458 2495 μηδ’
495 2416 567 2481 αῦ
605 2429 875 2498 γεννητοῦ
914 2422 1151 2498 μηδενὸς
1191 2431 1471 2500 φαντασίᾳ
1511 2423 1605 2490 τὰς
1635 2427 1746 2480 τῶν

136 2504 396 2580 ὁρώντων
433 2505 587 2575 ὄψεις
620 2511 921 2580 ἐξαπατᾶν,
967 2511 1107 2583 μηδὲ
1138 2508 1248 2583 μὴν
1290 2514 1511 2578 ψευδῶς
1542 2509 1608 2564 τὰ
1638 2531 1744 2564 τοι-

137 2593 275 2647 αῦτα
306 2589 644 2650 πλάττεσθαι
674 2591 776 2665 τὴν
807 2592 1047 2666 γραφὴν,
1080 2592 1211 2660 θεὸς
1242 2595 1333 2650 καὶ
1360 2588 1597 2666 κύριοςὸ
1626 2597 1743 2663 κρί-

137 2698 252 2732 νων
282 2681 468 2733 πᾶσαν
508 2675 608 2748 τὴν
645 2682 750 2749 γῆν
793 2680 883 2734 καὶ
915 2683 1092 2736 ποιῶν
1123 2684 1307 2751 κρίσιν
1349 2680 1408 2735 ἐν
1437 2674 1743 2750 ἀνθρώπου
1767 2696 1808 2728 ῑτο

250 2870 274 2907 3
306 2869 378 2911 Ps.
404 2871 454 2909 32
479 2869 584 2922 (33),
607 2872 646 2909 9.
808 2873 857 2910 18
890 2871 1002 2912 Gen.
1030 2872 1094 2921 18,
1122 2873 1156 2909 1.
1333 2872 1386 2910 23
1420 2869 1531 2910 Gen.
1558 2869 1621 2918 18,
1644 2869 1711 2909 25.
