1986 3152
729 807 777 866 E
796 808 850 866 U
866 807 903 867 S
922 808 970 866 E
987 809 1036 866 B
1053 808 1081 866 I
1100 808 1129 866 1

223 943 425 1007 LIBER
485 943 578 1007 DE
632 943 1076 1009 MARTYRIBUS
1129 943 1627 1008 PALAESTINAE.

126 1198 234 1253 [Καὶ
266 1197 418 1242 ταῦτα
450 1195 500 1241 ἕν
531 1215 622 1242 τινι
655 1193 932 1257 ἆντιγροὲφῳ
965 1193 1015 1241 ἐν
1047 1199 1110 1257 τῷ
1142 1192 1295 1255 ὀγδόῳ
1327 1193 1451 1257 τόμῳ
1491 1191 1725 1253 εύρομεν.]

254 1316 618 1389 [Προοίμιον]
677 1321 722 1373 1.
754 1316 911 1382 ’Έτος
941 1323 1106 1373 τοῦτο
1136 1311 1210 1389 ἦν
1242 1317 1725 1374 ἐννεακαιδεκατον

120 1406 215 1472 τῆς
247 1407 657 1472 Διοκλητιανοῦ
687 1408 1002 1473 βασιλείας,
1045 1401 1323 1468 Ξανθικός
1353 1401 1494 1474 μὴν,
1539 1398 1599 1466 ὃς
1632 1403 1724 1456 λέ-
1748 1431 1768 1461 5

121 1482 263 1556 ‘yon'
308 1480 381 1541 ἂν
408 1481 718 1557 Ἀπρίλλιος
760 1508 897 1541 κατα
925 1481 1254 1558 Ρωμαίους,
1303 1488 1364 1542 ἐν
1406 1488 1447 1561 ςό
1490 1489 1586 1556 τῆς
1626 1489 1728 1540 τοῦ

124 1575 402 1643 σωτηρίου
465 1570 688 1636 πάθους
751 1572 939 1642 ἑορτῆς
1004 1569 1486 1642 ἐπιλαμβανούσης
1541 1564 1728 1640 ἡγεῖτο

120 1654 223 1726 μὲν
251 1653 565 1726 Φλαβιανός
588 1659 688 1710 τοῦ
711 1658 824 1710 τῶν
839 1659 1227 1711 Παλαιστινῶν
1249 1660 1473 1723 ἔθνους,
1504 1651 1727 1724 ἥπλωτο

122 1737 178 1794 δ’
213 1737 439 1810 ἀθρόως
469 1743 755 1810 πανταχοῦ
786 1739 1112 1811 γράμματα,
1154 1737 1254 1804 τοὶς
1291 1738 1396 1811 μὲν
1435 1740 1727 1808 ἐκκλησίας

123 1828 201 1887 εἰς
233 1827 440 1894 ἔδαφος
470 1823 690 1895 φέρειν,
721 1822 817 1888 τὰς
850 1823 912 1879 δὲ
942 1822 1164 1895 γραφὰς
1195 1821 1430 1894 ἀφανεῖς
1461 1822 1598 1893 πυρὶ
1630 1844 1725 1892 γε-
1754 1852 1792 1882 10

123 1909 322 1962 νέσθαι
352 1907 789 1979 προστάττοντα,
835 1908 927 1962 καὶ
969 1906 1100 1972 τούς
1142 1907 1246 1978 μὲν
1273 1912 1434 1979 τιμῆς
1467 1908 1726 1977 ἐπειλημ-

122 1993 327 2063 μένους
358 1989 619 2063 ἀτίμους,
658 1990 791 2056 τούς
822 1991 886 2047 δὲ
919 1994 978 2047 ἐν
1010 1996 1297 2062 οἰκετίαις,
1341 1996 1393 2046 εἰ
1422 1991 1729 2061 ἐπιμένοιεν

119 2081 188 2148 τῇ
219 2080 320 2131 τοῦ
353 2080 791 2147 Χριστιανισμου
835 2076 1132 2149 προθέσει,
1175 2077 1498 2146 ἐλευθερίας
1540 2078 1726 2144 στερί-

122 2167 354 2216 σκεσθαι
395 2160 863 2232 προαγορεύοντα.
917 2163 965 2216 2.
1015 2160 1108 2215 καὶ
1111 2157 1182 2247 ,ἡ
1226 2159 1330 2231 μὲν
1370 2164 1466 2230 τῆς
1508 2157 1728 2229 πρώτης

122 2243 258 2300 καθ’
291 2239 453 2315 ἡμῶν
482 2248 702 2316 γραφῆς
733 2243 958 2316 τοιαύτη
988 2267 1067 2309 τις
1097 2237 1171 2315 ἦν
1201 2243 1454 2312 δύναμις.
1509 2239 1628 2314 μετ’
1657 2239 1724 2297 ου’
1753 2270 1791 2299 1

122 2327 266 2383 πολυ
299 2327 362 2383 δὲ
395 2329 598 2399 ἑτέρων
642 2329 1113 2400 ἐπιφοιτησοὲντων
1152 2350 1493 2400 γραμματων
1522 2344 1724 2426 προσε-

121 2411 338 2468 τάττετο
410 2412 543 2476 τούς
604 2417 719 2469 τῶν
773 2414 1083 2485 ἐκκλησιῶν
1146 2414 1457 2484 προέδρους
1516 2431 1727 2474 παντας

122 2500 375 2568 πανταχῆ
416 2501 638 2568 πρῶτον
677 2496 782 2570 μὲν
837 2502 1062 2570 δεσμοῖς
1114 2500 1559 2567 παραδίδοσθαι,
1612 2490 1724 2550 εἷθ’

31 2638 34 2639 ⁷
122 2580 364 2653 ὕστερον
395 2579 547 2654 πάσῃ
578 2585 801 2655 μηχανῇ
831 2581 1000 2637 θύειν
1033 2579 1512 2651 ἐξαναγκάζεσθαι.

247 2675 283 2724 l.
333 2669 570 2737 Πρῶτος
599 2669 899 2737 τοιγαροῦν
929 2669 1044 2720 τῶν
1069 2665 1158 2719 ἐπὶ
1183 2669 1561 2734 Παλαιστίνης
1582 2683 1724 2734 μαρ-
1750 2687 1790 2716 20

120 2747 317 2819 τύρων
346 2748 694 2820 Προκόπιος,
738 2749 872 2818 πρὶν
901 2746 935 2820 ἢ
966 2752 1226 2821 φυλακῆς
1266 2759 1469 2818 πεῖραν
1512 2751 1724 2816 λαβεῖν,

122 2830 302 2898 εὐθύς
335 2831 444 2889 ἀπὸ
480 2833 701 2905 πρώτης
744 2832 968 2889 εἰσόδου
1009 2844 1126 2898 τοῖς
1163 2829 1512 2904 ἡγεμονικοῖς
1543 2850 1723 2899 παρα-
