1986 3152
277 116 378 168 146
953 115 1204 157 EUSEBII

1587 197 1600 218 Υ

275 231 453 304 δήμου
485 231 899 304 χαριζομένους,
932 225 1168 301 ἀκρίτως
1199 237 1438 287 κτείνειν
1469 228 1700 303 αὐτοὺς,
1732 228 1880 290 ἄντι·-

274 314 479 388 γράψαι
526 319 820 390 Μινουκίῳ
854 316 1166 389 Φουνδανῷ
1208 309 1515 391 ἀνθυπάτῳ
1555 320 1651 388 τῆς
1674 314 1879 389 Ἀσίας,

273 397 679 472 προστάττοντα
717 398 930 470 μηδένα
960 403 1199 454 κτείνειν
1237 395 1374 455 ἄνευ
1417 398 1746 472 ἐγκλήματος
1787 403 1879 458 καὶ

275 481 508 555 εὐλόγου
540 488 886 555 κατηγορίας.
960 487 1004 539 7.
1039 483 1130 538 καὶ
1161 485 1257 554 τῆς
1305 484 1590 555 ἐπιστολῆς
1632 485 1694 540 δὲ
1723 484 1882 542 ἀντί-

229 591 248 623 5
273 592 490 642 γραφον
513 569 925 641 παρατέθειται,
957 563 1059 638 τὴν
1076 561 1381 639 Ρωμαικὴν
1403 567 1618 640 φωνὴν,
1652 564 1725 636 ὥς
1750 565 1881 642 εἶχε,

273 650 630 724 διαφυλάξας.
691 652 948 723 προλέγει
991 648 1044 707 δ’
1080 647 1251 722 αυτῆς
1292 653 1464 708 ταῦτα
1495 650 1629 708 “uoci
1671 655 1723 720 ἐξ
1769 656 1881 710 ἐπι-

263 733 497 808 “στολῆς
540 736 602 792 δε
641 738 813 792 ταῦτα
852 738 952 792 τοῦ
1002 741 1265 835 μεγίστου
1306 738 1398 792 καὶ
1441 735 1882 808 ἐπιφανεστάτου

263 817 582 894 “Καίσαρος
609 816 905 892 Ἀδριανοῦ
926 823 1025 876 τοῦ
1049 817 1252 893 πατρὸς
1283 818 1445 893 ὑμῶν
1476 826 1690 894 ἔχοντες
1721 844 1881 879 απαι-

263 902 417 963 ““τεῖν
456 903 627 977 ὑμᾶς,
679 902 830 961 καθά
873 901 1188 976 ἠξιώσαμεν
1226 910 1485 962 κελεῦσαι
1526 902 1621 970 τὰς
1673 912 1881 979 κρίσεις

210 1013 247 1043 10
265 986 591 1062 “γίνεσθαι,
634 991 797 1045 τοῦτο
827 985 929 1061 οὐχ
978 986 1051 1054 ὡς
1090 984 1199 1044 ὑπὸ
1235 985 1531 1062 Ἀδριανοῦ
1573 991 1882 1048 κελευσθὲν

261 1073 512 1146 “μᾶλλον
542 1071 883 1145 ἠξιώσαμεν,
915 1071 1054 1130 ἀλλὰ
1085 1074 1177 1129 καὶ
1210 1075 1270 1128 ἐκ
1300 1077 1399 1130 τοῦ
1433 1077 1768 1132 ἐπίστασθαι
1800 1080 1879 1132 δι-

263 1155 469 1214 “καίαν
500 1157 693 1225 ἀξιοῦν
721 1154 824 1228 τὴν
849 1154 1268 1230 προσφώνησιν.
1316 1155 1667 1230 ὑπετάξαμεν
1697 1159 1758 1216 δὲ
1789 1161 1880 1215 καὶ

261 1241 393 1313 “mk
437 1243 724 1313 ἐπιστολῆς
769 1238 1067 1311 Ἀδριανοῦ
1108 1240 1168 1296 τὸ
1219 1239 1564 1316 ἀντίγραφον
1578 1286 1591 1311 ,
1643 1247 1737 1299 ἵνα
1789 1245 1882 1300 καὶ

260 1323 460 1382 “notho
502 1323 807 1398 ἀληθεύειν
851 1323 994 1397 ἡμᾶς
1032 1330 1344 1398 γνωρίζητε.
1417 1328 1510 1382 καὶ
1552 1332 1664 1383 ἔστι
1695 1323 1877 1384 τόδε.”

211 1434 250 1464 15
277 1406 323 1468 3.
357 1409 570 1476 τούτοις
601 1407 630 1466 ὃ
662 1409 765 1482 μὲν
797 1410 1074 1481 δηλωθεὶς
1105 1406 1247 1482 ἀνὴρ
1281 1408 1456 1482 αὐτὴν
1486 1412 1882 1484 παρατέθειται
1958 1440 1962 1446 ·

269 1494 371 1567 τὴν
396 1491 702 1567 Ῥωμαϊκὴν
732 1492 1114 1567 ἀντιγραφὴν,
1156 1492 1315 1566 ἡμεῖς
1349 1493 1402 1550 δ’
1439 1500 1516 1561 εἰς
1547 1494 1606 1552 τὸ
1630 1493 1850 1567 Έλληνι

269 1578 371 1636 κὸν
394 1578 531 1636 κατὰ
557 1578 802 1651 δύναμιν
826 1576 1004 1651 αὐτὴν
1027 1576 1454 1651 μετειλήφαμεν,
1489 1586 1728 1652 ε”χουσαν
1751 1571 1877 1636 οἶδε·

397 1674 476 1723 ΙΧ.
531 1674 660 1740 [Nic.
698 1673 754 1722 H.
785 1674 839 1723 E.
874 1674 962 1730 ΙΙΙ,
1000 1671 1111 1739 27]
1166 1660 1503 1739 “Μινουκίςο
1549 1667 1876 1740 Φουνδανῷ.

261 1745 596 1820 “ἐπιστολὴν
637 1745 907 1820 ἐδεξάμην
946 1744 1259 1821 γραφεῖσάν
1296 1771 1388 1819 μοι
1430 1743 1537 1803 ἀπὸ
1569 1754 1880 1819 Σερεννίου
1947 1823 1950 1827 ι

206 1854 246 1885 20
261 1828 640 1935 ΞΓρανιανοῦ,
666 1830 1053 1905 λαμπροτάτου
1076 1828 1344 1902 ἀνδρὸς,
1325 1829 1516 1888 όντινα
1541 1831 1610 1887 σὺ
1631 1834 1874 1900 διεδέξω.

261 1912 365 1973 “οὗ
411 1921 569 1974 δοκει
605 1939 698 1989 μοι
737 1916 840 1973 οῦν
879 1913 939 1973 τὸ
970 1921 1195 1988 πρᾶγμα
1238 1911 1501 1988 αζήτητον
1532 1923 1877 1988 καταλιπεῖν,

258 1998 290 2019 “
300 2005 392 2056 ίνα
423 1999 557 2073 μήτε
586 2006 644 2057 οι
681 1998 974 2072 ἅνθρωποι
1012 1997 1386 2069 ταράττωνται
1427 2002 1519 2056 καὶ
1560 2014 1674 2066 τοῖς
1715 2018 1877 2058 συκο-

261 2080 535 2156 “φάνταις
564 2091 794 2157 χορηγία
825 2090 1158 2156 κακουργίας
1198 2087 1540 2158 παρασχεθῇ.
1613 2090 1660 2141 2.
1697 2090 1748 2142 εί
1774 2077 1879 2142 οῦν

263 2164 493 2240 “σαφεός
540 2174 616 2232 εἰς
658 2168 864 2240 ταύτην
903 2167 1006 2241 τὴν
1049 2164 1278 2236 ἀξίωσιν
1322 2172 1380 2224 οἱ
1418 2171 1749 2242 ἐπαρχιῶται
1781 2167 1877 2226 δυ’-

206 2251 496 2318 25“νανται
550 2257 987 2325 διισχυρίζεσθαι
1038 2249 1175 2309 κατα
1213 2255 1325 2309 τῶν
1365 2255 1743 2325 Χριστιανῶν,
1805 2249 1877 2318 ὡς

262 2332 390 2392 “nal
431 2335 536 2408 πρὸ
587 2334 830 2439 βήματος
870 2335 1313 2408 ἀποκρίνασθαι,
1372 2338 1458 2392 ἐπὶ
1500 2343 1661 2394 τοῦτο
1703 2335 1876 2410 μόνον

260 2416 609 2494 τετραπεᾶσιν,
656 2417 780 2477 αλλ’
823 2444 928 2477 ουκ
959 2418 1252 2488 άξιεόσεσιν
1293 2418 1428 2478 οὐδε
1467 2420 1662 2494 μόναις
1701 2420 1872 2493 βοαῖς.
1934 2483 1941 2487 ,

261 2501 483 2581 ἐπολλςό
514 2529 621 2602 γαρ
645 2508 856 2577 μαλλον
880 2509 1179 2579 προσῆκεν,
1214 2514 1365 2571 εἴτις
1390 2520 1718 2578 κατηγορεῖν
1738 2503 1876 2577 βού-

260 2584 477 2661 “λοιτο,
521 2587 682 2645 τοῦτό
713 2607 775 2645 σε
817 2589 1226 2662 διαγινώσκεμν
1300 2594 1348 2646 3.
1386 2598 1440 2646 εἴ
1464 2614 1545 2655 τις
1575 2591 1677 2647 οὐν
1708 2612 1876 2661 κατη-

201 2675 273 2727 30‘
276 2671 456 2747 γορεΐ
495 2675 585 2730 καὶ
628 2678 888 2731 δείκνυσί
925 2699 977 2731 τι
1017 2697 1165 2747 παρα
1204 2673 1334 2740 τοῦς
1376 2672 1580 2747 νόμους
1610 2672 1874 2746 πράττον-
1926 2730 1946 2736 ,

381 2811 406 2850 6
435 2811 602 2850 lustin.
634 2811 764 2863 Apol.
796 2812 829 2851 I.
862 2824 899 2854 c,
925 2813 992 2853 68.
1112 2814 1162 2852 19
1187 2810 1471 2864 Σερεννιόυ]
1499 2806 1744 2864 Ἑρεννίου
1766 2811 1873 2850 Zon.

268 2867 381 2908 Ann.
415 2868 493 2918 XI,
527 2868 593 2907 24.
