2032 3174
337 91 404 143 88
1002 92 1250 134 EUSEBII

337 209 431 265 τὸν
458 204 751 279 Ἰακώβου,
783 203 840 274 ὃς
871 199 941 279 ἦν
973 210 1279 279 Ζεβεδαίου
1300 208 1402 280 μὲν
1428 220 1575 279 παῖς,
1609 204 1848 280 ἁδελφὸς
1883 209 1944 266 δὲ
1983 253 1986 256 Α

332 289 619 362 Ἰωάννου,
665 290 766 363 τὴν
807 291 1056 363 κεφαλὴν
1095 289 1538 364 ἄποτμηθέντος,
1581 293 1667 349 ἐπὶ
1707 296 1848 349 πᾶσί
1882 315 1944 349 τε

332 374 613 446 Ἰακώβου,
645 378 744 431 τοῦ
764 372 860 431 τὸν
894 373 1093 432 αὐτόθι
1110 378 1202 448 τῆς
1227 378 1525 446 ἐπισκοπῆς
1547 373 1758 449 θρόνον
1789 374 1944 450 πρῶ-

336 483 433 517 του
465 458 598 532 μετὰ
637 458 738 532 τὴν
770 463 867 515 τοῦ
899 462 1140 533 σωτῆρος
1171 457 1327 532 ἡμῶν
1357 457 1634 532 ἀνάληψιν
1665 468 1946 534 κεκληρω-
2013 507 2018 519 .

272 569 293 600 5
338 546 527 617 μένου,
550 543 646 601 τὸν
664 546 1100 616 προδηλωθέντα
1123 541 1326 616 τρόπον
1350 541 1801 617 μεταλλάξαντος,
1832 547 1946 601 τῶν

335 652 392 685 τε
424 631 633 684 λοιπῶν
676 626 996 685 ἀποστόλων
1036 633 1207 702 μυριά
1249 633 1325 693 εἰς
1366 626 1615 685 θάνατον
1648 631 1944 700 ἐπιβεβου-

336 714 652 785 λευμένων,
686 714 776 769 καὶ
807 718 900 784 τῆς
930 712 1031 786 μὲν
1057 711 1324 780 Ἰουδαίας
1356 718 1456 784 γῆς
1487 711 1942 786 ἀπεληλαμένων,
2018 784 2020 787 ι

338 798 425 853 ε’πὶ
458 796 518 854 δὲ
549 799 615 870 τῇ
646 802 742 854 τοῦ
783 795 1126 870 κηρύγματος
1173 801 1502 872 διδασκαλίᾳ
1547 795 1650 869 τὴν
1690 802 1766 864 εἰς
1806 794 1943 870 σύμ-

335 902 516 937 παντα
555 879 621 937 τὰ
664 886 802 953 ἔθνη
845 883 1217 954 στειλαμένων
1268 887 1498 955 πορείαν
1549 880 1655 938 σύν
1709 879 1946 953 δυνάμει
2014 907 2016 910 ’

273 995 311 1026 10
334 967 432 1022 τοῦ
454 968 695 1038 Χριστοῦ
717 963 995 1038 φήσαντος
1028 963 1215 1032 αὐτοῖς
1237 963 1644 1039 “πορευθε’ντες
1665 963 1943 1038 μαθητεύ-

327 1044 495 1110 “Gaze
526 1048 704 1106 πάντα
735 1048 800 1106 τα
833 1056 971 1122 ἔθνη
1005 1053 1064 1107 ἐν
1093 1054 1167 1126 τῷ
1199 1048 1428 1122 ὀνόματί
1455 1046 1618 1122 μου,”
1651 1053 1699 1106 3.
1734 1047 1800 1106 οὗ
1832 1049 1945 1122 μὴν

334 1131 472 1189 ἀλλὰ
519 1136 608 1189 καὶ
657 1139 754 1190 τοῦ
795 1137 934 1190 λαοῦ
984 1137 1079 1206 τῆς
1125 1137 1182 1190 ἐν
1215 1130 1606 1207 Ἰεροσολύμοις
1656 1136 1944 1206 ἐκκλησίας

335 1215 472 1273 κατά
503 1240 627 1274 τινα
667 1215 913 1290 χρησμὸν
953 1233 1065 1283 τοῖς
1107 1215 1306 1274 αὐτόθι
1351 1222 1595 1290 δοκίμοις
1630 1217 1700 1273 δι’
1738 1216 1942 1274 ἀποκα-

334 1298 552 1369 λύψεως
585 1303 824 1358 δοθέντα
866 1301 971 1374 πρὸ
1011 1305 1108 1358 τοῦ
1140 1303 1382 1374 πολέμου
1412 1305 1816 1374 μεταναστῆναι
1846 1305 1944 1374 τῆς

272 1415 312 1446 15
336 1382 543 1452 πόλεως
585 1391 681 1442 καί
716 1409 838 1443 τινα
868 1389 963 1458 τῆς
994 1392 1240 1460 Περαίας
1282 1383 1444 1443 πόλιν
1483 1391 1660 1443 οἰκεῖν
1691 1393 1941 1443 κεκελευ-

335 1470 569 1542 σμένου,
613 1471 837 1527 Πέλλαν
879 1469 1053 1544 αὐτὴν
1092 1466 1488 1543 ὀνομάζουσιν,
1544 1472 1603 1527 ἐν
1644 1461 1820 1544 ᾗτῶν
1864 1475 1942 1536 εἰς

334 1551 574 1628 Χριστὸν
616 1553 1064 1612 πεπιστευκότων
1105 1553 1211 1612 ἀπὸ
1250 1558 1344 1628 τῆς
1374 1550 1722 1628 Ἰερουσαλὴμ
1764 1577 1943 1630 μετῳ-

334 1639 638 1710 κισμένων,
674 1634 824 1696 ῶσάν
854 1644 1137 1705 παντελῶς
1171 1637 1595 1696 ἐπιλελοιπότων
1629 1640 1806 1710 ἁγίων
1837 1640 1939 1694 ἆν-

336 1726 486 1795 δρῶν
519 1720 693 1794 αὐτήν
733 1746 789 1779 τε
827 1721 930 1794 τὴν
952 1721 1241 1780 Ἰουδαίων
1281 1720 1575 1794 βασιλικὴν
1605 1720 1944 1795 μητρόπολιν

270 1834 311 1866 :20
337 1807 427 1862 καὶ
470 1804 767 1879 σύμπασαν
806 1806 908 1878 τὴν
939 1805 1215 1864 Ἰουδαίαν
1255 1809 1389 1879 γῆν,
1445 1801 1479 1877 ἡ
1524 1808 1581 1862 ἐκ
1632 1810 1770 1863 θεοῦ
1813 1811 1942 1878 δίκη
1998 1802 2001 1805 ”

333 1888 526 1948 λοιπὸν
565 1889 766 1958 αὐτοὺς
807 1888 902 1948 ἅτε
942 1896 1180 1948 τοσαῦτα
1223 1900 1299 1957 εἵς
1338 1913 1396 1946 τε
1437 1890 1534 1948 τὸν
1575 1890 1818 1964 Χριστὸν
1849 1892 1942 1947 καὶ

331 1972 459 2040 τούς
501 1973 839 2042 ἀποστόλους
880 1974 1054 2032 αὐτοῦ
1074 1973 1551 2081 παρηνομηκότας
1581 1973 1796 2049 μετῄει,
1827 1980 1940 2032 τῶν

333 2054 552 2129 ἀσεβῶν
583 2056 762 2132 άρδην
792 2057 893 2131 τὴν
931 2059 1130 2132 γενεὰν
1172 2056 1346 2132 αὐτὴν
1390 2062 1608 2132 ἐκείνην
1641 2062 1692 2127 ἐξ
1718 2057 1938 2132 ἀνθρώ-

333 2163 454 2198 πων
477 2140 834 2214 ἀφανίζουσα.
867 2147 914 2199 4.
941 2141 1041 2200 ὅσα
1064 2167 1165 2216 μεν
1188 2135 1292 2200 οὖν
1314 2141 1576 2215 τηνικάδε
1600 2166 1736 2199 κατα
1760 2141 1941 2200 πάντα

271 2253 313 2284 25
335 2223 504 2282 τόπον
534 2223 643 2302 ὅλῳ
675 2229 752 2303 τῷ
783 2232 937 2284 ἔθνει
969 2226 1249 2301 συνερρύη
1281 2251 1439 2300 κακα,
1471 2223 1618 2293 ὅπως
1649 2251 1706 2285 τε
1737 2219 1808 2284 αὖ
1839 2225 1940 2300 μά-

332 2317 488 2366 λιστα
531 2315 588 2367 oc
623 2313 719 2382 τῆς
744 2309 1012 2377 Ἰουδαιάς
1050 2310 1328 2385 οἰκήτορες
1372 2317 1450 2378 εἰς
1492 2318 1721 2384 ἔσχατον
1752 2334 1938 2384 περιη-
1984 2337 1990 2341 ’

334 2392 590 2466 λάθησαν
621 2397 953 2467 συμφορῶν,
985 2393 1182 2452 ὁπόσαι
1213 2420 1271 2453 τε
1301 2394 1565 2470 μυριάδες
1597 2394 1812 2469 ἡβηδὸν
1842 2419 1937 2467 γυ·
1998 2399 1999 2402 '

332 2480 512 2545 ναιξὶν
535 2474 645 2552 ἅμα
670 2481 758 2534 καὶ
785 2481 939 2535 παισὶ
965 2482 1109 2552 ξίφει
1129 2482 1218 2536 καὶ
1244 2485 1381 2556 λιμῶ
1408 2482 1729 2554 καὶμυρίοις
1753 2478 1940 2546 ἄλλοις

334 2567 504 2619 εἴδεσι
528 2561 974 2636 περιπεπτῶκασι
998 2563 1269 2636 θανάτου,
1297 2563 1513 2622 πόλεών
1536 2589 1593 2622 τε
1619 2561 1939 2622 Ἰουδαϊκῶν

264 2672 309 2705 30
331 2642 454 2703 ὅσαι
485 2670 542 2704 τε
572 2649 662 2704 καὶ
687 2644 798 2704 οἷαι
829 2646 1087 2720 γεγόνασι
1111 2655 1450 2722 πολιορκίαι,
1485 2647 1622 2706 ἄλλα
1646 2650 1735 2705 καὶ
1760 2643 1938 2705 ὁπόσα
2001 2716 2013 2725 „

369 2858 377 2871 ν
448 2842 499 2880 10
531 2840 694 2885 Matth.
718 2842 784 2889 28,
813 2842 875 2881 19.
