2032 3174
428 507 960 570 ΚΕΦΑΑΑΙΩΝ
1003 506 1627 588 ΚΑΤΑΓΡΑΦΗ.*)

880 647 1088 690 ΛΟΓΟΣ
1115 647 1168 691 Α.

217 734 280 785 α’.
325 735 388 783 Τ
367 755 409 794 ις
438 731 468 798 ἡ
498 741 630 798 τῆςε
612 731 902 800 ἐπαγγελίας
932 729 1195 792 ὑπόθεσις.

218 807 282 873 β.
318 802 550 870 Επιτομὴ
586 803 930 868 κεφαλαιώδης
966 802 1076 869 περι
1109 822 1196 868 της
1233 802 1356 853 κατὰ
1395 802 1480 854 τὸν
1516 813 1711 872 σωτῆρα
1746 806 1831 856 και

291 876 467 941 κύριον
504 872 647 940 ἡμων
668 872 869 939 Ἰησοῦν
894 871 1114 939 Χριστὸν
1146 873 1501 940 προῦποὲρξεῶς
1528 895 1576 926 τε
1602 875 1684 927 καὶ
1709 881 1827 927 θεο-

290 951 345 996 λο
380 947 474 1005 ίας.

219 1017 280 1085 γ’.
312 966 414 1076 Ἃγὶς
441 1014 523 1065 καὶ
557 1014 610 1065 τὸ
632 1012 798 1079 Ἰησοῦ
825 1013 1007 1079 ὄνομα,
1043 1013 1125 1064 καὶ
1151 1011 1271 1065 αὐτὸ
1299 1013 1361 1080 δὴ
1397 1014 1448 1065 τὸ
1475 1024 1562 1067 τοῦ
1589 1019 1831 1083 Χριστοῦ,

256 1085 503 1154 ἔγνωστό
531 1104 578 1135 τε
601 1081 856 1134 ανέκαθεν
881 1084 964 1135 καὶ
997 1085 1215 1149 τετίμῆτο
1249 1085 1381 1151 παρὰ
1417 1091 1517 1148 τοῖς
1543 1087 1831 1147 θεσπεσίοις

291 1155 585 1222 προφήταις.

220 1229 282 1278 δ’.
316 1225 404 1287 ,Ως
440 1224 498 1276 οὐ
534 1224 791 1292 νεώτερος,
828 1222 944 1275 οὐδὲ
985 1225 1185 1286 ξενίζων
1219 1219 1287 1293 ἦν
1323 1223 1348 1276 ὅ
1375 1226 1550 1294 τρόπος
1586 1235 1672 1293 τῆς
1707 1226 1830 1294 πρὸς

291 1295 448 1348 αὐτοῦ
471 1296 887 1363 καταγγελθείσης
914 1302 1037 1346 πᾶσι
1063 1301 1163 1356 τοῖς
1189 1295 1394 1347 ἔθνεσιν
1419 1295 1686 1363 εὐσεβείας.

222 1369 275 1420 ε’.
316 1368 444 1435 Περὶ
469 1375 569 1417 τῶν
593 1365 786 1433 χρόνων
811 1374 896 1432 τῆς
925 1365 1216 1431 ἐπιφανείας
1237 1364 1393 1419 αυτοῦ
1418 1376 1504 1434 τῆς
1531 1370 1600 1428 εἰς
1625 1365 1832 1434 ανθρώ·

291 1457 390 1488 που
425 1477 434 1487 .

226 1509 282 1570 ς’.
314 1460 418 1569 Ἔὶςς
439 1507 562 1558 κατὰ
590 1506 703 1567 τοὺς
739 1506 947 1574 χρόνους
981 1500 1138 1558 αὐτοῦ
1171 1505 1462 1569 ἀκολούθως
1499 1515 1607 1569 ταῖς
1642 1527 1833 1575 προφη-

294 1580 444 1639 τείαις
472 1577 692 1640 ἐξέλιπον
710 1577 942 1664 ἄρχοντες
963 1579 1014 1627 οἵ
1034 1577 1087 1628 τὸ
1106 1578 1259 1645 πρὶνε
1241 1578 1294 1628 ἐκ
1318 1579 1584 1664 προγόνων
1595 1580 1834 1644 διαδοχῆς

294 1657 380 1700 τοῦ
401 1647 662 1698 Ἰουδαίων
694 1647 878 1708 ε’θνους
912 1645 1205 1714 ἡγούμενοι,
1242 1648 1436 1715 πρῶτός
1472 1668 1521 1700 τε
1556 1645 1832 1714 αλλόφυλος

295 1718 547 1786 βασιλεύει
573 1714 741 1768 αὐτων
759 1715 1003 1784 Ηροόδης.

223 1790 279 1851 ζ’.
308 1788 435 1878 Περὶ
459 1795 545 1854 τῆς
574 1787 628 1838 ἐν
653 1793 753 1848 τοῖς
780 1785 1076 1854 εὐαγγελίοις
1096 1787 1412 1855 νομιζομένης
1440 1790 1718 1854 διαφωνίας
1746 1797 1837 1855 τῆς

295 1859 407 1925 περὶ
431 1866 519 1909 τοῦ
545 1861 763 1924 Χριστοῦ
787 1859 1111 1924 γενεαλογίας.

224 1930 287 1995 η’.
328 1929 454 1995 Περὶ
479 1937 563 1995 τῆς
583 1926 812 1995 ‘H905c50v
837 1927 959 1979 κατὰ
987 1937 1087 1979 τῶν
1105 1929 1300 1979 παίδων
1326 1929 1616 1996 ἐπιβουλῆς,
1643 1929 1725 1979 καὶ
1752 1930 1837 1979 οιἀ

295 2004 542 2066 μετῆλθεν
567 1996 721 2049 αὐτὸν
744 1998 1058 2066 καταστροφὴ
1085 2000 1214 2064 βίου.

226 2070 297 2119 θ’.
339 2069 463 2135 Περὶ
488 2076 586 2119 τῶν
611 2068 733 2118 κατὰ
762 2073 984 2119 Πιλᾶτον
1009 2069 1215 2136 χρόνων.

226 2140 274 2190 ι’.
316 2140 442 2207 Περὶ
467 2148 567 2190 τῶν
600 2138 731 2206 παρὰ
753 2137 1012 2200 Ἰουδαίοις
1047 2137 1336 2207 ἀρχιερέων,
1371 2139 1495 2190 καθ’
1535 2139 1622 2201 οὕς
1656 2138 1682 2190 ὁ
1709 2144 1835 2207 Χρι-

300 2210 414 2270 στὸς
441 2210 532 2275 τὴν
558 2210 885 2260 διδασκαλίαν
913 2209 1188 2275 ἐποιήσατο.

226 2281 311 2330 ια’.
355 2279 425 2330 Τὰ
454 2280 564 2346 περὶ
586 2277 824 2330 Ἰωάννου
851 2289 938 2331 τοῦ
974 2283 1248 2347 βαπτιστοῦ
1273 2281 1356 2332 καὶ
1392 2289 1479 2332 τοῦ
1505 2285 1724 2348 Χριστοῦ
1749 2300 1834 2346 με·

298 2349 659 2416 μαρτυρημένα.

228 2420 311 2486 ιβ’.
353 2420 479 2487 Περὶ
505 2441 604 2471 των
628 2426 872 2486 μαθητων
898 2429 987 2472 τοῦ
1011 2430 1226 2488 σωτῆρος
1253 2419 1412 2486 ἡμων.

229 2491 308 2595 ιγ’.
340 2488 550 2595 Ιστορία
576 2491 686 2558 περὶ
714 2499 799 2541 τοῦ
825 2511 926 2542 των
946 2490 1261 2556 Ἐδεσσηνοόν
1286 2492 1555 2542 δυνάστου.

344 2631 384 2681 *)
419 2631 668 2672 Summaria
701 2632 835 2684 haee,
878 2632 998 2671 haud
1029 2631 1164 2672 dubie
1198 2631 1254 2671 ab
1286 2632 1487 2672 Eusebio
1518 2632 1618 2684 ipso
1650 2631 1840 2683 scripta,

231 2687 447 2739 leguntur
478 2700 568 2727 non
601 2687 747 2727 solum
779 2687 827 2726 in
858 2687 1094 2728 codicibus
1117 2687 1307 2728 Graecis
1340 2687 1564 2734 omnibus,
1597 2687 1677 2727 sed
1698 2689 1837 2727 etiam

233 2744 291 2784 ab
323 2742 484 2783 Rufino
519 2746 564 2783 et
595 2746 751 2784 vetere
784 2743 1038 2796 interprete
1071 2742 1260 2794 Syriaco
1308 2747 1414 2783 sunt
1444 2742 1687 2783 translata.
1751 2742 1838 2782 Co·
1874 2745 1878 2750 ’

233 2799 384 2839 dicum
417 2798 695 2839 Graecorum
728 2799 984 2851 scripturae
1018 2799 1330 2839 diversitatem
1370 2800 1576 2852 exposuit
1608 2800 1839 2839 Burtonus

228 2855 321 2897 vol.
356 2857 376 2895 1
410 2868 452 2908 p.
488 2854 905 2897 LXXXVII—CII.
