1986 3152
622 119 779 161 HIST.
809 119 1058 164 EchES.
1090 121 1169 162 1x.
1202 123 1243 162 9.
1637 119 1741 172 433

133 237 301 294 πάλιν
332 235 387 293 δ’
422 231 497 293 αὐ
527 235 661 310 μετά
694 235 799 309 τὴν
840 235 1091 310 αὐτάρκη
1137 241 1394 293 παιδείαν
1440 241 1607 294 ἵλεων
1648 238 1741 293 καὶ

134 320 342 394 εὐμενῆ
373 333 490 387 τοῖς
521 326 599 388 εἰς
631 318 809 378 αὐτὸν
838 321 934 388 τὰς
982 324 1210 388 ἐλπίδας
1242 326 1466 394 ἔχουσιν
1497 318 1740 395 άναφαι-

132 405 389 478 νόμενον.

275 501 355 550 1x.
434 500 563 566 [Nic.
605 501 664 550 H.
707 501 760 550 E.
802 500 897 561 vn,
939 497 1191 567 29—31.]
1266 490 1431 548 οὕτω
1473 490 1541 563 δὴ
1573 499 1740 548 Κων-

135 581 462 646 σταντίνου,
505 572 574 631 ὃν
610 573 838 646 βασιλέα
882 576 944 630 ἐκ
986 577 1282 646 βασιλέως,
1338 571 1555 647 εὐσεβῆ
1585 597 1645 631 τε
1688 577 1740 642 ἐξ

137 658 540 731 εὐσεβεστάτου
585 660 678 714 καὶ
728 658 910 715 πάντα
952 659 1415 731 σωφρονεστάτου
1458 660 1742 731 γεγονέναι

138 743 574 818 προειρήκαμεν,
608 748 897 800 Λικιννίου
921 766 980 799 τε
1001 748 1104 799 τοῦ
1135 742 1253 815 μετ’
1289 742 1491 816 αὐτὸν,
1526 746 1745 801 συνέσει-

135 831 228 885 καὶ
276 827 535 901 εὐσεβείᾳ
575 828 980 899 τετιμημένων,
1030 826 1170 898 πρὸς
1211 833 1313 883 τοῦ
1356 830 1744 900 παμβασιλέως

138 918 282 970 θεοῦ
312 935 372 967 τε
400 915 515 966 τῶν
545 909 693 967 ὅλων
723 911 816 966 καὶ
849 916 1095 983 σωτῆρος
1135 910 1241 967 δύο
1282 917 1569 983 θεοφιλῶν
1609 912 1747 967 κατὰ

134 1002 248 1054 τῶν
278 995 382 1052 δύο
425 994 883 1067 δυσσεβεστάτων
923 995 1222 1068 τυράννων
1262 994 1743 1070 ἀνεγηγερμένων,

135 1081 380 1153 πολέμου
403 1102 466 1136 τε
494 1079 648 1156 νόμῳ
674 1081 1176 1153 παραταξαμένων,
1208 1086 1350 1136 θεοῦ
1376 1087 1746 1153 συμμαχοῦν-

136 1189 228 1232 τος
284 1161 509 1235 αὐτοῖς,
563 1163 984 1238 παραδοξότατα
1035 1170 1222 1221 πίπτει
1266 1165 1370 1237 μὲν
1416 1165 1506 1220 ε’πὶ
1541 1162 1746 1238 Ῥώμης

134 1249 248 1307 ὑπὸ
288 1254 724 1306 Κωνσταντίνου
771 1249 1109 1321 Μαξέντιος,
1162 1247 1191 1306 ὁ
1235 1247 1289 1305 δ’
1336 1248 1423 1305 ἐπ’
1470 1247 1746 1321 άνατολῆς

135 1333 205 1392 οὐ
237 1333 419 1391 πολὺν
451 1333 700 1405 ἐπιζήσας
742 1335 938 1410 ἐκείνῳ
970 1333 1175 1407 χρόνον
1217 1339 1483 1410 αἰσχίστῳ
1514 1335 1607 1389 καὶ
1639 1333 1745 1391 αὐ-

135 1418 230 1485 τὸς
259 1414 373 1476 ὐπὸ
390 1423 702 1489 Λικιννίου,
734 1415 896 1475 οὔπω
918 1419 1187 1490 μανέντος
1210 1418 1349 1490 τότε,
1381 1421 1747 1493 καταστρέφει
1791 1435 1810 1466 5

135 1504 383 1580 θανάτῳ.
464 1506 513 1559 2.
569 1502 838 1576 πρότερός
879 1526 942 1575 γε
970 1502 1082 1575 μὴν
1113 1501 1142 1559 ὁ
1173 1503 1266 1559 καὶ
1306 1508 1436 1577 τιμῇ
1479 1504 1573 1559 καὶ
1603 1503 1747 1571 τάξει

136 1595 235 1660 τῆς
264 1594 546 1661 βασιλείας
578 1591 796 1659 πρῶτος
817 1594 1263 1659 Κωνσταντῖνος,
1293 1592 1407 1644 τῶν
1433 1588 1522 1643 ἐπὶ
1542 1583 1747 1661 Ῥώμης

138 1674 757 1747 κατατυραννουμένων
786 1671 961 1744 φειδῶ
994 1671 1213 1744 λαβῶν,
1258 1670 1399 1728 θεὸν
1439 1672 1539 1728 τὸν
1568 1669 1747 1744 οὐρά-

138 1781 289 1830 νιον,
334 1758 435 1815 τόν
473 1780 532 1814 τε
572 1756 776 1826 τούτου
820 1757 1019 1828 λόγον,
1074 1752 1249 1813 αὐτὸν
1290 1756 1358 1828 δὴ
1389 1755 1491 1813 τὸν
1520 1756 1747 1813 πάντων

141 1847 363 1915 σωτῆρα
386 1840 609 1915 Ἰησοῦν
634 1840 876 1914 Χριστὸν
905 1841 1197 1914 σύμμαχον
1227 1839 1301 1897 δι’
1336 1839 1523 1913 εὐχῶν
1556 1843 1747 1898 ε’πικα-

140 1926 470 1999 λεσάμενος,
502 1925 721 2000 πρόεισι
749 1931 1121 2001 πανστρατιᾷ,
1148 1921 1432 1998 Ῥωμαίοις
1463 1948 1530 1981 τα
1559 1930 1656 1998 τῆς
1690 1929 1748 1982 ἐκ

139 2012 439 2086 προγόνων
469 2013 794 2084 ἐλευθερίας
836 2011 1248 2113 προμνώμενος.
1331 2013 1381 2067 3.
1427 2012 1747 2078 Μαξεντίου

141 2101 280 2169 δῆτα
332 2101 548 2169 μᾶλλον
598 2109 720 2162 ταις
774 2118 911 2152 κατα
966 2101 1224 2168 γοητείαν
1275 2107 1549 2167 μηχαναις
1601 2092 1634 2166 ἢ
1680 2100 1748 2168 τῇ

138 2186 255 2237 τῶν
281 2179 553 2253 ὑπηκόων
598 2182 1039 2253 ἐπιθαρσοῦντος
1071 2178 1298 2255 εὐνοία,
1342 2186 1646 2253 προελθεῖν
1686 2203 1748 2250 γε

141 2265 254 2338 μὴν
305 2263 430 2322 οὐδ’
485 2265 622 2322 ὅσον
674 2270 874 2322 πυλῶν
923 2269 1025 2321 τοῦ
1067 2262 1260 2331 ἄστεος
1324 2267 1747 2336 ἐπιτολμῶντος,
1793 2281 1811 2311 5

143 2348 390 2406 ὁπλιτῶν
429 2347 483 2404 δ’
517 2347 815 2426 άνηρίθμῳ
856 2347 1062 2421 πλήθει
1102 2351 1196 2406 καὶ
1228 2350 1621 2423 στρατοπέδων
1652 2349 1749 2405 λό-

142 2457 256 2507 χοις
286 2439 507 2506 μυρίοις
538 2433 720 2490 πάντα
749 2434 924 2491 τόπον
953 2435 1047 2490 καὶ
1077 2433 1268 2506 χώραν
1297 2435 1390 2490 καὶ
1421 2433 1614 2505 πόλιν,
1647 2432 1750 2504 ὅση

142 2542 222 2584 τις
254 2521 315 2575 ἐν
343 2517 535 2594 κύκλῳ
564 2523 663 2589 τῆς
686 2514 970 2591 Ῥωμαίων
1014 2519 1107 2574 καὶ
1133 2515 1364 2585 Ἰταλίας
1396 2516 1614 2591 ἁπάσης
1645 2514 1747 2574 ὑπ’

144 2600 300 2680 αὐτῳ
332 2602 683 2675 δεδούλωτο,
715 2603 1107 2676 φραξαμένου,
1151 2599 1180 2660 ὁ
1215 2609 1312 2675 τῆς
1345 2606 1404 2660 ἐκ
1433 2607 1574 2661 θεοῦ
1605 2622 1750 2675 συμ-

142 2693 344 2761 μαχίας
383 2686 701 2760 ανημμένος
740 2686 1003 2759 βασιλευς
1046 2687 1218 2745 ε’πιῶν
1257 2688 1450 2763 πρώτῃ
1491 2689 1583 2743 καὶ
1616 2691 1750 2743 δευ-

143 2773 277 2873 τέρα
307 2773 401 2828 και
429 2779 587 2846 τρίτη
618 2777 718 2829 τοῦ
748 2772 1031 2846 τυράννου
1064 2774 1392 2847 παρατάξει,
1427 2766 1491 2830 εὐ
1524 2771 1670 2844 μάλα
1693 2794 1750 2827 τε

92 2917 94 2919 ‚
145 2858 325 2923 πάσας
357 2857 520 2929 ελῶν,
551 2857 802 2928 πρόεισιν
836 2858 923 2915 ἐπὶ
948 2864 1208 2916 πλεῖστον
1233 2857 1368 2916 ὅσον
1391 2881 1487 2930 της
1499 2854 1750 2926 Ἰταλίας,

230 2964 461 2993 EUSEBIUS
498 2966 565 2993 lv.
1430 2949 1496 3001 28

1770 1015 1808 1046 10

1771 1857 1811 1888 20

1773 2703 1813 2735 30
