1986 3152
262 109 360 160 188
922 106 1170 148 EUSEBII

251 220 492 293 “ὅνομα,
525 220 660 294 μήτε
693 228 927 292 ἔθνους,
959 219 1092 293 μήτε
1123 220 1333 287 πόλεως
1364 218 1501 277 ὅθεν
1531 211 1620 292 ἦν,
1653 218 1787 293 μήτε
1819 227 1870 278 εί

249 301 487 406 Ξῖδοῦλος
530 302 563 375 ἢ
610 303 906 378 ἐλεύθερος
939 313 1054 377 εἰή,
1095 302 1234 360 ἄλλα
1275 301 1409 377 πρὸς
1440 303 1621 360 πάντα
1651 301 1716 359 τοὶ
1749 307 1866 362 ἐπε-

248 386 587 496 ῑζρωτσόμενα
618 387 950 462 ἀπεκρίνατο
990 393 1056 462 τῇ
1081 387 1353 461 Ρωμαϊκῇ
1396 390 1561 460 φωνῇ
1583 383 1867 459 Χριστια-

248 469 379 539 “νός
413 478 538 545 εἰμι.
617 476 777 530 τοῦτο
823 475 914 530 καὶ
960 469 1084 530 ἀντὶ
1134 470 1399 545 ὀνόματος
1447 475 1538 528 καὶ
1591 468 1715 528 άντὶ
1765 471 1869 529 πό-

213 585 232 614 ‚
248 552 422 622 “λεως
474 559 566 613 καὶ
617 554 739 614 ἀντὶ
786 561 982 630 γένους
1027 555 1177 614 καὶ’
1149 559 1273 614 αντὶ
1307 555 1509 623 παντὸς
1551 554 1868 628 ἐπαλλήλως

248 635 585 714 “ὠμολόγει,
625 639 800 715 ἄλλην
842 643 902 699 δε
941 640 1141 715 φωνὴν
1180 635 1282 698 οὐκ
1313 638 1559 713 ἤκουσαν
1602 638 1772 697 αὐτοῦ
1803 641 1870 697 τὰ

248 720 444 798 “ε”.θνη
562 730 645 783 21.
704 726 843 784 ὅθεν
897 725 966 798 δὴ
1011 729 1103 782 καὶ
1148 732 1460 799 φιλονεικία
1513 722 1723 798 μεγάλη
1770 730 1868 782 τοῦ

247 804 345 867 “ze
389 807 660 913 ἡγεμόνος
688 815 780 868 καὶ
810 816 922 868 τῶν
953 813 1305 882 βασανιστῶν
1338 812 1551 882 ἐγένετο
1593 807 1728 882 πρὸς
1771 806 1867 866 αύ-

248 888 416 966 “τὸν,
461 892 600 951 ὥστε
639 893 803 952 ὁπότε
842 898 1032 969 μηκέτι
1075 896 1250 968 μηδὲν
1292 894 1442 967 εἶχον
1472 890 1502 950 ὃ
1541 891 1871 965 ποιήσουσιν

198 1006 238 1037 10
255 973 483 1055 “αὐτω,
541 977 601 1035 τὸ
660 988 979 1037 τελευταῖον
1029 984 1230 1053 χαλκᾶς
1282 984 1510 1044 λεπίδας
1565 976 1871 1078 διαπύρους

258 1055 690 1135 “προσεκόλλων
720 1078 836 1130 τοῖς
867 1064 1309 1138 τρυφερωτάτοις
1339 1065 1526 1137 μέλεσι
1555 1066 1654 1119 τοῦ
1685 1061 1872 1136 σώμα-

290 1169 380 1212 τος
412 1146 608 1203 αὐτοῦῖ
656 1154 739 1205 22.
774 1151 866 1204 καὶ
889 1154 1060 1205 ταῦτα
1083 1149 1185 1221 μὲν
1218 1153 1447 1219 ἐκαίετο,
1481 1145 1646 1212 αὐτὸς
1679 1139 1740 1203 δὲ
1770 1170 1870 1203 πα-

252 1224 523 1303 “ρέμενεν
554 1229 963 1306 άνεπίκαμπτος
995 1236 1086 1289 καὶ
1118 1229 1439 1304 άνένδοτος,
1482 1231 1705 1304 στερρὸς
1737 1231 1872 1304 πρὸς

250 1310 392 1386 “m'qv
421 1311 748 1388 ὁμολογίαν,
789 1315 899 1374 ὑπὸ
941 1321 1036 1387 τῆς
1076 1313 1346 1392 οὐρανίου
1386 1319 1565 1388 πηγῆς
1606 1320 1705 1372 τοῦ
1736 1315 1871 1372 ὕδα-

198 1425 238 1456 15
292 1422 383 1464 τος
423 1405 518 1471 τῆς
561 1406 697 1474 ζωῆς
741 1407 838 1458 τοῦ
882 1400 1117 1470 ἐξιόντος
1162 1405 1220 1458 ἐκ
1251 1407 1346 1472 τῆς
1377 1399 1582 1472 νηδύος
1611 1403 1710 1456 τοῦ
1741 1409 1871 1474 Χρι-

253 1478 426 1539 “στοῦ
472 1485 852 1560 δροσιζόμενος
894 1489 983 1543 καὶ
1027 1484 1520 1559 ἐνδυναμούμενος.
1582 1488 1666 1540 23.
1709 1484 1769 1541 τὸ
1812 1485 1873 1541 δὲ

253 1561 572 1665 ῗσωμάτιον
589 1570 799 1645 μάρτυς
815 1571 886 1643 ἠν
901 1595 1013 1628 των
1032 1569 1486 1644 συμβεβηκότων,
1505 1566 1636 1626 όλον
1657 1575 1873 1642 τραῦμα

251 1645 382 1708 “nal
413 1651 623 1725 μώλωψ
654 1657 745 1712 καὶ
770 1657 1228 1728 συνεσπασμένον
1251 1656 1342 1711 καὶ
1367 1651 1748 1726 άποβεβληκὸς
1771 1653 1874 1725 τὴν

253 1724 654 1837 (ἰάνθρώπειον
685 1743 897 1807 ἔξωθεν
927 1738 1180 1814 μορφὴν,
1215 1742 1275 1796 ἐν
1307 1729 1351 1814 ᾦ
1381 1737 1608 1810 πάσχων
1639 1736 1875 1811 Χριστὸς

197 1846 239 1878 20
254 1815 532 1921 :yeydaag
575 1826 813 1882 ἐπετέλει
856 1823 1049 1896 δόξας,
1101 1847 1392 1897 καταργων
1432 1822 1527 1879 τὸν
1568 1819 1874 1895 ἀντικείμε-

254 1901 422 2004 ἶνον,
463 1910 588 1964 καὶ
601 1915 677 1975 εἰς
716 1908 819 1980 τὴν
858 1933 972 1966 των
1011 1912 1221 1965 λοιπῶν
1261 1905 1624 1964 ὑποτύπωσιν
1653 1905 1874 1963 ὑποδει-

254 1983 480 2047 “κνύων
504 2017 586 2048 οτι
610 1994 784 2066 μηδεν
816 1991 1109 2065 φοβερὸν
1089 1991 1231 2050 όπου
1263 1990 1466 2064 πατρὸς
1499 1988 1703 2091 άγάπη,
1735 1990 1875 2090 μηδε

251 2069 609 2145 “άλγεινόν
580 2099 720 2134 οπου
754 2080 996 2151 Χριστοῦ
1028 2076 1174 2144 δόξα.
1245 2080 1329 2132 24.
1363 2099 1476 2133 των
1505 2074 1610 2148 γὰρ
1650 2072 1875 2148 άνόμων

253 2150 427 2257 Σμεθ’
463 2156 669 2234 ημέρας
700 2160 871 2218 πάλιν
901 2159 1324 2233 στρεβλούντων
1353 2159 1451 2216 τὸν
1479 2157 1771 2231 μάρτυρα,
1783 2160 1876 2215 καὶ

197 2266 239 2297 25
253 2234 626 2342 ἓνομιζόντων
665 2269 748 2301 οτι
787 2243 1098 2301 οἰδούντων
1135 2246 1229 2300 καὶ
1269 2242 1723 2315 φλεγμαινόντων
1762 2247 1877 2299 τῶν
1941 2259 1943 2262 ’

252 2319 564 2425 ἶσωμάτων
596 2335 648 2385 εί
675 2328 740 2384 τὰ
771 2325 912 2384 αὐτα
943 2329 1367 2401 προσενέγκοιεν
1397 2327 1749 2400 κολαστήρια,
1782 2349 1874 2383 πε-

252 2405 562 2513 Σῖριέσοιντο
605 2410 806 2484 αὐτοῦ,
857 2410 1021 2469 ὁπότε
1063 2408 1194 2469 ουδε
1234 2405 1336 2484 τὴν
1376 2408 1484 2468 άπὸ
1524 2414 1636 2468 τῶν
1675 2415 1876 2484 χειρῶν

253 2488 445 2594 :octpfqv
485 2493 762 2570 ἠνείχετο,
820 2491 913 2568 ἢ
894 2493 976 2553 ότι
1021 2495 1388 2554 ἐναποθανών
1439 2510 1558 2561 ταῖς
1610 2493 1875 2567 βασάνοις

254 2572 474 2682 ἶφόβον
507 2580 822 2653 ἐμποιήσειε
852 2594 965 2647 τοῖς
998 2589 1227 2653 λοιποις,
1260 2577 1327 2637 ού
1360 2579 1533 2653 μόνον
1555 2577 1726 2636 οὐδὲν
1749 2580 1874 2651 περὶ

197 2684 239 2718 30
271 2657 467 2721 αὐτὸν
499 2688 713 2722 τοιουτο
746 2668 988 2737 συνέβη,
1022 2663 1161 2721 ἀλλὰ
1192 2668 1284 2722 καὶ
1314 2664 1462 2737 παρὰ
1492 2667 1676 2720 πᾶσαν
1709 2661 1876 2729 δόξαν

257 2740 615 2823 “άνθρω’πων
654 2746 900 2818 άνέκυψε
941 2751 1032 2805 καὶ
1064 2746 1387 2822 ἀνωρθώθη
1419 2747 1478 2805 τό
1510 2745 1785 2820 σωμάτιον
1817 2749 1876 2803 ἐν

294 2847 414 2900 ταῖς
455 2835 744 2938 μετέπειτα
788 2831 1082 2905 βασάνοις,
1136 2837 1227 2890 καὶ
1280 2832 1380 2905 τὴν
1434 2834 1592 2889 ἰδέαν
1633 2828 1876 2901 άπέλαβε

249 1142 281 1163 Ν·

255 2827 286 2849 (e
