2032 3174
538 125 694 166 HIST.
733 125 982 166 ECCLES.
1016 126 1052 168 Ι.
1088 128 1152 166 10.
1188 127 1254 165 11.
1630 124 1699 176 35

87 239 222 300 “τοῦ
256 248 418 314 Φαβί.
483 244 574 298 καὶ
605 244 801 298 τοῦτον
834 242 894 297 δὲ
935 238 1057 341 μετ’
1092 239 1157 298 οὐ
1189 239 1330 298 πολὺ
1360 241 1699 314 μεταστήσας

82 324 439 398 “Ἐλεάζαρον
469 324 565 383 τὸν
591 323 825 384 Ἀνάνου
856 328 953 382 τοῦ
983 324 1276 399 ἀρχιερέως
1316 323 1442 383 υιὸν
1473 322 1702 384 ἀποδεί-

79 407 320 469 “κνυσιν
364 407 635 483 ἀρχιερέα.
723 413 979 466 ἐνιαυτοῦ
1038 411 1098 466 δὲ
1154 412 1551 483 διαγενομένου
1609 414 1698 467 καὶ

81 493 283 552 “τόνδε
332 493 548 561 παύσας
594 500 813 567 Σίμωνι
864 497 940 569 τῷ
981 501 1246 566 Καμίθου
1287 492 1388 566 τὴν
1433 493 1701 569 ἀρχιερω-

79 575 299 682 Ξσύνην
329 576 849 652 παραδίδωσιν.οὖ
873 580 1042 634 πλέον
1067 579 1126 634 δε
1151 581 1241 634 καὶ
1265 581 1407 655 τῷδε
1440 583 1696 636 ἐνιαυτοῦ
1722 604 1739 636 5

79 662 218 771 Ξτὴν
247 663 411 736 τιμὴν
442 670 620 736 ἔχοντι
654 664 927 733 διεγένετο
971 661 1193 735 χρόνος,
1236 666 1327 719 καὶ
1352 661 1698 736 Ἰώσηπος,ὁ

79 746 210 804 “nal
242 746 525 818 Καϊάφας,
561 744 863 851 διάδοχος
837 770 907 818 ην
934 744 1098 822 αὐτῷ.
1109 744 1138 765 ”
1185 752 1230 802 6.
1268 744 1474 804 οὐκοῦν
1505 744 1532 804 ὁ
1564 747 1699 821 σύμ·

91 854 196 898 πας
227 828 354 888 ουδ’
383 830 506 896 όλος
537 835 823 903 τετραέτης
846 827 1243 888 ἀποδείκνυται
1274 835 1368 903 τῆς
1399 835 1498 888 τοῦ
1528 837 1700 904 σωτῆ-

87 938 180 987 ρος
211 910 368 988 ἡμῶν
399 920 758 980 διδασκαλίας
789 913 1002 988 χρόνος,
1033 913 1319 989 τεσσάρων
1351 917 1439 972 ἐπὶ
1472 917 1701 989 τέσσαρ-

86 1017 176 1056 σιν
206 1005 385 1056 ἔτεσιν
415 997 718 1072 ἀρχιερέων
747 996 854 1055 ἀπὸ
884 1005 983 1057 τοῦ
1004 998 1175 1057 ’Ἅννα
1217 1002 1308 1056 καὶ
1341 1001 1430 1056 ε’πὶ
1460 999 1562 1074 τὴν
1592 1005 1689 1057 τοῦ
1715 1025 1758 1058 10

89 1082 320 1156 Καϊάφα
363 1083 697 1141 κατάστασιν
742 1082 1024 1142 ἐνιαύσιον
1065 1090 1416 1156 λειτουργίαν
1462 1090 1699 1142 διατετε-

85 1166 337 1226 λεκότων.
398 1167 495 1225 τόν
525 1170 592 1240 γε’
617 1192 698 1225 τοι
731 1167 995 1242 Καϊάφαν
1039 1165 1295 1242 ἀρχιερέα
1339 1168 1560 1236 εἰκότως
1601 1175 1699 1226 τοῦ

86 1255 375 1323 ἐνιαυτοῦ,
417 1250 556 1309 καθ’
591 1250 655 1310 ὃν
695 1250 761 1309 τά
801 1259 899 1310 τοῦ
940 1259 1218 1326 σωτηρίου
1263 1251 1481 1320 πάθους
1515 1256 1698 1311 ἐπετε-

85 1344 232 1394 λεῖτο
251 1381 267 1407 ‚
299 1335 333 1408 ἡ
363 1339 463 1393 τοῦ
495 1334 822 1409 εὐαγγελίου
853 1336 1280 1411 παρεσημήνατο
1310 1336 1515 1410 γραφὴ,
1551 1341 1604 1405 ἐξ
1637 1331 1698 1410 ἧς

85 1421 177 1476 καὶ
209 1418 376 1492 αὐτῆς
407 1418 508 1481 οὐκ
538 1417 771 1496 ἀπᾴδων
804 1424 899 1494 τῆς
930 1424 1293 1495 προκειμένης
1326 1420 1694 1497 ἐπιτηρήσεως
1718 1445 1758 1477 15

84 1501 112 1561 ὁ
145 1508 239 1576 τῆς
269 1510 366 1562 τοῦ
397 1507 639 1578 Χριστοῦ
671 1510 1030 1572 διδασκαλίας
1054 1502 1450 1564 ἀποδείκνυται
1481 1504 1690 1580 χρόνος.

87 1593 130 1645 7.
166 1585 305 1645 ἀλλά
334 1586 439 1662 γάρ
471 1587 499 1645 ὁ
532 1587 715 1663 σωτὴρ
746 1593 838 1647 καὶ
869 1588 1058 1664 κύριος
1090 1586 1247 1662 ἡμῶν
1277 1588 1343 1647 οὐ
1375 1589 1509 1662 μετά
1539 1598 1696 1648 πλεῖ-

82 1689 214 1729 στον
243 1677 339 1744 τῆς
370 1679 643 1746 καταρχῆς
673 1677 771 1730 τοῦ
795 1673 1141 1747 κηρύγματος
1165 1672 1292 1740 τούς
1323 1673 1539 1731 δώδεκα
1564 1673 1695 1731 ἀπο-

33 1773 37 1776 ’
85 1755 311 1823 στόλους
357 1753 740 1830 ἀνακαλεῖται,
798 1755 894 1826 οὓς
940 1760 1033 1815 καὶ
1078 1757 1283 1831 μόνους
1327 1762 1441 1817 τῶν
1486 1763 1698 1816 λοιπῶν

82 1838 253 1898 αὐτοῦ
283 1847 550 1914 μαθητῶν
580 1841 716 1899 κατά
747 1867 798 1899 τι
845 1847 1008 1917 γέρας
1041 1846 1319 1917 ἐξαίρετον
1350 1839 1689 1910 ἀποστόλους
1713 1867 1760 1898 20

83 1921 385 1998 ὠνόμασεν.
447 1928 539 1983 καὶ
571 1919 736 1993 αὖθις
768 1924 1165 1985 ἀναδείκνυσιν
1199 1929 1418 2001 ἑτέρους
1450 1926 1693 2000 ἑβδομή-

82 2031 279 2080 κοντα,
311 2005 406 2077 οὓς
435 2013 527 2067 καὶ
558 2008 760 2078 αὐτοὺς
799 2009 1120 2070 ἀπέστειλεν
1160 2009 1267 2069 ἀνά
1310 2010 1415 2068 δύο
1450 2010 1551 2069 δύο
1582 2010 1686 2084 πρὸ

80 2092 268 2167 προσα’
271 2116 379 2152 που
409 2094 582 2152 αυτοῦ
612 2102 690 2164 εἰς
721 2094 903 2154 πάντα
927 2095 1094 2154 τόπον
1120 2098 1210 2154 καὶ
1237 2095 1398 2154 πόλιν
1429 2088 1496 2154 οὗ
1525 2094 1695 2170 ἤμελ-

81 2184 178 2235 λεν
208 2175 370 2246 αυτὸς
403 2185 679 2254 ἔρχεσθαι.

205 2273 285 2325 X1
337 2273 464 2339 [Nic.
494 2276 549 2332 H,
579 2276 633 2325 E.
662 2277 697 2334 1,
730 2274 808 2326 19.
835 2273 944 2342 20]
1000 2263 1118 2324 Οὐκ
1150 2271 1226 2332 εἰς
1257 2264 1470 2339 μακρὸν
1501 2267 1562 2322 δε
1591 2289 1689 2322 του
1713 2286 1753 2319 2.)

80 2351 379 2417 βαπτιστοῦ
410 2344 667 2407 Ἰωάννου
697 2343 806 2407 ὑπο
836 2374 935 2407 του
962 2352 1093 2407 νέου
1117 2348 1371 2423 Ηρεόδου
1394 2347 1496 2422 τὴν
1526 2372 1694 2422 κεφα-

81 2428 184 2500 λὴν
230 2426 644 2503 ἀποτμηθέντος
687 2433 1024 2508 μνημονεύει
1068 2435 1170 2508 μὲν
1214 2437 1306 2492 καὶ
1349 2433 1544 2507 ἡθεία
1584 2436 1696 2490 τῶν

81 2509 424 2586 εὐαγγελίων
452 2516 665 2624 γραφή
728 2533 1048 2592 συνιστορει
1084 2543 1146 2592 γε
1191 2517 1300 2592 μὴν
1333 2520 1424 2576 καὶ
1458 2514 1485 2575 ὁ
1513 2515 1697 2589 Ἰώση-

80 2619 181 2663 πος
202 2642 216 2670 ,
250 2594 513 2672 ὀνομαστὶ
553 2604 649 2673 τῆς
678 2625 737 2658 τε
759 2601 1102 2677 Ἡρωδιάδος
1143 2603 1365 2677 μνήμην
1395 2604 1695 2677 πεποιημέ-

0 2701 1 2713 ’
79 2704 172 2748 νος
215 2684 305 2739 καὶ
350 2707 423 2750 ως
465 2681 718 2758 ἀδελφου
755 2702 995 2760 γυναῖκα
1036 2689 1211 2745 οὖσαν
1253 2686 1428 2760 αὐτὴν
1458 2685 1692 2760 ἠγάγετο
1718 2707 1759 2740 30

205 2877 258 2916 29
288 2876 342 2917 A.
366 2878 401 2919 1.
424 2877 595 2929 xvm,
620 2849 669 2919 5}

1308 2948 1338 2998 CO
