1986 3152
285 85 387 135 24ss
968 84 1214 125 EUSEBII

285 198 422 256 ὥστε
452 197 557 271 ἤδη
591 206 666 266 εἰς
697 206 966 258 κίνδυνον
996 197 1310 274 ἀνατροπῆς
1335 203 1424 259 καὶ
1451 208 1763 279 διαφθορᾶς
1786 209 1887 263 τοῦ

282 282 538 356 θώρακος
569 299 904 355 περιπεσεῖν.
972 287 1049 341 13.
1080 287 1303 341 τοιαῦτα
1330 285 1396 358 δὴ
1423 286 1733 361 φιλοσόφου
1757 296 1887 362 βίου

281 381 393 433 τοῖς
444 371 747 439 θεωμένοις
799 371 1053 442 παρέχων
1104 363 1481 442 ὑποδείγματα
1534 370 1752 440 εἰκότως
1797 376 1885 431 ἐπὶ

281 451 377 507 τὸν
407 446 599 524 ὅμοιον
630 450 782 529 αὐτῷ
814 458 977 524 ζῆλον
1008 459 1232 519 πλείους
1262 452 1532 526 παρώρμα
1562 459 1673 512 τῶν
1697 481 1887 531 φοιτη-

236 554 256 585 5
281 539 419 606 τῶν,
461 533 600 592 ὥστε
630 533 736 609 ῆδη
769 539 859 593 καὶ
889 541 1002 595 τῶν
1032 533 1280 594 ἀπίστων
1312 541 1515 610 ἐθνῶν,
1548 542 1658 596 τῶν
1689 565 1746 598 τε
1775 538 1885 598 ἀπὸ

278 624 531 686 παιδείας
563 622 653 676 καὶ
683 628 1015 693 φιλοσοφίας
1039 616 1106 677 οὐ
1130 619 1258 687 τούς
1282 621 1546 695 τυχόντας
1569 618 1887 696 ὑπάγεσθαι

277 707 345 777 τῇ
376 700 451 760 δι’
487 701 658 761 αὐτοῦ
691 709 1052 781 διδασκαλία·
1097 701 1177 772 οἷς
1210 708 1296 761 καὶ
1333 704 1520 772 αὐτοῖς
1552 714 1795 780 γνησίως
1827 713 1889 767 έν

279 786 445 859 βάθει
491 791 669 861 ψυχῆς
700 788 801 861 τὴν
834 796 910 856 εἰς
940 789 1036 847 τὸν
1065 800 1226 846 θεῖον
1257 789 1424 862 λόγον
1454 796 1641 848 πίστιν
1675 791 1746 848 δι’
1785 791 1888 849 αὐ-

277 875 375 928 τοῦ
416 875 879 945 παραδεχομένοις
923 877 1248 948 διαπρέπειν
1290 877 1585 946 συνέβαινε
1626 875 1762 934 κατὰ
1791 875 1888 934 τὸν

217 974 257 1005 10
280 954 400 1013 τότε
428 961 526 1013 τοῦ
561 961 804 1029 διωγμοῦ
836 956 1057 1030 καιρὸν,
1095 953 1167 1023 ὦς
1198 965 1296 1014 καί
1320 984 1471 1026 τινας
1504 957 1690 1018 αὐτῶν
1720 959 1888 1018 ἁλόν-

277 1064 370 1106 τας
402 1046 685 1116 μαρτυρίω
718 1048 1099 1114 τελειωθῆναι.

431 1132 648 1202 V.[N}c.
677 1136 734 1183 H.
762 1137 814 1184 E.
847 1139 898 1192 V,
930 1134 975 1185 6.
1008 1136 1079 1202 7.]
1157 1129 1385 1197 Πρῶτος
1416 1151 1518 1199 μεν
1549 1120 1652 1185 οὗν
1674 1127 1887 1187 τούτων

275 1203 302 1264 ὁ
346 1136 523 1315 μιΙκρςό
564 1206 813 1281 πρόσθεν
847 1213 1122 1315 δηλωθεῖς
1154 1209 1510 1283 Πλούταρχος
1534 1203 1644 1282 ῆν·
1688 1204 1754 1269 οὗ
1783 1211 1887 1286 τὴν

278 1293 365 1348 ἐπὶ
396 1289 624 1348 θανατω
655 1288 1008 1366 ἀπαγομένων
1040 1311 1274 1366 σμικρου
1317 1300 1436 1350 δεῖν
1477 1286 1644 1362 αὖθις
1685 1292 1713 1352 ὁ
1759 1299 1885 1368 περὶ

214 1390 253 1421 15
276 1367 343 1432 οὗ
382 1375 409 1432 ὁ
452 1375 610 1448 λόγος
652 1375 960 1452 συμπαρων
1000 1402 1150 1435 αυτω
1201 1384 1276 1444 εἰς
1329 1398 1572 1451 υστατην
1615 1385 1714 1436 τοῦ
1755 1388 1885 1452 βίου

274 1458 538 1532 τελευτὴν
566 1456 675 1517 ὑπὸ
707 1484 818 1518 των
850 1460 1025 1519 αὐτου
1054 1437 1294 1520 πόλιτῶν
1325 1460 1584 1537 ἀνῄρητο,
1619 1460 1691 1531 ὧς
1715 1475 1886 1533 αἴτιος

275 1541 425 1621 αὐτῷ
465 1544 724 1617 πεφηνως
764 1549 865 1602 τοῦ
903 1545 1181 1604 θανάτου·
1227 1549 1368 1604 θεοῦ
1409 1547 1470 1603 δὲ
1508 1545 1677 1606 αὐτὸν
1709 1548 1886 1623 ἐτήρει

275 1631 367 1685 καὶ
416 1626 536 1686 τότε
584 1627 772 1701 βουλή.
859 1635 906 1686 2.
951 1629 1085 1703 μετα
1128 1630 1188 1687 δὲ
1229 1630 1591 1704 Πλούταρχον
1631 1631 1886 1706 δεύτερος

273 1715 384 1769 τῶν
411 1710 727 1785 ’.Ωριγένους
769 1719 1048 1787 φοιτητῶν
1087 1713 1297 1789 μάρτυς
1338 1713 1731 1774 ἀναδείκνυται
1773 1727 1886 1775 Σε-

212 1816 253 1847 ‘20
276 1800 458 1870 ρῆνος,
495 1796 583 1853 διὰ
616 1797 791 1870 πυρὸς
821 1796 922 1871 τὴν
951 1799 1183 1872 δοκιμὴν
1208 1791 1269 1871 ῆς
1294 1798 1624 1873 παρειλήφει
1649 1807 1886 1868 πίστεως

274 1883 700 1954 παρεσχημένος.
773 1887 820 1938 3.
865 1886 959 1955 τῆς
991 1882 1164 1956 αὐτῆς
1198 1887 1483 1957 διατριβῆς
1512 1890 1692 1958 τρίτος
1723 1893 1886 1943 καθί-

275 1982 463 2021 σταται
502 1965 709 2040 μάρτυς
731 1964 1122 2040 “Ηρακλείδης,
1166 1971 1256 2024 καὶ
1301 1971 1387 2026 ἐπὶ
1425 1967 1602 2044 τούτῳ
1633 1972 1885 2045 τέταρτος

259 2045 476 2120 ’Ἡρων,
517 2048 545 2104 ὁ
586 2050 689 2122 μὲν
729 2049 989 2123 πρότερος
1030 2058 1106 2108 ἔτι
1139 2051 1570 2125 κατηχούμενος,
1613 2052 1642 2110 ὁ
1675 2054 1736 2111 δὲ
1766 2079 1884 2112 νεο-

274 2130 562 2204 φώτιστος,
594 2130 695 2205 τὴν
726 2133 974 2206 κεφαλὴν
1003 2133 1431 2208 ἀποτμηθέντες.
1496 2142 1575 2192 ἔτι
1598 2138 1734 2210 πρὸς
1756 2138 1884 2195 τού·

210 2234 254 2266 25
275 2240 388 2282 τοις
437 2222 531 2288 τῆς
577 2216 745 2288 αὐτῆς
789 2222 987 2289 σχολῆς
1027 2220 1268 2291 πέμπτος
1306 2217 1551 2292 ἀθλητὴς
1590 2227 1688 2293 τῆς
1732 2219 1884 2280 εὐσε-

275 2307 428 2373 βείας
458 2299 888 2374 ἀνακηρύττεται
920 2305 1100 2375 ἕτερος
1130 2307 1231 2359 τοῦ
1260 2303 1483 2376 πρώτου
1515 2310 1784 2379 Σερῆνος,
1816 2302 1885 2364 ὃν

273 2382 407 2458 μετὰ
448 2391 711 2457 πλείστην
751 2384 1013 2457 βασάνων
1045 2386 1333 2460 ὑπομονὴν
1363 2393 1605 2462 κεφαλῆς
1636 2388 1883 2465 ἀποτομῇ

274 2471 618 2541 κολασθῆναι
660 2468 819 2540 λόγος
862 2476 985 2542 ἔχει.
1061 2474 1153 2528 καὶ
1183 2477 1467 2543 γυναικῶν
1501 2474 1562 2530 δὲ
1584 2472 1773 2547 Ἡραῒς
1804 2480 1883 2531 ἔτι

275 2556 654 2626 κατηχουμένη
694 2552 753 2610 τὸ
794 2552 1102 2628 βάπτισμα,
1147 2553 1218 2623 ὥς
1259 2565 1404 2630 φησί
1439 2579 1548 2615 που
1588 2555 1777 2630 αὐτὸς,
1821 2557 1882 2614 τὸ

211 2654 253 2686 30
278 2636 368 2694 διὰ
400 2637 574 2712 πυρὸς
605 2639 852 2710 λαβοῦσα
883 2638 979 2695 τὸν
1009 2645 1136 2711 βίον
1169 2640 1520 2714 ἐξελήλυθεν.

402 2735 454 2782 V.
522 2732 648 2798 [Nic.
688 2734 745 2782 Η.
786 2733 840 2781 Ε.
879 2734 940 2790 V,
984 2733 1051 2799 7.]
1124 2721 1392 2798 ’Ἕβδομος
1446 2727 1508 2783 δὲ
1561 2728 1620 2782 ἐν
1671 2723 1884 2792 τούτοις
1920 2722 1945 2731 “

276 2804 628 2880 ἀριθμείσθω
672 2810 1029 2879 Βασιλείδης,
1077 2805 1179 2880 τὴν
1219 2808 1552 2883 περιβόητον
1584 2815 1910 2883 Ποταμίαι-’
