2032 3174
506 113 666 156 HlsT.
697 112 946 154 ECCLES.
979 115 1016 157 1.
1050 116 1116 157 13.
1147 115 1206 154 11.
1242 117 1276 155 1.
1633 111 1702 164 45

93 253 276 302 νυμον
319 232 431 286 τῶν
470 227 764 296 άξιονίκων
808 231 906 284 τοῦ
940 232 1183 300 Χριστοῦ
1225 227 1523 301 μαρτύρων
1562 225 1703 286 άπο-

97 317 320 387 φέρεται
361 315 654 385 στέφανον.
723 317 772 370 2.
805 311 926 370 τότε
966 318 1103 384 δῆτα
1143 315 1235 370 καὶ
1274 310 1560 385 Ἰάκωβον,
1606 311 1704 370 τὸν

91 401 194 454 τοῦ
222 404 422 470 κυρίου
453 395 750 469 λεγόμενον
780 393 1027 468 ἀδελφὸν
1058 394 1166 469 (ὅτι
1199 395 1266 469 δὴ
1299 400 1390 454 καὶ
1415 390 1573 463 οὗτος
1603 399 1704 453 τοῦ

92 478 291 553 ’Ῑωσὴφ
340 479 624 554 ὠνόμαστο
669 494 822 545 παῖς·
882 483 982 536 τοῦ
1028 483 1088 537 δὲ
1132 487 1374 552 Χριστοῦ
1418 481 1628 554 πατὴρ,
1673 479 1701 535 6

91 563 322 638 Ἰωσὴφ,
355 590 397 642 ῳ
428 575 842 639 μνηστευθεῖσα
871 562 904 634 ἡ
937 568 1246 635 παρθένος,
1281 568 1415 636 πρὶν
1444 561 1477 638 ἢ
1501 572 1744 622 συνελ-5

95 660 225 708 θεῖν
255 647 484 720 αὐτούς,
517 646 721 721 ηὕρητο
754 651 814 704 ἐν
843 651 1039 720 γαστρὶ
1070 654 1270 721 ἔχουσα
1304 653 1362 706 ἐκ
1392 647 1702 722 πνεύματος

41 775 44 778 <
95 733 284 805 ἁγίου,
327 731 399 800 ὠς
428 730 462 805 ἡ
505 731 624 802 ίερά
664 736 777 788 τῶν
808 732 1148 840 εὐαγγελίων
1190 731 1439 790 διδάσκει
1469 731 1701 806 γραφή),

93 821 291 874 τοῦτον
333 818 400 888 δὴ
439 816 537 873 τὸν
562 814 848 888 Ἰάκωβον,
891 812 960 873 ὃν
998 820 1091 872 καὶ
1134 822 1351 874 δίκαιον
1394 820 1622 888 ἐπίκλην
1652 820 1709 873 οἱ

91 899 262 958 πάλαι
296 899 368 957 δι’
397 898 592 972 άρετῆς
625 899 859 957 ἐκάλουν
888 899 1290 974 προτερήματα,
1311 904 1531 973 πρῶτον
1557 904 1706 957 ἱστο-

93 988 252 1057 ροῦσι
282 990 376 1057 τῆς
410 988 470 1043 ἐν
493 981 892 1058 Ἱεροσολύμοις
925 989 1215 1057 ἐκκλησίας
1232 978 1330 1042 τὸν
1352 990 1447 1057 τῆς
1481 987 1703 1041 ἐπισκο-
1726 1003 1766 1034 10

93 1072 199 1140 πῆς
241 1072 653 1143 ἐγχειρισθῆναι
698 1068 925 1142 θρόνον.
1006 1074 1054 1126 3.
1087 1069 1315 1142 Κλήμης
1358 1070 1420 1125 δὲ
1464 1073 1525 1126 ἐν
1566 1071 1703 1145 ἕκτῳ

91 1157 204 1209 τῶν
234 1152 672 1211 ’Τποτυπεόσεων
710 1152 947 1227 γράφων
978 1146 1088 1210 ὦδε
1129 1160 1423 1225 παρίστησι
1446 1149 1704 1223 “Πέτρον

83 1233 226 1309 “γάρ
257 1258 394 1310 φησι
424 1240 516 1294 καὶ
540 1237 805 1311 Ἰάκωβον
846 1240 937 1294 καὶ
961 1236 1228 1310 Ἰωάννην
1267 1235 1401 1310 μετὰ
1440 1236 1540 1309 τὴν
1571 1235 1702 1294 ἀνά-

82 1317 295 1392 “ληψιν
323 1327 421 1379 τοῦ
451 1325 724 1393 σωτῆρος,
758 1319 912 1378 &adm
941 1325 1034 1378 καὶ
1063 1318 1173 1379 ὑπὸ
1202 1327 1301 1379 τοῦ
1331 1329 1530 1394 κυρίου
1565 1345 1702 1391 προ-

86 1400 538 1479 “τετιμημένους,
585 1404 658 1478 μὴ
695 1404 1110 1474 ἐπιδικάζεσθαι
1143 1405 1331 1478 δόξης,
1363 1403 1486 1462 ἀλλ’
1515 1404 1701 1463 Ἰάκω-
1724 1432 1763 1463 15

85 1485 228 1555 “ssov
255 1491 352 1546 τὸν
393 1495 610 1547 δίκαιον
650 1494 951 1547 ἐπίσκοπον
974 1485 1370 1563 Ἱεροσολύμων
1416 1487 1698 1547 ἑλέσθαι.”

93 1577 142 1630 4.
191 1575 220 1629 6
262 1570 316 1629 6'
350 1571 512 1639 αὐτὸς
554 1577 613 1630 ἐν
658 1573 877 1650 ἑβδόμῳ
917 1577 1012 1644 τῆς
1058 1572 1226 1647 αὐτῆς
1265 1573 1588 1640 ὑποθέσεως
1623 1580 1702 1630 ἔτι

91 1658 183 1712 καὶ
211 1661 381 1714 ταῦτα
412 1659 538 1730 περὶ
570 1656 741 1717 αὐτοῦ
772 1657 978 1730 φησιν
986 1655 1241 1759 Ἵακωβῳ
1271 1662 1347 1733 τῷ
1382 1662 1578 1732 δικαίῳ
1609 1660 1702 1713 καὶ

81 1735 370 1843 ἶἸῳάννῃ
394 1743 486 1798 καὶ
516 1743 714 1819 Πέτρῳ
755 1764 890 1814 μετα
930 1740 1033 1813 τὴν
1078 1739 1381 1799 ἀνάστασιν
1411 1717 1701 1813 παρέδωκε

83 1820 223 1924 ἶτὴν
253 1847 464 1897 γνωσιν
491 1823 520 1882 6
552 1825 743 1896 κύριος
762 1870 776 1897 ,
809 1849 962 1883 ουτοι
991 1839 1105 1892 τοῖς
1135 1834 1346 1892 λοιποῖς
1376 1824 1698 1891 ἀποστόλοις
1723 1852 1763 1883 ρο

82 1903 483 2011 Σπαρέδωκαν,
523 1935 575 1967 οι
620 1911 682 1967 δε
720 1912 902 1968 λοιποὶ
955 1908 1247 1968 ἀπόστολοι
1298 1922 1411 1976 τοῖς
1460 1908 1702 1982 ἑβδομή-

82 1987 317 2094 Σίκοντα,
363 2018 443 2050 ων
485 1991 565 2060 εἷς
601 1987 673 2066 ἦν
710 1997 802 2051 καὶ
830 1993 1141 2067 Βαρνάβας.
1213 1999 1260 2051 5.
1298 1993 1400 2051 δύο
1442 1995 1502 2051 δε
1541 1993 1700 2066 γεγό-

84 2072 287 2134 “νασιν
313 2075 576 2187 Ἰάκῳβοι,
610 2076 687 2145 εἷς
719 2077 747 2135 6
783 2075 1067 2150 δίκαιος,
1042 2104 1071 2135 ο
1103 2077 1240 2136 κατὰ
1270 2083 1370 2135 τοῦ
1401 2084 1700 2150 πτερυγιόυ

92 2163 321 2232 βληθεὶς
351 2165 443 2219 καὶ
471 2162 582 2220 υπὸ
611 2165 869 2235 γναφέως
898 2161 1044 2231 ξύλω
1067 2166 1295 2236 πληγεὶς
1328 2168 1404 2229 εἰς
1433 2162 1700 2233 θάνατον,

101 2243 305 2314 ’ἔτερος
337 2245 452 2303 65‘
428 2271 457 2303 ο
489 2245 948 2321 καρατομηθείς.’
1022 2247 1193 2305 αὐτοῦ
1234 2246 1303 2319 δὴ
1341 2251 1440 2304 τοῦ
1482 2253 1699 2304 δικαίου
1722 2271 1762 2302 ‘25

93 2331 184 2384 καὶ
225 2327 254 2384 6
296 2333 521 2398 Παῦλος
558 2331 895 2405 μνημονεύει
939 2330 1172 2405 γράφων
1207 2329 1437 2404 “ἕτερον
1490 2333 1549 2388 δε
1589 2335 1700 2387 τῶν

93 2408 415 2471 ἀποστόλων
455 2412 558 2472 οὐκ
598 2417 779 2487 εἶδον,
821 2421 872 2472 εἰ
907 2415 981 2488 μὴ
1014 2415 1277 2488 Ἰάκωβον
1314 2414 1412 2473 τὸν
1455 2413 1700 2486 ἀδελφὸν

92 2499 191 2552 τοῦ
222 2496 474 2568 κυρίου.”
548 2504 595 2556 6.
630 2503 692 2556 ἐν
719 2498 932 2566 τούτοις
972 2503 1064 2557 καὶ
1094 2499 1160 2556 τὰ
1200 2503 1295 2572 τῆς
1325 2503 1426 2558 τοῦ
1456 2504 1698 2572 σωτῆρος

93 2577 253 2653 ἡμῶν
283 2580 418 2651 πρὸς
460 2580 557 2640 τὸν
594 2588 707 2640 τῶν
732 2581 1047 2657 Ὀσροηνῶν
1076 2589 1307 2656 βασιλέα
1346 2587 1501 2649 τέλος
1533 2582 1699 2654 ἐλάμ-

94 2669 266 2734 βανεν
315 2664 674 2739 ὑποσχέσεως.
757 2666 786 2723 6
825 2674 964 2739 γοῦν
1017 2672 1216 2742 Θωμᾶς
1260 2666 1356 2725 τόν
1409 2672 1695 2725 Θαδδαῖον
1718 2691 1758 2721 30

207 2859 230 2896 7
262 2859 424 2898 Matth.
450 2862 486 2909 1,
513 2860 576 2900 18.
752 2864 805 2901 :26
838 2861 938 2904 Gal.
963 2863 1000 2911 1,
1028 2864 1092 2901 19.
