1986 3152
294 85 391 136 1:22
968 84 1217 126 EUSEBII

289 201 382 258 διὰ
412 202 542 268 τούς
573 199 914 265 ἀθετοῦντας
943 198 1122 273 γάμον
1150 198 1276 267 τούς
1306 205 1419 258 τῶν
1440 198 1764 260 ἀποστόλων
1787 205 1939 271 ἐξε-

281 286 597 389 τασθέντας
653 286 713 340 ἐν
763 290 1046 355 συζυγίαις
1094 288 1380 356 καταλέγει
1418 285 1654 358 φάσκων
1687 282 1760 358 “ἢ
1803 289 1947 344 acal-s

278 366 450 472 Ξῑτοὺς
481 365 823 433 ἀποστόλους
852 364 1340 440 ἀποδοκιμάσουσι.
1401 372 1613 443 Πέτρος
1651 395 1754 443 μεν
1791 369 1897 443 γὰρ
1930 341 1948 416 2

278 452 412 510 “καὶ
438 460 714 518 Φίλιππος
741 450 1256 525 ἐπαιδοποιήσαντο,
1291 460 1566 520 Φίλιππος
1598 455 1659 511 δὲ
1681 456 1772 511 καὶ
1802 453 1898 522 τὰς
1932 417 1958 515 ἱ;

239 537 630 642 ὂῐθυγατέρας
659 534 934 608 ἀνδράσιν
966 540 1211 603 ἐξέδωκε.
1272 539 1365 593 καὶ
1395 562 1424 593 ο
1455 561 1518 609 γε
1540 541 1765 604 Παῦλος
1793 562 1899 595 ουκ
1954 544 1958 565 ⁸

283 619 478 679 “ὀκνεῐ
498 627 558 677 ἔν
581 645 691 678 τινι
714 624 971 695 ἐπιστολῇ
994 619 1098 693 τὴν
1120 619 1294 678 αὑτοῦ
1321 626 1766 695 προσαγορεῦσαι
1796 621 1895 680 σύ-
1966 667 1967 682 2

281 706 537 808 “'gvyom
557 702 628 778 ἣν
657 705 724 763 οὗ
755 704 1094 778 περιεκόμιζε
1127 704 1218 762 διά
1247 704 1308 762 τὸ
1338 710 1434 778 τῆς
1462 702 1770 779 υπηρεσίας
1802 729 1899 762 ευ-

278 786 556 855 σταλές.”
616 795 665 847 2.
712 792 830 846 ἐπεὶ
871 791 934 847 δε
973 789 1186 846 τούτων
1228 789 1605 863 ἐμνήσθημεν,
1637 789 1705 846 οὐ
1734 798 1904 848 λυπεῖ
1942 794 1968 848 3

287 877 378 931 καὶ
409 873 587 946 ἀλλην
616 871 1001 946 ἀξιοδιήγητον
1032 879 1283 943 ιστορίαν
1311 880 1409 932 τοῦ
1442 873 1616 931 αὐτοῦ
1645 876 1900 947 παραθέ-
1948 884 1967 948 ‚³

223 981 267 1011 ιο
292 969 455 1030 σθαι,
497 956 568 1030 ἣν
611 963 671 1016 ἐν
710 964 787 1035 τῷ
827 958 1046 1034 ἑβδόμῳ
1086 972 1397 1032 στρωματεῖ
1434 961 1632 1016 τοῦτον
1663 963 1900 1030 ἱστορῶν
1952 974 1957 1018 2

286 1042 566 1120 ἀνέγραψε
608 1041 705 1100 τὸν
744 1041 950 1115 τρόπον
980 1039 1157 1115 “quadi
1187 1047 1328 1114 γοῦν
1356 1041 1454 1100 τὸν
1482 1042 1758 1116 μακάριον
1792 1045 1900 1100 Πέ-
1967 1111 1969 1113 ¹

278 1124 480 1198 κτρον,
521 1126 876 1199 θεασάμενον
905 1125 1009 1199 τὴν
1039 1130 1242 1184 ἑαυτοῦ
1271 1140 1511 1200 γυναῖκα
1541 1126 1899 1200 ἀπαγομένην
1966 1158 1969 1166 ¹

278 1208 420 1283 “τὴν
462 1213 551 1267 ἐπὶ
592 1210 851 1286 θανάτῳ,
897 1210 1143 1283 ἡσθῆναι
1181 1211 1284 1284 μὲν
1325 1217 1424 1283 τῆς
1462 1211 1708 1282 κλήσεως
1738 1209 1900 1284 χάριν
1970 1255 1972 1263 s

277 1293 409 1352 “acal
447 1298 543 1367 τῆς
584 1292 671 1351 ἐπ’
716 1294 872 1352 οἶκον
909 1294 1278 1368 ἀνακομιδῆς,
1332 1298 1680 1367 ἐπιφωνῆσαι
1724 1295 1786 1351 δὲ
1833 1287 1898 1352 εὖ
1962 1295 1966 1316 ⁴

220 1399 263 1430 15
294 1378 462 1453 “μάλα
492 1383 902 1453 προτρεπτικῶς
942 1381 1035 1436 καὶ
1075 1384 1492 1450 παρακλητικως
1533 1383 1587 1447 ἐξ
1632 1377 1900 1452 ὀνόματος
1950 1387 1971 1414 ’·<

284 1463 655 1535 προσειπόντα
675 1462 973 1536 μέμνησο,
1014 1487 1058 1520 ω
1088 1462 1256 1536 αὕτη,
1297 1469 1395 1521 τοῦ
1426 1460 1655 1536 κυρίου.
1715 1466 1900 1521 τοιοῦ-

293 1547 405 1615 ’τος
435 1550 505 1620 ἠν
535 1547 564 1605 ὁ
594 1554 707 1605 τῶν
737 1554 1025 1619 μακαρίων
1054 1546 1225 1621 γάμος
1266 1550 1358 1604 καὶ
1396 1544 1431 1619 ἡ
1473 1572 1586 1604 των
1614 1547 1896 1620 φιλτάτων
1963 1563 1975 1619 ζ

274 1630 496 1689 “τελεία
528 1630 823 1699 διάθεσιςῗ
887 1634 981 1688 καὶ
1011 1636 1182 1690 ταῦτα
1215 1629 1266 1688 δ’
1301 1630 1536 1689 οἰκεῖα”
1507 1656 1640 1688 οντα
1669 1634 1738 1705 τῆ
1759 1629 1895 1704 μετά

284 1732 470 1790 χεῖρας
499 1715 769 1774 ὑποθέσει
801 1715 1047 1774 ἐνταῦθά
1077 1741 1167 1789 μοι
1197 1715 1332 1773 κατὰ
1367 1715 1562 1787 καιρὸν
1591 1722 1818 1773 κείσθω.

214 1820 264 1850 20
412 1812 582 1861 xxm.
643 1811 769 1877 [Nic.
800 1812 856 1860 H.
885 1812 939 1860 E.
977 1812 1023 1867 1,
1051 1810 1162 1877 35]
1246 1799 1481 1858 Παύλου
1519 1802 1622 1872 μὲν
1660 1791 1764 1856 οὖν
1803 1801 1894 1856 καὶ

286 1889 506 1958 Πέτρου
547 1888 643 1958 τῆς
682 1889 940 1958 τελευτῆς
979 1884 1008 1942 ὅ
1048 1910 1108 1942 τε
1146 1884 1342 1958 χρόνος
1383 1887 1476 1941 καὶ
1514 1881 1543 1940 ὁ
1576 1883 1775 1954 τρόπος
1805 1885 1899 1940 καὶ
1975 1945 1977 1948 ,

286 1973 511 2041 προσέτι
539 1975 635 2040 τῆς
665 1967 800 2041 μετὰ
829 1969 931 2042 τὴν
961 1967 1288 2041 ἀπαλλαγὴν
1317 1974 1416 2026 τοῦ
1459 1975 1589 2039 βίου
1618 1971 1733 2025 τῶν
1762 1987 1899 2039 σκη-
1974 1995 1975 2002 ¹

287 2053 557 2125 νωμάτων
588 2051 773 2110 αὐτῶν
803 2055 1153 2119 καταθέσεως
1191 2050 1221 2110 ὁ
1260 2059 1435 2126 χῶρος
1476 2051 1583 2125 ἤδη
1625 2051 1897 2125 πρότερον
1974 2059 1976 2064 ’

285 2136 420 2210 ἡμῖν
450 2135 771 2208 δεδήλωται.
825 2142 875 2193 2.
910 2143 1011 2194 τοῦ
1044 2138 1105 2193 δὲ
1127 2136 1388 2194 Ἰωάννου
1417 2137 1483 2193 τὰ
1513 2137 1616 2208 μὲν
1644 2139 1743 2192 τοῦ
1771 2134 1896 2208 χρό-
1974 2157 1977 2198 ;

222 2239 271 2271 25
297 2246 400 2279 νου
430 2219 538 2293 ἤδη
579 2242 695 2286 πως
728 2229 966 2293 εἴρηται,
1005 2219 1066 2277 τὸ
1097 2222 1164 2277 δέ
1189 2244 1251 2292 γε
1280 2225 1378 2277 τοῦ
1408 2219 1765 2293 σκηνωματος
1797 2218 1901 2276 αὗ-

287 2308 387 2363 τοῦ
437 2313 642 2378 χωρίον
696 2307 748 2372 ἐξ
803 2307 1088 2377 ἐπιστολῆς
1126 2303 1523 2373 Πολυκράτους
1575 2304 1694 2376 (τῆς
1735 2300 1788 2360 δ’
1836 2307 1898 2360 ἐν

284 2387 494 2464 Ἐφέσῳ
525 2396 818 2461 παροικίας
849 2393 1145 2455 ἐπίσκοπος
1176 2381 1334 2454 οὗτος
1365 2381 1459 2461 ἦν)
1494 2391 1893 2459 ἐπιδείκνυται,
1971 2403 1976 2411 “

287 2471 360 2545 ἣν
386 2470 648 2544 Οὗίκτορι
673 2469 951 2546 Ῥωμαίων
976 2471 1254 2549 ἐπισκόπῳ
1284 2472 1519 2545 γράφων
1548 2471 1687 2545 ὁμοῦ
1716 2493 1776 2528 τε
1799 2473 1898 2528 αὖ·

286 2561 388 2614 τοῦ
418 2559 511 2614 καὶ
544 2564 827 2615 Φιλίππου
857 2557 1191 2631 μνημονεύει
1231 2563 1328 2614 τοῦ
1360 2555 1670 2614 ἀποστόλου
1698 2559 1811 2613 τῶν
1837 2577 1898 2612 τε

406 2780 440 2818 2
464 2777 676 2818 Clemens
699 2778 864 2819 Strom.
887 2781 927 2830 3,
951 2780 991 2821 6.
1014 2793 1057 2831 p.
1080 2779 1176 2819 535.
1351 2781 1400 2818 11
1433 2778 1554 2818 Ibid.
1577 2779 1616 2828 7,
1642 2778 1708 2827 11,
1732 2790 1774 2828 p.
1796 2777 1895 2818 869.

285 2836 345 2875 24
376 2828 666 2888 δεδήλωται]
693 2837 742 2884 2,
766 2836 836 2878 25
1012 2837 1066 2875 26
1098 2830 1457 2888 Πολυκράτους]
1483 2833 1614 2874 Conf.
1639 2835 1686 2883 5,
1711 2835 1780 2875 24.
