1986 3152
507 94 665 135 HlsT.
697 93 949 135 ECCLES.
979 95 1082 138 vn.
1114 97 1180 137 20.
1213 96 1282 140 21.
1603 92 1706 144 317

98 212 653 318 πανηγυρικωτέρους
707 212 766 267 ἐν
817 207 1011 275 αὐταῖς
1063 211 1188 283 περὶ
1240 212 1336 282 τῆς
1386 212 1486 267 τοῦ
1526 208 1708 284 πάσχα

99 299 287 369 ἑορτῆς
317 292 602 352 ἀνακινῶν
631 293 844 366 λόγους.
907 292 1121 351 τούτων
1162 292 1265 366 τὴν
1310 318 1412 367 μεν
1446 301 1708 370 Φλαουῖςο

87 391 446 454 προσφωνεῖ,
488 376 590 451 τὴν
622 379 683 434 δὲ
715 385 970 455 Λομετίω
1002 380 1093 435 καὶ
1124 377 1391 455 Διδύμω,
1439 382 1498 435 ἐν
1540 371 1576 453 ᾐ
1617 382 1710 478 καὶΙ

96 462 306 522 κανόνα
366 467 642 521 ἐκτίθεται
695 460 1111 536 ὀκταετηρίδος,
1171 460 1254 520 ότι
1304 463 1377 536 μὴ
1429 460 1626 520 αλλοτε
1676 459 1711 534 ἦ

95 547 231 623 μετὰ
259 546 362 621 τὴν
394 545 621 622 ἐαρινὴν
654 553 944 620 ἰσημερίαν
975 546 1243 620 προσήκοι
1273 546 1375 620 τὴν
1404 551 1503 604 τοῦ
1527 546 1708 620 πασχα

99 633 298 706 ἑορτὴν
348 636 620 690 ἐπιτελεῖν
667 631 1084 704 παριστάμενος.
1158 630 1293 703 πρὸς
1344 631 1567 699 ταύταις
1619 634 1712 688 καὶ

96 718 273 790 ἄλλην
302 731 415 783 τοῖς
446 714 564 774 κατ’
596 712 1015 787 Ἀλεξάνδρειαν
1052 719 1561 790 συμπρεσβυτέροις
1594 720 1714 773 ἐπι-

98 801 300 875 στολὴν
331 798 703 874 διαχαράττει,
745 800 949 871 ἑτέροις
987 823 1046 855 τε
1086 795 1223 872 ὁμοῦ
1271 798 1580 872 διαφόρως,
1623 804 1714 857 καὶ

97 884 299 951 ταύτας
330 891 408 942 ἔτι
438 887 538 942 τοῦ
568 886 819 956 διωγμοῦ
849 886 1207 949 συνεστῶτος.

227 980 353 1030 ΧΧΙ.
408 980 538 1046 [Nic.
567 979 626 1028 H.
656 978 710 1027 E.
739 978 822 1034 VI,
855 976 961 1044 19.]
1037 965 1436 1041 Ἐπιλαβούσης
1481 969 1542 1025 δὲ
1581 965 1715 1025 ὅσον

99 1053 255 1113 οὔπω
307 1059 402 1126 τῆς
457 1051 679 1127 εἰρήνης
742 1050 991 1109 ἐπανεισι
1037 1052 1138 1126 μὲν
1202 1058 1278 1119 εἰς
1323 1052 1423 1126 τὴν
1458 1050 1717 1120 Ἀλεξάν-

102 1145 324 1214 δρειαν,
387 1136 554 1195 παλιν
614 1133 672 1193 δ’
729 1138 978 1194 ἐνταῦθα
1029 1136 1271 1203 στάσεως
1324 1139 1413 1194 καὶ
1475 1140 1716 1210 πολέμου

102 1221 435 1294 συστάντος,
480 1220 553 1289 ὡς
595 1219 694 1293 οὐχ
726 1217 846 1278 οἷόν
876 1243 935 1277 τε
965 1212 1036 1295 ἦν
1067 1218 1216 1297 αὐτῷ
1267 1245 1396 1288 τους
1451 1245 1586 1279 κατα
1614 1221 1717 1294 τὴν

101 1306 265 1366 πόλιν
308 1329 555 1373 απαντας
596 1302 875 1377 αδελφοὺς
918 1311 994 1373 εἰς
1036 1304 1297 1407 ἕκατερον
1337 1310 1432 1379 τῆς
1474 1325 1716 1372 στασεως

39 1447 42 1452 .
101 1394 262 1466 μέρος
317 1393 684 1466 διῃρημένους
738 1394 1087 1463 ἐπισκοπεῖν,
1148 1382 1316 1457 αυθις
1379 1393 1438 1448 ἐν
1496 1395 1562 1464 τῇ
1621 1394 1720 1448 τοῦ

101 1475 282 1550 πάσχα
338 1478 501 1550 ἑορτῇ
553 1473 738 1546 ὥσπερ
789 1498 871 1541 τις
928 1473 1220 1549 ὑπερόριος
1282 1479 1334 1543 ἐξ
1394 1472 1566 1548 αὐτῆς
1624 1478 1720 1546 τῆς

96 1560 515 1632 Ἀλεξανδρείας
558 1557 649 1616 δια
691 1557 1028 1633 γραμμάτων
1058 1556 1245 1625 αὐτοῖς
1277 1556 1483 1632 ὡμίλει.
1546 1564 1592 1617 2.
1628 1563 1720 1616 καὶ

91 1645 289 1719 Ἱέρακι
334 1645 397 1701 δὲ
435 1643 570 1717 μετὰ
610 1647 781 1700 ταῦτα
821 1647 933 1700 τῶν
963 1642 1080 1701 κατ’
1120 1654 1408 1717 Αἴγυπτον
1441 1643 1720 1720 ἐπισκόπςο

107 1732 302 1801 ἑτέραν
354 1725 712 1802 ἑορταστικὴν
764 1727 1058 1800 ἐπιστολὴν
1115 1727 1382 1802 γράφων,
1441 1734 1537 1801 τῆς
1597 1726 1718 1786 κατ’

104 1811 277 1871 αὐτὸν
331 1819 444 1870 τῶν
487 1811 897 1885 Ἀλεξανδρέων
945 1811 1186 1880 στάσεως
1241 1812 1576 1886 μνημονεύει
1629 1811 1720 1870 διὰ

104 1897 319 1955 τούτων
364 1893 523 1971 “ε’μοὶ
567 1898 629 1954 δὲ
658 1903 717 1953 τί
741 1895 1070 1969 θαυμαστὸν
1102 1903 1152 1954 εἰ
1179 1898 1314 1969 πρὸς
1345 1895 1473 1964 τούς
1503 1919 1722 1971 πορρω-

95 1982 274 2055 “τέρω
318 1985 720 2054 παροικοῦντας
763 1981 1004 2054 χαλεπὸν
1043 1980 1105 2038 τὸ
1149 1978 1256 2039 κᾶν
1300 1979 1376 2039 δι’
1421 1985 1722 2039 ἐπιστολῶν

99 2063 368 2140 “ὁμιλεῖν,
400 2064 493 2123 ὅτε
524 2068 616 2122 καὶ
645 2065 706 2122 τὸ
736 2063 871 2138 πρὸς
903 2066 1143 2139 ἐμαυτὸν
1173 2064 1325 2142 αὐτῷ
1355 2090 1446 2140 μοι
1473 2069 1722 2138 διαλέγε-

99 2147 275 2209 “σθαι
306 2153 397 2208 καὶ
427 2156 493 2226 τῇ
527 2155 644 2225 ἰδίᾳ
673 2153 824 2224 ψυχῇ
855 2149 1342 2224 συμβουλεύεσθαι
1380 2155 1724 2223 καθέστηκεν

98 2231 373 2309 “ἅπορον;
415 2239 462 2292 3.
496 2232 632 2309 πρὸς
672 2238 812 2307 γοῦν
851 2233 918 2290 τοὶ
959 2238 1201 2307 ε’μαυτοῦ
1240 2234 1554 2310 σπλάγχνα,
1595 2235 1724 2302 τοὺς

101 2315 487 2392 “ὁμοσκη’νους
518 2322 610 2376 καὶ
642 2317 970 2392 συμψύχους
1000 2318 1280 2394 ἀδελφούς
1311 2323 1403 2377 καὶ
1434 2324 1530 2393 τῆς
1554 2318 1724 2391 αὐτῆς

99 2400 366 2470 “πολίτας
420 2407 710 2475 ἐκκλησίας
762 2405 1190 2477 ἐπιστολιμαίων
1239 2407 1431 2478 δέομαι
1479 2403 1726 2478 γραμμά-

106 2483 284 2560 “των,
345 2489 438 2544 καὶ
497 2483 668 2544 ταῦθ’
731 2485 879 2554 ὅπως
932 2493 1381 2563 διαπεμψαίμην,
1443 2486 1726 2563 ἀμήχανον

103 2567 413 2643 “φαίνεται.
478 2575 616 2648 ῥᾷον
651 2571 758 2643 γὰρ
799 2569 870 2628 ἅν
899 2595 980 2639 τις
1009 2571 1111 2646 οὐχ
1140 2570 1289 2640 ὅπως
1320 2580 1399 2641 εἰς
1428 2572 1530 2646 τὴν
1559 2574 1726 2644 ὑπερ-

101 2653 325 2728 “όριον,
372 2653 513 2713 ἀλλὰ
543 2658 636 2713 καὶ
665 2653 761 2714 ἄπ’
798 2653 1086 2715 ἀνατολῶν
1127 2660 1216 2715 ἐπὶ
1248 2656 1462 2732 δυσμὰς
1492 2681 1724 2729 περαιω-

108 2735 303 2814 “θείη,
345 2736 380 2813 ἢ
422 2739 525 2813 τὴν
557 2739 982 2814 Ἀλεξάνδρειαν
1022 2739 1117 2799 ἄπ’
1154 2740 1324 2816 αὐτῆς
1354 2749 1449 2816 τῆς
1472 2741 1726 2809 Ἀλεξαν-

103 2819 332 2898 “δρείας
386 2827 625 2883 ἐπέλθοι.
708 2830 756 2882 4.
811 2827 906 2899 τῆς
956 2824 1062 2899 γὰρ
1116 2825 1321 2901 ἐρήμου
1374 2828 1469 2900 τῆς
1522 2827 1726 2896 πολλῆς

1739 997 1778 1029 10

1743 1418 1782 1451 15

1743 1841 1783 1872 20

1747 2261 1788 2294 25

1749 2681 1789 2714 30
