1986 3152
526 130 606 169 DE
646 130 829 172 MART.
871 131 1158 174 PALAEST.
1198 134 1299 174 vn.
1612 133 1716 186 395

106 247 308 302 τοῦτον
341 244 629 315 ἐνέχεσθαι
662 249 868 316 ἔλεγον.
931 251 978 303 5.
1027 246 1138 304 εἷθ’
1177 247 1206 305 ὁ
1236 249 1341 322 μὲν
1371 255 1473 306 τοῦ
1505 252 1713 307 δεσπό-

103 351 203 386 του
234 326 440 399 φονεύς
463 341 581 392 τοῖς
599 330 775 400 θηρσὶ
804 333 1185 403 παραβληθεὶς
1213 335 1370 390 ἐλέου
1394 334 1488 389 καὶ
1511 342 1712 406 φιλαν-

103 417 361 486 θρωπίας
402 409 632 483 ἠξίωτο,
674 416 978 486 μονονουχὶ
1007 414 1127 471 κατ’
1165 415 1339 474 αὐτὸν
1372 421 1587 474 ἐκεῖνον
1618 418 1714 475 τὸν

106 496 197 553 ἐπὶ
226 500 328 552 τοῦ
360 500 607 569 σωτῆρος
636 503 956 569 Βαραββᾶν.
1010 506 1168 571 βοαῖς
1199 497 1260 555 δ’
1289 503 1377 557 ἐπὶ
1407 502 1586 577 τούτῳ
1617 503 1712 558 καὶ

104 578 402 653 εὐφημίαις
430 578 492 635 τὸ
525 583 640 635 πᾶν
673 583 913 652 ἐξηχεῖτο
935 585 1206 655 θέατρον,
1241 582 1397 641 ὥσάν
1426 590 1528 641 τοῦ
1559 609 1710 658 μιαι-
1734 609 1754 642 5

104 664 286 737 φόνου
306 663 728 737 φιλανθρώπως
751 664 894 737 πρὸς
917 672 1019 723 τοῦ
1043 669 1311 738 βασιλέως
1336 670 1712 741 σεσωσμένον,

105 753 263 822 τιμῆς
301 771 360 804 τε
410 749 503 804 καὶ
548 751 873 822 ἐλευθερίας
915 746 1240 822 ἠξιωμένου.
1335 758 1382 807 6.
1440 751 1468 809 ὁ
1514 753 1575 809 δε
1614 759 1713 825 τῆς

103 838 426 904 θεοσεβείας
468 831 717 904 άθλητὴς
760 832 1120 890 άνακαλειται
1162 859 1265 906 μεν
1295 836 1567 909 πρότερον
1598 836 1710 893 ῦπό

103 920 204 974 τοῦ
235 915 552 991 τυράννου,
587 916 704 973 εἶτα
727 916 965 991 α’ρνησιν
987 924 1084 990 τῆς
1108 920 1432 992 προθέσεως
1465 921 1713 991 αἰτηθεὶς

107 999 201 1058 ἐπ’
237 1003 562 1075 ἐλευθερίας
596 1004 928 1076 ἐπαγγελίᾳ,
964 1003 1179 1077 μεγάλῃ
1211 1009 1375 1077 φωνῇ
1407 1004 1706 1075 διαμαρτύ-
1734 1028 1775 1059 10

104 1108 287 1160 ρεται,
327 1085 401 1158 μὴ
443 1085 663 1158 φαύλης
704 1085 807 1158 μὲν
838 1089 1028 1143 ἕνεκεν
1068 1093 1279 1158 αἰτίας,
1325 1086 1609 1159 εὐσεβείας
1651 1089 1713 1144 δὲ

102 1174 203 1226 τοῦ
232 1175 346 1226 τῶν
377 1170 526 1226 ὅλων
557 1174 905 1243 δημιουργοῦ
947 1171 1255 1244 προθύμως
1286 1173 1380 1227 καὶ
1410 1170 1541 1244 μεθ’
1574 1170 1712 1243 ἡδο-

102 1259 224 1326 νῆς,
267 1253 372 1310 ὅσα
417 1253 470 1310 δ’
518 1251 589 1309 ἂν
621 1254 876 1325 ἐπάγοιτο
919 1253 1102 1331 αὐτῷ,
1154 1261 1426 1326 γενναίως
1466 1254 1714 1327 ὑποστή-

105 1346 317 1395 σεσθαι.
410 1343 456 1394 7.
524 1338 616 1393 καὶ
669 1334 823 1394 τοῦτ’
873 1338 1051 1395 εἰπών
1103 1339 1216 1412 ἅμα
1269 1339 1415 1415 λόγῳ
1468 1336 1712 1410 τοῦργον

106 1418 327 1494 ἐπάγει,
371 1427 635 1494 δρομαῖος
681 1422 944 1494 ἄντικρυς
987 1421 1342 1497 ἄπολυθείσῃ
1374 1422 1494 1479 κατ’
1530 1422 1707 1479 αὐτοῦ
1733 1445 1772 1477 15

103 1507 288 1583 ἄρκτῳ
330 1502 705 1577 ὑπαντιάσας,
758 1507 947 1580 ταύτῃ,
973 1530 1032 1562 τε
1086 1507 1285 1563 ἑαυτὸν
1335 1507 1712 1580 ἀσμενέστατα

106 1591 456 1657 ἐπιδεδωκώς
489 1597 567 1657 είς
598 1590 803 1663 βορὰν,
846 1590 976 1663 μεθ’
1011 1590 1084 1663 ἣν
1122 1597 1366 1664 ἔμπνους
1413 1597 1490 1657 εἰς
1520 1591 1581 1647 τὸ
1615 1596 1710 1647 δε-

103 1675 415 1748 σμωτήριον
446 1684 672 1747 αἴρεται.
712 1681 848 1747 μίαν
878 1698 937 1731 τε
970 1678 1218 1732 ἐνταῦθα
1250 1676 1541 1748 ἐπιβιώσας
1571 1670 1689 1748 ἡμέ·

104 1783 211 1834 ραν
240 1765 309 1834 τῇ
344 1762 464 1832 ἑξῆς
489 1766 670 1816 λίθων
694 1757 874 1815 αὐτοῦ
900 1760 1410 1834 προσαρτηθέντων
1440 1773 1556 1825 τοῖς
1580 1760 1711 1815 ποσὶ

102 1845 254 1919 μέσω
297 1845 526 1915 πελάγει
578 1849 1031 1900 καταποντοῦται.
1101 1850 1316 1900 τοιοῦτο
1368 1845 1462 1899 καὶ
1503 1843 1563 1899 τὸ
1605 1848 1707 1899 τοῦ
1730 1867 1772 1898 20

97 1927 363 1999 Ἀγαπίου
395 1928 717 2001 μαρτύριον.

232 2023 328 2072 VII.
374 2012 521 2083 ’Ήδη
567 2012 628 2068 δε
671 2013 762 2067 καὶ
796 2018 873 2078 είς
905 2014 1154 2084 πέμπτον
1186 2018 1303 2077 ἔτος
1333 2017 1432 2067 τοῦ
1464 2015 1709 2082 διωγμοῦ

103 2099 527 2170 παραταθέντος
549 2140 562 2166 ,
604 2096 779 2168 μηνὸς
821 2097 1059 2170 δευτέρα
1090 2101 1406 2166 Ξανθικοῦ,
1448 2095 1563 2166 ἥτις
1597 2095 1710 2150 ἐστὶ

101 2180 210 2255 πρὸ
242 2181 530 2254 τεσσάρων
556 2181 776 2238 Νώνων
806 2180 1169 2252 Ἀπριλλίων,
1205 2182 1264 2235 ἐν
1296 2179 1440 2253 αὐτῇ
1472 2183 1710 2251 κυριακῇ

102 2261 283 2340 ἡμέρα
325 2270 423 2337 τῆς
462 2270 563 2321 τοῦ
611 2270 855 2336 σωτῆρος
897 2260 1060 2337 ἡμῶν
1101 2261 1484 2334 ἀναστάσεως,
1542 2257 1710 2327 αὖθις
1730 2286 1771 2318 25

105 2350 196 2406 ἐπὶ
225 2354 323 2422 τῆς
354 2355 694 2423 Καισαρείας
728 2354 1005 2406 Θεοδοσία
1045 2354 1159 2404 τῶν
1191 2347 1301 2404 άπὸ
1346 2348 1532 2420 Τύρου
1565 2368 1710 2420 παρ-

99 2435 303 2505 θένος,
356 2433 552 2490 πιστὸν
602 2434 694 2490 καὶ
738 2433 1078 2506 σεμνότατον
1121 2432 1343 2504 κόριον,
1397 2429 1523 2488 οὐδ’
1570 2430 1711 2495 ὅλως

105 2520 248 2574 ἐτῶν
299 2515 707 2590 ὀκτωκαίδεκα,
762 2523 1005 2590 δεσμίοις
1058 2518 1165 2572 τισὶ
1216 2517 1310 2572 καὶ
1363 2514 1555 2581 αὐτοῖς
1606 2514 1711 2585 τὴν

108 2607 354 2675 Χριστοῦ
385 2609 672 2674 βασιλείαν
703 2598 1068 2675 ὁμολογοῦσι,
1101 2601 1213 2673 πρό
1236 2623 1294 2656 τε
1316 2605 1416 2656 τοῦ
1449 2604 1709 2668 δικαστη-

106 2691 232 2759 ρίου
264 2689 680 2760 καθεζομένοις,
713 2686 997 2759 πρόσεισιν
1030 2680 1176 2757 ὁμοῦ
1201 2683 1706 2756 φιλοφρονουμένη,
1732 2704 1777 2735 30

106 2771 200 2826 καὶ
230 2767 322 2827 οἶα
353 2771 500 2837 είκός
530 2767 677 2844 ’ὑπὲρ
707 2775 807 2826 τοῦ
837 2769 1209 2842 μνημονεύειν
1239 2767 1410 2839 αὐτῆς
1442 2765 1581 2839 πρὸς
1612 2763 1709 2821 τὸν

105 2854 302 2927 κύριον
323 2857 660 2928 γενομένους
686 2858 1105 2927 παρακαλοῦσα.
1147 2856 1196 2908 2.
1222 2857 1387 2907 τοῦτο
1410 2851 1472 2906 δὲ
1494 2849 1708 2922 πράξα-
