1986 3152
254 78 357 130 233
928 75 1174 117 EUSEBII

246 190 472 264 “κρυ’ων
510 204 844 263 προσπεσεῖν
875 194 1170 265 Ζεφυρίνςο
1212 192 1288 265 τῷ
1323 187 1630 265 ἐπισκόπςο,
1673 191 1858 247 κυλιό-

246 272 452 347 “μενον
502 273 608 330 ὑπὸ
659 271 785 339 τοῦς
836 272 1011 339 πόδας
1060 271 1125 329 οὐ
1178 272 1354 345 μόνον
1392 275 1506 330 τῶν
1546 276 1606 329 ἐν
1647 272 1860 350 κλήρῳ,

244 355 419 414 “ἀλλὰ
450 358 541 413 καὶ
572 362 684 414 τῶν
714 362 951 427 λαϊκεόν,
995 358 1222 429 συγχέαι
1255 379 1314 413 τε
1343 369 1455 422 τοῖς
1488 354 1724 430 δάκρυσι
1755 357 1864 430 τὴν

243 438 668 513 “εῦσπλαγχνον
729 443 1025 513 ἐκκλησίαν
1083 444 1180 497 τοῦ
1244 439 1532 514 ἐλεήμονος
1584 444 1854 515 Χριστοῦ·

208 522 453 599 5“πολλῇ
493 548 551 581 τε
590 530 656 598 τῇ
701 523 883 597 δεήσει
923 523 1299 598 χρησάμενον,
1345 522 1603 592 δείξαντά
1642 547 1700 581 τε
1731 523 1863 591 τούς

185 964 226 995 10

184 1381 223 1412 15
238 1363 267 1384 (θ

180 1801 221 1833 20

180 2219 220 2251 25

177 2639 219 2673 30

240 608 547 682 “μω’λωπας
581 601 659 665 ὦν
694 607 911 682 εἰλήφει
941 613 1170 681 πληγῶν
1200 610 1354 682 μόλις
1387 605 1857 682 κοινωνηθῆναι.”

250 698 328 750 13.
363 691 572 759 τούτοις
605 691 1035 766 ἐπισυνάψωμεν
1064 695 1156 750 καὶ
1186 692 1356 760 ἄλλας
1381 694 1644 766 περὶτῶν
1668 692 1858 750 αὐτῶν

247 780 345 834 τοῦ
385 773 554 835 αὐτοῦ
593 779 957 851 συγγραφέως
998 776 1218 851 φωνάς,
1260 781 1457 834 τοῦτον
1499 777 1729 850 ἐχούσας
1759 776 1861 835 τὸν
1917 787 1923 794 “

247 859 476 934 τρόπον·
502 858 752 935 ’(γραφάς
775 862 877 934 μὲν
900 868 1058 927 θείας
1083 859 1308 934 ἀφόβως
1333 859 1858 936 ῥεραδιουργήκασι,

241 943 513 1012 “πίστεω’ς
552 970 610 1002 τε
650 943 879 1018 ἀρχαίας
911 944 1118 1003 κανόνα
1150 942 1481 1018 ήθετήκασι,
1522 944 1764 1018 Χριστὸν
1795 947 1858 1003 δὲ

241 1025 644 1101 “ήγνοήκασιν,
686 1027 751 1086 οὐ
781 1036 839 1087 τί
865 1035 927 1086 αἱ
954 1039 1107 1087 θεῖαι
1137 1032 1360 1102 λέγουσι
1389 1032 1599 1103 γραφαὶ
1631 1033 1856 1102 ζητοῦν-

241 1112 391 1185 “teg-9
446 1111 568 1169 ἀλλ’
594 1112 808 1170 -ὁποῖον
858 1120 1036 1187 σχῆμα
1087 1119 1460 1187 συλλογισμοῦ
1503 1119 1579 1179 εἰς
1619 1112 1722 1185 τὴν
1759 1115 1857 1185 τῆς

239 1192 577 1269 “οἰθεότητος
610 1195 876 1254 σύστασιν
909 1196 1145 1271 εὑρεθῇ,
1179 1196 1494 1270 φιλοπόνως
1525 1193 1852 1262 ἀσκοῦντες·

239 1277 382 1337 “κᾶν
412 1279 599 1346 αὐτοῖς
631 1287 892 1356 προτείνῃ
924 1305 1006 1347 τις
1038 1280 1204 1355 ῥητὸν
1234 1285 1452 1355 γραφῆς
1483 1284 1705 1353 θεῖκῆς,
1746 1283 1855 1350 ἐξε-

277 1363 529 1436 τάζουσι,
561 1364 795 1439 πότερον
825 1369 1178 1438 συνημμένον
1208 1360 1242 1437 ἢ
1274 1366 1655 1438 διεζευγμένον
1687 1365 1854 1422 δύνα-

238 1445 360 1506 “vac
402 1452 628 1522 ποιῆσαι
669 1452 851 1523 σχῆμα
892 1455 1283 1523 συλλογισμοῦ.
1349 1454 1429 1506 14.
1463 1450 1856 1516 καταλιπόντες

238 1529 340 1589 “cst
377 1531 472 1600 τοὶς
514 1529 673 1606 ἁγίας
714 1538 810 1590 τοῦ
853 1537 994 1590 θεοῦ
1034 1533 1251 1608 γραφὰς
1293 1539 1633 1607 γεωμετρίαν
1673 1537 1852 1606 ἐπιτη-

237 1613 568 1690 “δεύουσιν,
618 1616 773 1675 &edm
814 1622 874 1675 ἐκ
913 1621 1008 1690 τῆς
1050 1621 1149 1691 γῆς
1193 1616 1347 1685 ὄντες
1388 1619 1478 1675 καὶ
1521 1622 1581 1675 ἐκ
1619 1621 1713 1690 τῆς
1753 1622 1855 1691 γῆς

239 1697 600 1775 σελαλοῦντες,
645 1705 736 1759 καὶ
780 1700 877 1759 τόν
916 1700 1142 1760 ἄνωθεν
1174 1700 1473 1776 ἐρχόμενον
1502 1700 1849 1774 ἀγνοοῦντες.

239 1781 586 1859 “Εὐκλείδης
628 1792 766 1858 γοῦν
796 1785 945 1859 παρά
973 1804 1119 1844 τισιν
1150 1783 1336 1844 αὐτῶν
1365 1784 1681 1859 φιλοπόνως
1712 1810 1853 1859 γεω-

235 1865 577 1944 “μετρεῖται,
616 1869 988 1944 Ἀριστοτέλης
1031 1872 1091 1927 δὲ·
1121 1873 1213 1928 καὶ
1247 1869 1596 1944 Θεόφραστος
1627 1869 1847 1943 θαυμά-

235 1948 479 2026 “ζονται,
521 1953 769 2027 Γαληνὸς
810 1954 917 2028 γὰρ
960 1963 1091 2020 ἴσως
1131 1951 1240 2012 ὑπό
1279 1979 1448 2012 τινων
1486 1956 1577 2012 καὶ
1610 1973 1851 2029 προσκυ-

235 2031 461 2094 “νεῖται.
527 2043 606 2095 15.
649 2043 706 2095 οἱ
733 2038 795 2094 δὲ
825 2052 943 2104 ταῖς
973 2041 1086 2096 τῶν
1114 2037 1365 2095 ἀπίστων
1396 2041 1608 2110 τέχναις
1642 2045 1719 2105 εἰς
1749 2037 1852 2110 τὴν

234 2119 365 2192 “τῆς
406 2120 668 2194 αἱρέσεως
708 2121 893 2179 αὐτῶν
933 2121 1164 2194 γνώμην
1201 2119 1612 2196 ἀποχρώμενοι,
1655 2124 1747 2178 καὶ
1782 2124 1851 2196 τῇ

239 2202 390 2262 ((τῶν
430 2203 617 2262 ἀθέων
656 2212 972 2281 πανουργίᾳ
1008 2204 1109 2278 τὴν
1149 2204 1332 2277 ἁπλῆν
1370 2209 1482 2263 τῶν
1511 2211 1687 2263 θείων
1717 2230 1848 2280 γρα-

233 2284 399 2360 “φῶν
438 2294 627 2346 πίστιν
657 2287 1090 2362 καπηλεύοντες,
1133 2286 1214 2346 ὅτι
1244 2290 1383 2363 μηδὲ
1415 2289 1579 2362 ἐγγῦς
1612 2296 1851 2356 πίστεως

232 2368 598 2447 “ὑπάρχουσι,
629 2381 684 2430 τί
713 2379 802 2430 δεῖ
829 2375 920 2430 καὶ
953 2375 1163 2445 λέγειν;
1205 2372 1295 2430 διά
1325 2380 1484 2431 τοῦτο
1515 2388 1634 2439 ταῖς
1664 2380 1848 2440 θείαις

234 2452 511 2529 “γραφαῖς
541 2454 767 2529 ἀφόβως
800 2458 1070 2529 ἐπέβαλον
1099 2457 1194 2524 τὰς
1225 2473 1429 2532 χεῖρας,
1462 2460 1714 2530 λέγοντες
1744 2456 1847 2515 αὐ-

233 2535 363 2607 “το“ις
395 2544 796 2615 διωρθωκέναι.
862 2547 940 2598 16.
975 2544 1067 2599 καὶ
1097 2540 1179 2599 ὅτι
1209 2547 1370 2600 τοῦτο
1399 2541 1473 2615 μὴ
1504 2541 1845 2606 καταψευδό-

235 2623 434 2698 “μενος
489 2622 672 2684 αὐτῶν
722 2629 862 2698 λέγω
903 2624 931 2682 ὁ
972 2625 1307 2700 βούλομενος
1350 2626 1581 2684 δύναται
1619 2636 1841 2700 μαθεῖν.

234 2707 327 2766 “ει’
372 2708 476 2782 γάρ
515 2734 595 2776 τις
635 2708 863 2781 θελήσει
903 2716 1239 2784 συγκομίσας
1280 2709 1465 2768 αὐτῶν
1505 2708 1736 2767 ἑκάστου
1778 2709 1843 2767 τὰ

234 2789 585 2868 τεἀντίγραφα
637 2793 900 2863 ἐξετάζειν
949 2794 1082 2868 πρὸς
1129 2793 1366 2868 ἄλληλα,
1418 2794 1552 2852 κατὰ
1590 2792 1731 2851 πολῦ
1772 2789 1844 2850 ι’ἰν
