2032 3174
770 103 895 143 CAP.
927 105 966 144 2.
999 106 1037 144 3.
1538 103 1710 144 XLVII

97 213 316 266 flamma
359 214 502 283 ignis
515 253 531 280 ‚
584 222 737 266 rotae
784 214 904 284 ejus
951 212 1095 282 ignis
1142 212 1398 282 flagrans,
1479 213 1709 266 Flumen

95 300 238 370 ignis
282 297 540 351 manabat
586 298 704 367 ejus
751 304 1062 367 conspectu,
1137 296 1290 350 Mille
1339 296 1510 350 millia
1554 299 1708 350 mini-

98 385 347 437 strabant
395 382 444 434 ei
491 390 545 434 et
590 381 867 452 myriades
916 381 1136 434 stabant
1178 400 1360 435 coram
1399 400 1479 436 eo.
1556 382 1707 435 Judi-

96 470 238 522 cium
286 465 571 519 constituit
626 474 679 518 et
731 465 859 518 libri
905 466 1082 535 aperti
1129 469 1315 518 sunt.“
1405 470 1437 533 ξ
1474 466 1561 520 25.
1634 467 1707 519 Et

94 551 256 624 paulo
288 559 411 622 post
439 549 605 619 (Dan.
634 550 685 615 9,
718 549 798 602 13.
830 547 962 617 14.):
1005 549 1470 619 ‚,Adspiciebam‚
1509 551 1705 620 inquit,

96 655 220 690 ecce
257 634 414 706 quasi
458 634 516 685 in
552 634 791 687 nubibus
834 633 972 686 coeli
1009 632 1151 685 filius
1189 635 1425 687 hominis
1464 635 1616 689 venit
1654 643 1709 688 et

93 739 265 791 usque
315 719 386 771 ad.
435 718 715 788 antiquum
768 717 976 770 dierum
1026 718 1275 788 pervenit
1322 720 1478 789 eique
1524 738 1707 773 coram
1746 761 1751 766 .

94 802 582 875 adpropinquavit3
631 810 686 854 et
733 801 782 854 ei
827 802 985 856 datus
1026 810 1109 854 est
1144 802 1484 872 principatus
1525 811 1579 856 et
1612 804 1706 856 ho·

92 907 192 942 nor
237 896 291 940 et
336 905 564 956 regnum
612 904 906 956 omnesque
951 885 1142 956 populi
1188 894 1241 939 et
1281 886 1501 956 linguae
1538 887 1706 940 inser·

91 972 334 1027 viebant.
409 972 661 1024 Potestas
701 972 820 1042 ejus
860 970 963 1023 erit
998 978 1238 1041 potestas
1277 979 1527 1039 aeterna»,
1567 990 1705 1042 quae
1791 1019 1794 1024 .

91 1076 201 1110 non
226 1056 548 1127 praeteribit
571 1073 747 1126 neque
771 1055 974 1126 peribit
998 1058 1286 1124 regnum.“
1360 1058 1392 1122 ξ
1419 1055 1506 1110 26.
1553 1055 1705 1108 Haec

92 1142 209 1194 sine
255 1140 420 1194 dubio
469 1139 540 1192 ad
590 1138 918 1193 salvatorem
954 1147 1201 1192 nostrum
1238 1147 1366 1192 sunt
1401 1140 1704 1206 referenda,

92 1226 185 1296 qui
222 1233 340 1277 erat
376 1243 410 1278 a
445 1225 712 1295 principio
742 1223 892 1294 apud
916 1225 1098 1277 Deum
1121 1224 1274 1277 Deus
1301 1224 1572 1291 Verbum,
1613 1226 1705 1295 qui

92 1308 398 1380 appellatur
450 1307 594 1361 filius
650 1308 928 1361 hominum
982 1317 1274 1379 propterea
1327 1310 1473 1379 quod
1525 1308 1705 1361 induit

91 1393 483 1446 humanitatem
542 1401 786 1446 nostram
845 1392 902 1443 in
965 1393 1279 1446 novissimis
1341 1394 1699 1462 temporibus,

94 1480 126 1543 ξ
151 1476 239 1528 27.
297 1477 478 1542 Quum
515 1494 645 1529 vero
683 1475 805 1529 aliis
843 1477 901 1528 in
937 1475 1091 1529 libris
1132 1477 1313 1529 omnia
1338 1495 1476 1547 quae
1511 1494 1543 1528 a
1576 1494 1701 1546 pro-

91 1561 267 1630 phetis
325 1559 394 1612 de
441 1560 713 1614 salvatore
770 1568 985 1627 nostr0‚
1047 1561 1284 1614 Domino
1332 1570 1517 1613 nostro
1568 1560 1703 1613 Jesu

92 1643 306 1697 Christo
346 1644 494 1697 dicta
533 1653 657 1697 sunt
693 1643 1097 1713 coHegerimUS‚
1138 1662 1202 1697 ea
1235 1663 1378 1697 nunc
1405 1644 1701 1709 sufficiant.

91 1727 224 1798 Cap.
251 1728 302 1781 3.
342 1731 374 1795 ξ
411 1730 457 1780 1.
521 1727 677 1780 Ν11110
714 1747 843 1782 vero
879 1736 1229 1798 opportunun
1255 1736 1338 1781 est
1362 1736 1603 1799 tempUS,
1642 1736 1703 1780 ut

91 1811 436 1866 ostendamus
450 1852 464 1879 ‚
513 1831 708 1866 nomen
747 1812 881 1865 Jesu
920 1812 1127 1865 Christi
1171 1831 1203 1864 a
1239 1813 1517 1883 prophetis
1531 1852 1544 1879 ,
1595 1813 1700 1864 Dei

89 1897 306 1963 amiciS,
345 1897 403 1948 in
439 1896 643 1949 honore
679 1895 928 1949 habitum
965 1896 1157 1950 fuisse.

567 2163 814 2217 CAPUT
853 2163 1216 2217 TERTIUM.

174 2259 244 2316 De
279 2262 479 2321 nomine
517 2261 631 2318 Jesu
669 2265 716 2318 et
755 2261 938 2318 Christi
978 2261 1108 2333 quod
1145 2263 1319 2317 notum
1356 2261 1449 2317 fuit
1489 2265 1536 2317 et
1575 2263 1625 2317 in

372 2343 556 2400 honore
593 2345 816 2402 habitum
855 2362 883 2401 a
918 2345 1175 2418 prophetis
1214 2346 1414 2401 sanetis,
1462 2422 1464 2424 Ι

194 2471 226 2536 ξ
250 2469 300 2522 2.
357 2470 569 2524 Nomen
592 2472 828 2526 Messiae
856 2472 1062 2526 cul-tum
1089 2481 1142 2526 et
1168 2471 1501 2526 celebratum
1528 2471 1696 2524 fuisse

86 2553 293 2624 primus
332 2554 512 2607 Moses
561 2557 796 2609 ostendit
830 2558 886 2609 in
923 2558 1071 2628 typis
1111 2556 1439 2610 coelestibus
1481 2563 1533 2609 et
1570 2555 1694 2608 alle-

87 2639 253 2706 goriis
293 2646 347 2691 et
383 2639 713 2708 imaginibus
752 2650 958 2708 terrae,
997 2649 1185 2712 utpote
1222 2659 1334 2694 vox
1357 2639 1453 2692 illa
1479 2640 1529 2691 ei
1555 2639 1697 2691 dixit

88 2721 294 2789 (Exod.
334 2722 434 2790 25,
471 2723 620 2794 40.):
685 2727 809 2793 „sic
856 2726 1247 2795 circumspecte
1294 2725 1475 2776 omnia
1522 2723 1693 2776 facias

79 2805 244 2874 juxta
280 2805 535 2875 figuram,
586 2827 723 2878 quae
771 2809 872 2862 tibi
917 2810 974 2862 in
1011 2816 1190 2861 monte
1228 2815 1531 2862 monstrata
1570 2809 1695 2859 est“
