2032 3174
585 122 742 163 HIST.
776 122 1023 162 ECCLES.
1059 123 1115 164 11.
1151 125 1188 162 1.
1623 122 1689 173 47

84 237 320 310 τοσαύτη
355 237 403 294 δ’
443 234 591 314 αύτῷ
623 244 753 294 θειά
778 237 1043 311 συνήργει
1067 237 1221 310 χάρις
1247 236 1319 303 ὡς
1344 240 1434 294 καὶ
1459 245 1691 312 Σίμωνα

82 321 178 380 τὸν
219 321 396 394 μάγον
447 321 582 395 μετὰ
630 328 907 379 πλείστων
937 321 1086 378 ὅσων
1137 337 1249 387 τοῖς
1293 319 1463 379 αὐτοῦ
1510 322 1690 396 λόγοις

85 409 354 480 ἑλχθῆναι
419 412 495 463 11.
532 409 619 463 ε’πὶ
660 409 923 463 τοσοῦτον
969 405 1018 461 δ’
1057 402 1084 462 ὁ
1118 413 1315 478 Σίμων
1355 411 1689 480 βεβοημένος

82 490 199 547 κατ’
240 494 417 548 έκεινο
449 494 644 563 καιροῦ
673 496 784 547 τῶν
815 489 1182 562 ἠπατημένων
1223 490 1436 563 ἐκράτει
1469 498 1688 565 γοητεία

83 575 154 642 ὡς
185 599 286 647 την
316 574 561 648 μεγάλην
607 573 774 631 αὐτὸν
819 573 1080 645 ἡγεισθαι
1127 574 1269 631 εἶναι
1316 573 1554 648 δύναμιν
1590 581 1730 634 τοῦε»

81 663 234 716 θεοῦ.
297 658 420 716 τότε
452 658 503 715 δ’
540 651 643 715 οὖν
682 660 772 714 καὶ
805 658 962 724 οὗτος
1002 682 1095 724 τας
1125 657 1233 714 ὑπὸ
1272 662 1369 715 τοῦ
1406 667 1688 716 Φιλίππου

50 812 53 814 .
83 743 314 815 δυνάμει
337 750 468 818 θεία
491 746 821 814 τελουμένας
841 745 1205 814 καταπλαγεὶς
1225 747 1687 815 παραδοξοποιίας

79 826 437 900 παραδύεται,
471 829 561 883 καὶ
586 829 742 900 μέχρι
761 830 995 900 λουτροῦ
1019 824 1122 898 τὴν
1147 832 1222 892 εἰς
1235 826 1474 899 Χριστὸν
1500 835 1687 885 πίστιν

78 917 561 984 καθυποκρίνεται.
607 915 687 967 12.
723 907 752 967 ὃ
783 913 873 967 καὶ
905 909 1210 983 θαυμάζειν
1241 907 1394 978 ἄξιον
1419 916 1495 976 εἰς
1522 914 1687 981 δεῦρο

76 994 373 1068 γινόμενον
425 994 560 1069 πρὸς
611 999 723 1051 τῶν
771 1001 848 1051 ἔτι
901 997 992 1051 καὶ
1031 1000 1139 1051 νῦν
1179 993 1280 1068 τὴν
1324 991 1421 1051 ἄπ’
1470 998 1684 1052 ἐκείνου
1707 1023 1746 1053 10

75 1078 425 1154 μιαρωτάτην
455 1078 758 1153 μετιόντων
790 1085 1024 1153 αἵρεσιν,
1058 1086 1113 1136 οἳ
1140 1083 1205 1152 τῇ
1227 1084 1325 1136 τοῦ
1357 1086 1517 1151 σφῶν
1548 1102 1684 1154 προ-

75 1162 307 1238 πάτορος
331 1164 556 1241 μεθόδῳ
587 1164 688 1236 τὴν
722 1167 1015 1236 ἐκκλησίαν
1047 1162 1355 1236 λοιμώδους
1378 1167 1469 1220 καὶ
1494 1178 1684 1237 ψωρα-

76 1251 200 1314 λέας
230 1247 399 1305 νόσου
434 1254 597 1321 δίκην
625 1245 998 1321 ὑποδυόμενοι
1029 1246 1094 1304 τά
1127 1252 1356 1320 μέγιστα
1387 1254 1682 1320 λυμαίνον-

75 1357 161 1388 ται
191 1332 317 1398 τοὺς
349 1329 429 1399 οἷς
477 1331 927 1405 ἐναπομάξασθαι
967 1329 1076 1389 οἷοί
1118 1355 1178 1388 τε
1217 1328 1286 1388 ἂν
1328 1331 1440 1388 εἷεν
1481 1331 1577 1388 τὸν
1623 1336 1683 1389 ἐν

75 1414 261 1483 αὐτοῖς
312 1415 803 1489 ἀποκεκρυμμένον
858 1418 1115 1488 δυσαλθῆ
1155 1418 1245 1472 καὶ
1292 1414 1532 1488 χαλεπὸν
1579 1415 1677 1474 ι’όν.
1706 1441 1745 1472 15

74 1501 181 1573 ἤδη
211 1503 278 1573 γέ
303 1524 385 1557 τοι
408 1507 631 1567 πλείους
655 1500 867 1557 τούτων
890 1497 1296 1572 απεσόσθησαν,
1328 1495 1511 1558 ὁποῖοί
1538 1523 1682 1566 τινες

73 1602 216 1656 ησαν
245 1582 347 1656 τὴν
374 1592 692 1685 μοχθηρίαν
722 1583 964 1656 ἁλόντες,
1000 1583 1183 1659 ω’σπερ
1206 1586 1308 1641 οὐν
1330 1587 1420 1640 καὶ
1443 1581 1683 1656 ὁΣίμων

75 1665 236 1735 αὐτὸς
286 1667 421 1748 πρὸς
471 1673 597 1725 τοῦ
607 1670 826 1742 Πέτρου
878 1671 1304 1768 καταφωραθεὶς
1353 1691 1410 1732 ος
1460 1669 1530 1740 ἠν
1579 1668 1682 1739 τὴν

29 1768 33 1771 ’
73 1751 462 1826 προσήκουσαν
493 1759 638 1810 ἔτισε
667 1759 952 1826 τιμωρίαν.
998 1756 1076 1808 13.
1105 1749 1244 1808 ἄλλα
1274 1776 1378 1823 γαρ
1407 1758 1483 1818 εἰς
1509 1749 1682 1824 αύξην

71 1833 334 1911 ὁσημέραι
358 1836 645 1911 προϊόντος
667 1841 765 1894 τοῦ
789 1843 1064 1910 σωτηρίου
1096 1835 1439 1911 κηρύγματος
1464 1843 1679 1894 οἰκονο-
1701 1860 1743 1891 20

71 1928 167 1994 μία
198 1945 278 1988 τις
309 1915 442 1994 ἦγεν
487 1924 578 1978 καὶ
610 1919 715 1978 άπὸ
760 1924 854 1994 τῆς
886 1920 1185 1979 Αἰθιόπων
1215 1924 1325 1977 τῶν
1355 1924 1449 1994 τῆς
1480 1918 1679 1977 αὐτόθι

72 2010 384 2078 βασιλίδος,
425 2005 561 2063 κατά
601 2030 653 2062 τι
694 2005 925 2080 πάτριον
971 2012 1099 2072 ἔθος
1138 2001 1246 2061 ὑπὸ
1289 2005 1550 2076 γυναικὸς
1580 2009 1678 2061 τοῦ

71 2095 275 2156 ἔθνους
324 2093 489 2148 εἰσέτι
540 2094 647 2148 νῦν
707 2093 1143 2163 βασιλευομένων
1162 2134 1176 2163 ,
1243 2088 1551 2162 δυνάστην·
1613 2085 1678 2146 ὃν

71 2178 289 2247 πρῶτον
321 2178 374 2243 ἐξ
408 2178 593 2233 ἐθνῶν
623 2174 760 2248 πρὸς
790 2179 889 2232 τοῦ
923 2182 1205 2233 Φιλίππου
1239 2170 1315 2230 δι’
1354 2177 1678 2247 ἐπιφανείας

69 2257 134 2315 τὰ
164 2262 262 2317 τοῦ
308 2265 471 2318 θείου
502 2258 669 2332 λόγου
700 2257 860 2333 ὄργια
899 2257 1269 2333 μετασχόντα,
1315 2264 1428 2316 τῶν
1468 2281 1526 2315 τε
1567 2255 1675 2316 άνά
1698 2280 1739 2312 25

69 2341 171 2414 τὴν
199 2345 531 2417 οἰκουμένην
561 2347 772 2402 πιστῶν
801 2341 1056 2417 ἀπαρχὴν
1086 2341 1414 2416 γενόμενον,
1458 2346 1677 2415 πρῶτον

70 2427 283 2500 κατέχει
319 2426 478 2500 λόγος
519 2430 607 2485 ἐπὶ
637 2426 739 2500 τὴν
778 2427 1010 2502 πάτριον
1054 2426 1532 2500 παλινοστήσαντα
1571 2432 1676 2499 γῆν

71 2509 539 2583 εὐαγγελίσασθαι
568 2510 671 2583 τὴν
699 2516 795 2570 vo*
828 2516 940 2570 τῶν
970 2510 1117 2570 ὅλων
1146 2515 1287 2570 θεοῦ
1316 2514 1544 2585 γνῶσιν,
1584 2512 1674 2567 καὶ

68 2593 170 2668 τὴν
201 2594 464 2665 ζωοποιόν
498 2603 574 2662 εἰς
605 2595 941 2670 ἀνθρώπους
971 2600 1071 2654 τοῦ
1101 2601 1342 2671 σωτῆρος
1373 2595 1530 2669 ἡμῶν
1563 2597 1673 2650 ἐπι-

71 2684 302 2753 δημίαν,
335 2687 478 2758 ἔργῳ
509 2687 899 2755 πληρωθείσης
934 2678 1008 2738 δι’
1043 2679 1214 2738 αὐτοῦ
1243 2684 1338 2752 τῆς
1364 2677 1671 2737 “Αι’θιοπιά
1695 2697 1737 2729 30

69 2764 387 2839 προφθάσει
417 2780 575 2839 χεῖρα
597 2761 764 2838 αὐτῆς
787 2771 862 2842 τῷ
884 2763 1037 2842 θεῷ’
1073 2763 1431 2838 περιεχούσης
1462 2785 1672 2835 προφη-

68 2854 228 2915 τείας.
276 2854 354 2906 14.
391 2852 478 2907 ἐπὶ
501 2847 713 2917 τούτοις
732 2854 973 2923 Παῦλος,
1006 2848 1065 2906 τὸ
1090 2855 1184 2921 τῆς
1211 2850 1435 2919 ἐκλογῆς
1459 2849 1669 2915 σκεῦος,
