2032 3174
361 116 428 168 86
1014 115 1260 157 EUSEBII

359 234 538 306 σπορᾷ
588 229 813 287 Πόντου
866 232 958 287 καὶ
998 237 1271 297 Γαλατίας
1311 237 1708 298 Καππαδοκίας
1760 255 1818 288 τε
1870 234 1959 290 καὶ
2014 279 2018 290 2

353 312 536 382 Ἀσίας
577 317 668 371 καὶ
699 320 974 381 Βιθυνίας
1017 313 1231 389 γράφει.
1305 318 1351 371 3.
1385 314 1504 373 ὅσοι
1538 316 1597 372 δὲ
1626 314 1838 374 τούτων
1869 318 1960 373 καὶ
2006 335 2032 394 JV

356 404 503 466 τίνες
525 397 742 471 γνήσιοι
764 400 994 471 ζηλωταὶ
1016 397 1300 471 γεγονότες
1324 397 1418 465 τὰς
1439 397 1574 472 πρὸς
1597 397 1782 458 αὐτῶν
1809 404 1962 474 ίδρυ-
2016 407 2018 450 ἰ

358 489 554 549 θείσας
609 484 789 540 ἱκανοὶ
821 489 1137 557 ποιμαίνειν
1180 482 1629 584 ἐδοκιμασθησαν
1674 487 1963 557 ἐκκλησίας
2015 491 2032 523 ’“

315 564 425 624 5οὐ
467 565 660 643 ῥαδιον
704 573 908 639 εἰπειν,
961 567 1035 641 μὴ
1086 564 1167 624 ω’τι
1217 591 1280 639 γε
1328 565 1491 636 ὅσους
1531 592 1600 624 αν
1642 591 1722 633 τις
1764 571 1822 624 ἐκ
1852 571 1963 626 τῶν

358 649 596 709 Παύλου
619 657 826 724 φωνῶν
849 649 1178 720 αναλέξοιτο.
1222 656 1269 708 4.
1295 650 1494 709 τούτου
1518 677 1621 725 γαρ
1654 653 1756 709 οὐν
1775 657 1963 725 μυρίοι
2015 682 2018 687 -

359 737 620 810 συνεργοὶ
652 738 744 793 καὶ
775 735 847 803 ῶς
881 734 1046 803 αὐτὸς
1078 734 1330 810 ὠνόμασε
1371 739 1771 811 συστρατιῶται
1809 735 1963 809 75767

356 839 550 892 νασιν,
596 821 674 877 ῶν
715 845 766 878 οι
808 826 1030 887 πλείους
1071 818 1312 893 αλήστου
1352 819 1486 919 πρὸς
1537 819 1711 878 αὐτου
1748 819 1964 894 μνήμης
2030 875 2032 880 .

355 902 648 977 ἠξίωνται,
692 909 917 978 διηνεκῆ
955 905 1057 978 τὴν
1097 907 1223 977 περὶ
1266 903 1452 963 αὐτῶν
1495 912 1804 978 μαρτυρίαν
1845 919 1965 971 ταῖς

293 1011 335 1043 10
359 993 526 1056 ἰδίαις
569 991 877 1056 ἐπιστολαῖς
926 992 1395 1062 ἐγκαταλέξαντος.
1468 987 1533 1046 οὐ
1564 989 1673 1063 μὴν
1704 987 1842 1046 ἄλλα
1873 991 1964 1045 καὶ

357 1068 386 1129 ὃ
437 1077 651 1139 Λουκᾶς
708 1077 767 1130 ἐν
815 1087 933 1140 ταῖς
978 1072 1223 1148 Πράξεσι
1270 1072 1396 1140 τούς
1435 1079 1746 1146 γνωρίμους
1794 1071 1965 1130 αὐτοῦ

358 1157 675 1229 καταλέγων
707 1160 759 1225 ἐξ
790 1155 1057 1231 ὀνόματος
1090 1156 1273 1215 αὐτῶν
1303 1157 1652 1230 μνημονεύει.
1714 1155 1964 1230 .Τιμό·
2005 1159 2007 1161 ’

358 1239 490 1307 θεός
521 1263 583 1341 γε
604 1239 714 1314 μὴν
737 1247 832 1313 τῆς
857 1245 915 1299 ἐν
941 1239 1151 1318 Ἐφέσω
1184 1248 1471 1316 παροικίας
1499 1205 1794 1315 ιστορεῐται
1817 1243 1963 1316 πρῶ-

357 1349 447 1390 τος
477 1322 579 1396 τὴν
612 1323 916 1398 ἐπισκοπὴν
949 1327 1249 1399 εἰληχέναι,
1295 1323 1367 1392 ῶς
1408 1327 1499 1382 καὶ
1539 1330 1694 1391 Τίτος
1733 1327 1845 1381 τῶν
1877 1327 1961 1382 ἐπὶ

294 1433 335 1466 15
358 1407 578 1507 Κρήτης
624 1412 942 1482 ἐκκλησιῶν.
1013 1415 1060 1466 6.
1094 1413 1312 1476 Λουκᾶς
1357 1410 1417 1466 δὲ
1457 1408 1517 1466 τὸ
1547 1410 1650 1482 μὲν
1694 1411 1857 1481 γένος
1888 1395 1967 1466 ῶν

357 1496 469 1551 τῶν
509 1490 604 1550 ἀπ’
646 1490 1002 1567 Ἀντιοχείας,
1049 1518 1150 1567 την
1191 1491 1496 1567 ἐπιστήμην
1539 1495 1599 1550 δε
1640 1491 1848 1567 ἰατρὸς,
1902 1512 1968 1550 τα

358 1586 588 1635 πλεῖστα
618 1578 968 1651 συγγεγονὼς
1010 1581 1087 1635 τῶ
1116 1577 1355 1654 Παύλω,
1397 1579 1489 1634 καὶ
1521 1592 1632 1643 τοις
1664 1586 1873 1680 λοιποῖς
1905 1578 1967 1634 δε
2000 1631 2025 1646 „

359 1660 426 1719 οὐ
458 1663 743 1736 παρέργως
774 1667 887 1719 τῶν
917 1660 1245 1720 αποστόλων
1276 1659 1580 1734 ῶμιληκῶς,
1613 1686 1675 1734 ης
1707 1659 1815 1718 απὸ
1839 1660 1968 1718 τού·
2003 1654 2016 1671 ”

357 1770 470 1803 των
521 1744 928 1820 προσεκτήσατο
981 1749 1176 1819 ψυχῶν
1226 1748 1632 1817 θεραπευτικῆς
1687 1747 1745 1802 ἐν
1801 1746 1965 1802 δυσὶν

296 1855 339 1887 20
361 1829 497 1903 ἡμῖν
517 1828 896 1903 ὑποδείγματα
919 1829 1315 1896 θεοπνεύστοις
1328 1831 1683 1887 καταλέλοιπε
1707 1835 1965 1901 βιβλίοις,

357 1917 435 1971 τῶ
465 1937 523 1971 τε
556 1911 891 1992 εὐαγγελίῳ,
934 1911 962 1971 ὃ
1003 1916 1094 1971 καὶ
1127 1912 1354 1988 χαραξαι
1386 1928 1770 1988 μαρτυρεῖται,
1819 1911 1967 1971 καθα

358 1999 663 2071 παρέδοντο
695 1995 843 2056 αὐτῶ
874 2003 927 2056 οἱ
949 1995 1043 2055 ἀπ’
1073 1996 1242 2071 αρχῆς
1274 1992 1543 2054 αὐτόπται
1575 1999 1666 2055 καὶ
1697 1993 1966 2072 υπηρέται

358 2079 644 2155 γενόμενοι
675 2085 774 2139 τοῦ
805 2081 1001 2154 λόγου,
1033 2078 1115 2148 οἷς
1147 2087 1243 2138 καί
1269 2099 1445 2184 φησιν
1475 2081 1767 2139 ἐπανωθεν
1797 2100 1967 2138 απασι

358 2168 949 2239 παρηκολουθηκέναι,
991 2169 1082 2223 καὶ
1114 2180 1230 2232 ταις
1261 2169 1372 2223 τῶν
1414 2163 1737 2224 αποστόλων
1767 2164 1968 2238 πραξε-

295 2273 337 2307 25
361 2268 478 2321 σιν,
511 2246 573 2316 ὂὲς
604 2247 786 2306 οὐκέτι
821 2251 892 2306 δι’
929 2246 1114 2323 ἀκοῆς,
1146 2247 1460 2323 ὀφθαλμοῖς
1485 2251 1545 2306 δὲ
1577 2245 1763 2316 αὐτοῖς
1795 2272 1967 2321 παρα·

359 2333 548 2406 λαβὼν
579 2333 926 2402 συνετάξατο.
1002 2339 1047 2391 7.
1082 2336 1219 2408 φασὶ
1253 2335 1314 2390 δὲ
1346 2331 1417 2402 ῶς
1449 2332 1555 2408 ἄρα
1585 2337 1683 2390 τοῦ
1717 2331 1833 2390 κατ’
1872 2329 1967 2390 αὐ·-

359 2417 456 2475 τὸν
476 2416 803 2490 εὐαγγελίου
824 2417 1195 2492 μνημονεύειν
1213 2414 1240 2474 ὁ
1256 2422 1480 2485 Παῦλος
1503 2428 1707 2475 εἴωθεν
1729 2413 1981 2490 ὁπηνίκα·

361 2501 435 2569 ὡς
458 2503 584 2576 περὶ
620 2507 766 2559 ἰδίου
796 2503 943 2570 τινὸς
986 2499 1312 2575 εὐαγγελίου
1353 2501 1587 2577 γράφων
1620 2508 1770 2574 ἔλεγε
1792 2499 1968 2559 “κατά

360 2585 420 2643 τὸ
453 2583 773 2658 εὐαγγέλιόν
803 2585 957 2659 μου.”
1031 2592 1077 2643 8.
1121 2590 1232 2643 τῶν
1277 2587 1338 2643 δὲ
1380 2591 1588 2644 λοιπῶν
1639 2583 1968 2643 ἀκολούθων
2031 2603 2032 2630 ἒ

293 2691 337 2727 '80
359 2673 458 2727 τοῦ
469 2669 701 2727 Παύλου
723 2677 963 2744 Κρίσκης
992 2671 1095 2744 μὲν
1118 2673 1205 2728 ἐπὶ
1237 2670 1331 2737 τας
1351 2676 1589 2736 Γαλλίας
1614 2667 1996 2744 στειλάμενοςζ

473 2866 525 2905 23
556 2865 666 2905 Luc.
691 2865 727 2916 1,
752 2866 790 2907 3.
966 2864 1018 2904 28
1050 2865 1177 2905 Rom.
1201 2866 1241 2916 2,
1269 2865 1333 2904 16.
1395 2865 1434 2904 2.
1466 2864 1580 2906 Tim.
1603 2865 1642 2915 2,
1665 2863 1706 2907 8.
