2032 3174
569 122 722 164 HIST.
743 122 991 165 ECCLES.
1014 125 1098 165 111.
1130 126 1154 164 6
1613 123 1681 176 95

61 236 312 310 “ἐρινύς,
355 239 446 294 καὶ
486 243 561 315 τῷ
602 245 708 315 βίῳ
740 242 949 312 μῦθος,
993 237 1022 295 ὃ
1052 237 1216 312 μόνος
1262 246 1531 297 ελλείπων
1561 257 1679 310 ταῖς

60 319 380 380 “Ἰουδαίων
422 336 749 396 συμφοραῖς.
820 327 904 379 25.
938 324 1028 379 καὶ
1070 324 1235 381 ταῦθ’
1284 321 1395 397 ἅμα
1435 328 1675 396 λέγουσα

61 401 300 463 “κτείνει
352 403 449 464 τὸν
500 405 640 464 υἱόν.
725 405 893 464 ἔπειτ’
938 405 1224 480 ὀπτήσασα
1262 408 1322 465 τὸ
1362 410 1463 481 μὲν
1505 408 1674 482 ἥμισυ

60 485 416 562 “κατεσθίει,
450 488 509 547 τὸ
553 492 612 548 δὲ
654 490 846 548 λοιπὸν
877 491 1311 561 κατακαλύψασα
1354 491 1672 566 ἐφύλαττεν.

58 569 310 642 “εὐθε’ως
343 571 402 631 δ’
428 579 484 632 οί
510 577 832 631 στασιασταὶ
855 579 1137 648 παρῆσαν,
1171 579 1262 633 καὶ
1287 582 1382 649 τῆς
1406 576 1676 651 ἀθεμίτου
1698 603 1718 636 5

58 656 291 732 “κνίσης
323 658 634 725 σπάσαντες
666 657 960 731 ἠπείλουν,
997 666 1048 716 ει’
1075 659 1147 733 μὴ
1183 664 1379 728 δείξειε
1409 660 1469 719 τό
1502 685 1674 735 παρα-

59 738 442 814 “σκευασθὲν,
487 741 834 815 ἀποσφάξειν
876 742 1057 815 αὐτὴν
1099 742 1325 811 εὐθέως.
1388 744 1422 817 ἡ
1478 747 1539 803 δὲ
1583 748 1674 803 καὶ

58 821 295 900 “μοῐραν
336 823 524 893 αὐτοῖς
572 830 801 884 εἰποῦσα
846 826 1021 900 καλὴν
1071 829 1427 902 τετηρηκέναι
1466 829 1531 886 τὰ
1563 836 1673 886 λεί-

56 905 243 977 “ψανα
273 916 372 968 τοῦ
402 912 600 968 τέκνου
633 910 1056 980 διανεκάλυψεν.
1109 917 1195 969 26.
1227 910 1355 980 τούς
1382 910 1435 970 δ’
1465 911 1675 981 εὐθέως

55 992 266 1069 “φρίκη
298 996 389 1051 καὶ
412 997 640 1070 φρενῶν
664 1002 915 1063 ἔκστασις
941 995 1082 1071 ᾕρει,
1114 999 1206 1054 καὶ
1237 996 1385 1069 παρὰ
1407 996 1510 1070 τὴν
1540 998 1671 1066 ὄψιν
1694 1026 1735 1058 10

52 1076 454 1152 “ε’πεπήγεσαν.
516 1078 548 1152 ἡ
583 1081 671 1152 δὲ,
722 1081 868 1154 ε’μὸν,
903 1086 1029 1154 ἔφη,
1054 1084 1214 1140 τοῦτο
1237 1081 1296 1139 τὸ
1327 1084 1523 1140 τέκνον
1545 1081 1677 1155 γνή-

56 1158 243 1236 “σιον,
277 1166 368 1222 καὶ
397 1162 456 1222 τό
489 1169 652 1239 ἔργον
686 1164 830 1238 ἐμόν.
903 1164 1138 1238 φάγετε,
1183 1168 1274 1223 καὶ
1305 1164 1409 1240 γαρ
1443 1165 1550 1238 ἐγώ
1582 1169 1671 1239 βέ-

58 1243 300 1322 “βρωκα.
374 1246 448 1322 μὴ
499 1250 744 1322 γένησθε
794 1249 931 1323 μήτε
982 1249 1357 1325 μαλακώτεροι
1407 1250 1670 1322 γυναικὸς

55 1327 227 1405 “μήτε
259 1335 704 1407 συμπαθέστεροι
735 1333 955 1408 μητρός.
1033 1340 1084 1392 εί
1122 1335 1174 1391 δ’
1217 1331 1376 1407 ὑμεῖς
1420 1334 1669 1406 εὐσεβεῖς

56 1412 186 1473 “nal
216 1414 317 1490 τὴν
349 1415 488 1491 ἐμὴν
528 1415 950 1491 ἀποστρέφεσθε
980 1425 1218 1491 θυσίαν,
1267 1418 1372 1491 ἐγώ
1403 1420 1506 1492 μὲν
1536 1418 1670 1492 ὑμῖν
1693 1445 1733 1478 15

55 1496 377 1574 “βε’βρωκα,
410 1504 500 1559 καὶ
532 1500 592 1558 τὸ
625 1502 818 1560 λοιπὸν
853 1501 902 1559 δ’
943 1505 1060 1575 ἐμοὶ
1090 1501 1346 1575 μεινάτω.
1418 1508 1502 1560 27.
1535 1502 1670 1576 μετὰ

54 1580 259 1643 “’ταῦθ’
293 1590 350 1643 οί
375 1587 476 1659 μὲν
506 1587 795 1660 τρέμοντες
829 1585 1086 1661 ἐξῄεσαν,
1119 1587 1252 1662 πρὸς
1279 1591 1343 1646 ἓν
1366 1590 1531 1645 τοῦτο
1566 1593 1673 1645 δει-

55 1667 207 1742 “λοὶ,
247 1672 340 1727 καὶ
371 1669 525 1744 μόλις
556 1670 755 1744 ταύτης
797 1674 890 1744 τῆς
922 1677 1129 1744 τροφῆς
1175 1670 1671 1745 παραχωρήσαντες

31 1751 160 1828 ’“τῇ
188 1760 368 1828 μητρί.
431 1752 759 1829 ἀνεπλήσθη
803 1752 855 1812 δ’
891 1754 1103 1823 εὐθέως
1134 1755 1233 1828 ὅλη
1263 1762 1365 1813 τοῦ
1396 1755 1606 1830 μύσους
1637 1755 1670 1828 ἡ

55 1835 279 1912 “210'th
312 1841 404 1896 καὶ
436 1838 541 1912 πρὸ
572 1836 833 1913 ὀμμάτων
864 1842 1088 1907 ἕκαστος
1120 1840 1180 1897 τὸ
1212 1839 1391 1907 πάθος
1422 1839 1665 1912 ἆναλαμ-
1692 1867 1733 1899 20

55 1920 284 1995 “βάνων
345 1947 417 1990 ως
459 1920 593 1998 παρ’
642 1948 815 1982 αυτου
862 1925 1140 1997 τολμηθεν
1184 1929 1378 1991 δεινως
1432 1931 1667 1999 ἔφριττε.

54 2002 176 2110 ἶ28.
224 2007 442 2080 σπουδὴ
487 2010 548 2066 δε
588 2012 700 2066 τῶν
740 2008 1124 2083 λιμωττόντων
1167 2011 1255 2066 ἐπὶ
1294 2008 1390 2066 τὸν
1420 2008 1670 2066 θάνατον

54 2083 191 2165 “ἦν,
225 2095 317 2151 καὶ
347 2091 686 2167 μακαρισμὸς
716 2118 827 2151 των
871 2091 1219 2166 φθασάντων
1263 2095 1398 2167 πρὶν
1437 2092 1669 2151 ἄκουσαι

54 2169 184 2233 “nal
213 2175 532 2235 θεάσασθαι
563 2202 705 2235 κακα
732 2175 1070 2252 τηλικαῦτα]
1159 2181 1386 2235 τοιαῦτα
1415 2179 1510 2252 τῆς
1533 2176 1669 2236 Ἰου-

65 2263 242 2318 δαίων
274 2267 349 2329 εἰς
387 2259 494 2319 τὸν
516 2260 755 2336 Χριστὸν
793 2268 890 2321 τοῦ
930 2268 1071 2320 θεοῦ
1111 2268 1457 2336 παρανομίας
1486 2286 1546 2320 τε
1577 2263 1666 2320 καὶ
1690 2287 1730 2320 25

67 2348 392 2417 δυσσεβείας
421 2343 726 2421 τάπίχειρα.

199 2439 298 2491 VII.
353 2439 482 2507 [Nic.
511 2443 570 2492 H.
600 2443 652 2492 E.
682 2443 771 2499 ΙΙΙ,
800 2441 876 2508 4.]
961 2440 1316 2506 Παραθεῖναι
1370 2430 1426 2487 δ’
1480 2427 1666 2497 αὐτοῖς

63 2510 215 2580 ἄξιον
245 2511 346 2585 τὴν
377 2513 592 2588 ἀψευδῆ
623 2518 722 2574 τοῦ
751 2520 993 2590 σωτῆρος
1025 2514 1182 2590 ἡμῶν
1212 2513 1553 2617 πρόρρησιν,
1588 2514 1660 2571 δι’

63 2588 126 2670 ἧς
158 2593 300 2654 αὕτα
329 2601 502 2655 ταῦτα
532 2605 695 2672 δηλοῖ
722 2591 836 2656 ωδέ
861 2623 980 2666 πως
1019 2598 1387 2675 προφητεύων
1428 2596 1574 2656 “ουαὶ
1606 2598 1666 2654 δε

53 2675 180 2750 ταῖς
214 2685 272 2740 ἐν
301 2685 496 2755 γαστρὶ
523 2682 772 2756 ἐχούσαις
795 2686 886 2742 καὶ
908 2699 1026 2751 ταῖς
1048 2682 1413 2757 θηλαζούσαις
1446 2687 1505 2740 ἐν
1532 2685 1663 2740 ἐκεί·
1689 2707 1731 2739 30

847 2836 869 2844 ,α

177 2877 230 2916 29
261 2870 427 2917 Matthss
453 2877 520 2928 24,
545 2877 610 2916 19.
