1986 3152
233 79 337 130 252
899 74 1143 115 EUSEBn

235 194 527 264 ὑπομένων
563 196 906 263 μοχθηρίαν,
949 190 1039 245 καὶ
1071 186 1250 255 ἄλλως
1282 192 1342 246 ἐκ
1370 194 1587 264 μακροῦ
1619 189 1716 248 τὸν
1746 216 1842 264 φι-

235 275 474 347 λόσοφον
513 272 884 345 ἀσπαζόμενος
925 278 1079 344 βίον,
1125 272 1354 347 διαδρὰς
1388 278 1501 332 πᾶν
1530 272 1590 331 τὸ
1620 280 1715 347 τῆς
1747 279 1840 334 ἐκ-

234 363 459 431 κλησίας
512 363 755 430 πλῆθος,
808 360 867 413 ἐν
915 360 1161 430 ἐρημίαις
1203 359 1294 414 καὶ
1334 354 1607 431 ἀφανέσιν
1647 356 1844 432 ἀγροῖς

234 441 562 514 λανθάνων,
614 448 889 507 πλείστοις
935 447 1078 498 ε”τεσι
1131 443 1419 514 διέτριβεν.
1504 447 1549 499 7.
1602 439 1722 500 ἀλλ’
1767 441 1834 501 οῦ

192 562 210 591 5
236 529 326 585 καὶ
365 526 393 583 ὁ
426 532 520 599 τῆς
554 530 708 598 δίκης
738 527 906 598 μέγας
937 521 1229 598 ὀφθαλμὸς
1263 527 1352 583 ἐπὶ
1383 539 1498 592 τοῖς
1529 531 1840 600 πεπραγμέ·

233 635 348 677 νοις
390 609 606 683 ἠρέμει,
649 607 836 683 μετῄει
881 609 942 666 δε
985 608 1056 676 ῶς
1087 628 1311 682 ταχιστα
1340 608 1468 677 τοῦς
1499 606 1718 682 ἀσεβεῖς
1751 607 1839 678 αἷς

234 692 367 753 καθ’
395 697 609 752 ἑαυτῶν
641 696 1026 767 ἐπιορκοῦντες
1050 691 1480 765 κατεδήσαντο’
1449 707 1624 767 αραῐς.
1685 691 1713 751 ὁ
1737 695 1849 768 μὲν

233 771 335 837 οῦν
386 783 628 851 πρῶτος,
682 781 740 834 ἐκ
784 783 1053 850 μηδεμιᾶς
1097 797 1425 851 προφασεως
1467 777 1653 846 ἁπλῶς
1697 776 1846 837 οὕτω

234 866 463 937 σμικροῦ
490 862 846 929 διαπεσόντος
874 854 1023 935 ἐφ’
988 887 1052 934 ης
1075 864 1374 936 κατέμενεν
1398 869 1575 929 οἰκίας
1599 865 1841 936 σπινθῆ-

171 978 211 1009 10
235 972 346 1019 ρος,
379 945 597 1019 νύκτωρ
627 945 990 1019 ὑφαφθείσης
1020 945 1254 1019 ἁπάσης,
1286 950 1537 1020 παγγενῆ
1567 949 1843 1020 καταφλέ-

234 1056 400 1104 γεται.
463 1030 492 1088 ὁ
535 1032 596 1087 δὲ
638 1028 859 1102 ἀθρόως
898 1030 958 1087 τὸ
1002 1035 1157 1104 σῶμα
1200 1033 1252 1098 ἐξ
1292 1029 1480 1104 ἄκρων
1521 1037 1711 1089 ποδῶν
1752 1033 1841 1088 ἐπὶ

235 1114 518 1188 κεφαλὴν,
590 1106 653 1186 ἧς
713 1113 878 1181 αὐτὸς
937 1123 1338 1188 προσετίμησεν
1397 1118 1604 1190 ἑαυτῷ,
1671 1114 1844 1173 νόσου

235 1206 555 1272 πίμπλαται.
618 1204 664 1255 8.
698 1196 727 1254 ὃ
772 1198 833 1254 δὲ
873 1204 1051 1271 τρίτος
1091 1197 1186 1264 τὰς
1226 1202 1338 1256 τῶν
1368 1202 1652 1273 προτέρων
1682 1218 1844 1256 συνι-

239 1284 353 1340 δών
398 1281 675 1353 ἐκβάσεις,
719 1283 810 1338 καὶ
850 1284 952 1339 τοῦ
989 1280 1216 1339 πάντων
1248 1281 1454 1357 ἐφόρου
1484 1286 1624 1340 θεοῦ
1647 1284 1852 1356 τρέσας

174 1395 213 1427 15
237 1368 336 1439 τὴν
377 1365 752 1439 ἀδιάδραστον
796 1370 987 1438 δίκην,
1032 1363 1299 1439 ὡμολόγει
1337 1368 1440 1440 μὲν
1470 1381 1583 1434 τοῖς
1615 1370 1748 1426 πᾶσι
1778 1368 1853 1424 τὰ

236 1453 393 1524 κοινῇ
447 1457 642 1523 σφίσιν
694 1448 884 1515 αὐτοῖς
938 1453 1379 1524 ἐσκαιωρημένα,
1438 1450 1730 1519 τοσαύταις
1783 1452 1843 1509 δὲ

237 1533 594 1608 κατετρύχετο
645 1532 1078 1608 μεταμελόμενος
1128 1541 1421 1609 οἰμωγαῖς,
1474 1534 1736 1609 δακρύων
1785 1559 1854 1594 τε

238 1624 290 1685 ἐς
331 1622 598 1676 τοσοῦτον
630 1615 735 1676 οῦκ
764 1615 1063 1692 ἀπέλιπεν,
1106 1623 1207 1686 ἕως
1237 1617 1403 1694 ἄμφω
1437 1619 1719 1694 διεφθάρη
1749 1618 1852 1686 τάς·

235 1703 405 1771 ὄψεις.
483 1706 574 1760 καὶ
613 1709 731 1760 οἵδε
771 1704 874 1776 μὲν
913 1709 1008 1777 τῆς
1040 1710 1407 1777 ψευδολογίας
1438 1703 1691 1771 τοιαύτας
1724 1707 1852 1762 ἐπέ-·

172 1815 213 1847 20
239 1806 371 1860 σχον
401 1794 677 1861 τιμωρίας.

362 1884 418 1933 Χ.
474 1883 599 1949 [Nic.
641 1883 698 1932 H.
727 1883 778 1932 E.
808 1885 860 1940 V,
896 1881 999 1949 lO.]
1086 1878 1193 1929 Τοῦ
1238 1873 1299 1929 δὲ
1339 1881 1665 1945 Ναρκίσσου
1707 1869 1853 1930 ἀναν

238 1955 638 2028 κεχωρηκότος,
683 1958 774 2013 καὶ
816 1960 1079 2030 μηδαμῶς
1118 1955 1226 2029 ὅπη
1271 1953 1351 2014 ῶν
1389 1955 1651 2030 τυγχάνοι
1682 1980 1846 2028 γινω-

239 2043 538 2112 σκομένου,
584 2039 754 2107 δόξαν
792 2054 905 2106 τοῖς
945 2043 1056 2097 τῶν
1096 2036 1316 2113 ὁμόρων
1349 2043 1655 2113 ἐκκλησιῶν
1686 2063 1853 2114 προε-

239 2127 445 2180 στῶσιν
488 2122 575 2195 ἐφ’
616 2125 806 2196 ἑτέρου
845 2131 1098 2196 μετίασιν
1141 2123 1442 2182 ἐπισκόπου
1483 2131 1844 2197 χειροτονίαν.

174 2235 215 2267 25
239 2217 376 2273 Δῖος
406 2206 583 2283 τούτῳ
613 2205 787 2279 ὄνομα
817 2199 912 2279 ἦν·
965 2205 1030 2265 ὃν
1062 2206 1129 2265 οὐ
1160 2207 1342 2265 πολύν
1373 2206 1687 2281 προστάντα
1717 2208 1849 2281 χρό-

239 2315 339 2348 νον
370 2296 697 2363 Γερμανίων
741 2293 1050 2364 διαδέχεται
1080 2294 1172 2348 καὶ
1202 2296 1399 2349 τοῦτον
1428 2290 1678 2364 Γόρδιος,
1710 2291 1850 2349 καθ’

237 2371 303 2432 ὃν
346 2371 532 2445 ὥσπερ
577 2378 628 2442 ἐξ
671 2373 1028 2446 ἀναβιῶσεως
1070 2374 1375 2448 ἀναφανείς
1417 2387 1598 2434 ποθεν
1627 2371 1655 2434 ὁ
1686 2375 1850 2449 Νάρ-

239 2477 425 2525 κισσος
467 2451 634 2525 αῦθις
677 2454 786 2516 ὑπὸ
817 2463 928 2516 τῶν
958 2459 1222 2533 ἀδελφῶν
1254 2463 1341 2518 ἐπὶ
1372 2459 1474 2534 τὴν
1504 2467 1854 2535 προστασίαν

239 2551 624 2615 παρακλεῖται,
664 2541 923 2616 μειζόνως
965 2552 1041 2602 ἔτι
1075 2547 1284 2618 μᾶλλον
1317 2550 1427 2603 τῶν
1456 2543 1682 2604 πάντων
1712 2543 1847 2616 ἀγα·

175 2654 217 2686 30
241 2630 495 2685 σθέντων
536 2624 734 2698 αὐτὸν,
775 2632 870 2699 τῆς
911 2652 970 2686 τε
1001 2626 1404 2703 ἀναχωρήσεως
1437 2633 1597 2687 ἕνεκα
1629 2630 1720 2686 καὶ
1749 2631 1852 2700 τῆς
1936 2694 1939 2695 ⁷

240 2717 600 2784 φιλοσοφίας,
653 2714 744 2767 καὶ
790 2710 874 2780 ἐφ’
923 2711 1093 2770 ἅπασι
1143 2711 1219 2770 δι’
1265 2710 1337 2786 ἢν
1376 2712 1524 2786 παρὰ
1565 2716 1665 2770 τοῦ
1706 2713 1852 2770 θεοῦ
1933 2717 1944 2722 ”

240 2799 539 2869 κατηξίωτο
572 2800 870 2868 ἐκδίκησιν.
