2032 3174
786 145 1147 188 PRAEFATIO.
1741 148 1778 186 V

166 256 327 322 μέλλει
353 253 503 308 πάλιν
535 251 655 322 μετὰ
691 253 836 322 δόξης
860 256 944 307 καὶ
973 255 1230 321 δυνάμεως
1268 261 1435 322 κρῖναι
1471 258 1653 317 ζῶντας
1689 258 1774 308 καὶ

168 326 391 391 νεκρούς.

273 404 331 448 De
355 403 611 463 Nicephoro
640 402 843 460 Callisto,
873 403 951 462 qui
980 402 1135 448 seculo
1159 408 1321 462 quarto
1350 402 1526 449 decimo
1548 403 1778 450 Historiae

169 473 501 520 ecclesiasticae
537 473 680 519 libros
717 473 1026 533 duodeviginti
1065 486 1117 517 ex
1143 471 1326 518 Eusebii
1350 472 1636 534 aliorumque
1663 476 1775 519 scri-

168 551 352 604 ptorum
379 543 594 604 operibus
629 545 918 604 composuit,
959 548 1131 588 tantum
1159 549 1364 600 constat,
1407 543 1639 589 codicibus
1677 558 1781 590 eum

168 629 301 660 usum
339 629 440 660 esse
465 613 647 660 Eusebii
683 626 831 673 neque
856 612 1196 672 antiquioribus
1233 627 1317 659 nec
1353 614 1619 660 melioribus
1646 629 1778 674 quam

169 684 335 745 quibus
372 684 506 730 hodie
540 685 737 742 utimur,
773 690 828 728 et·
852 683 1027 728 diversa
1064 683 1304 729 miscuisse
1339 683 1638 744 exemplaria,
1690 699 1781 744 quo

168 755 336 800 sactum
364 761 433 800 est
459 759 510 799 ut
543 754 678 800 modo
706 768 808 800 cum
835 754 1019 814 optimis
1046 754 1180 800 modo
1217 768 1318 800 cum
1345 754 1647 800 deterioribus
1674 769 1784 801 con-

169 827 334 871 sentiat
369 824 616 870 codicibus.
690 823 788 870 Non
822 823 984 870 inutile
1022 830 1169 870 tamen
1216 825 1303 870 erit
1338 824 1449 870 haec
1485 839 1669 885 quoque
1712 838 1783 870 ex-

170 903 324 956 cerpta
350 896 603 942 accuratius
630 908 762 955 quam
790 894 934 940 adhuc
958 894 1127 940 factum
1149 900 1219 940 est
1245 894 1301 940 ad
1327 895 1506 940 codices
1533 897 1780 942 manuscri-

170 974 274 1027 ptos
302 967 420 1025 exigi
447 967 492 1011 in
518 964 707 1011 Fabricii
733 965 843 1011 Bibl.
871 965 942 1010 Gr.
972 970 1249 1011 memoratos
1275 965 1364 1011 vol.
1391 966 1419 1012 7
1448 980 1491 1025 p.
1515 964 1638 1024 438,
1667 967 1783 1011 inter

170 1050 283 1097 quos
311 1036 478 1082 eminet
503 1035 715 1081 Matthiae
740 1035 919 1081 Corvini
946 1036 1086 1082 codex
1114 1035 1222 1081 olim
1249 1035 1497 1092 Budensis‚
1526 1050 1648 1082 nunc
1677 1035 1782 1080 Vin-

169 1106 457 1153 dobonensis.
532 1106 729 1166 Denique
775 1120 889 1166 quae
933 1106 1003 1151 vel
1045 1106 1267 1152 Eusebius
1312 1120 1365 1152 ex
1410 1105 1509 1152 aliis
1554 1107 1784 1167 excerpsit

171 1176 474 1237 scriptoribus
500 1176 568 1222 vel
594 1176 667 1222 alii
705 1190 758 1222 ex
785 1176 980 1223 Eusebio
1014 1183 1339 1238 excerpserunt
1377 1178 1414 1222 si
1450 1178 1620 1222 maiore
1647 1191 1784 1237 quari

172 1248 370 1293 editores
405 1247 611 1293 fecerunt
655 1246 889 1307 diligentia
933 1246 1239 1308 adhibitisque
1273 1246 1538 1293 melioribus
1585 1248 1784 1308 scripto-

171 1332 269 1364 rum
307 1316 540 1364 codicibus
585 1319 705 1363 inter
740 1330 788 1362 se
833 1324 1182 1379 comparentur,
1225 1317 1431 1364 nonnihil
1469 1317 1682 1364 utilitatis
1730 1317 1786 1362 ad

171 1395 393 1448 utrosque
419 1387 710 1441 redundabit,
750 1388 836 1433 etsi
864 1388 974 1434 haec
999 1389 1045 1434 in
1076 1387 1361 1434 brevioribus
1388 1388 1613 1434 Historiae
1641 1386 1786 1435 eccle-

172 1459 380 1504 siasticae
405 1457 630 1518 excerptis
657 1471 747 1503 non
784 1459 897 1503 tanti
925 1466 1060 1504 erunt
1086 1458 1305 1504 momenti
1337 1460 1492 1518 quanti
1521 1459 1567 1504 in
1594 1457 1785 1519 amplis-

170 1530 297 1574 simis
322 1528 687 1588 praeparationis
709 1527 1001 1588 Evangelicae
1019 1529 1243 1589 excerptis
1271 1542 1323 1574 ex
1344 1528 1545 1580 Platone,
1575 1526 1783 1585 Philone,

170 1599 390 1659 Iosepho‚
439 1597 666 1643 Clemente
703 1597 1005 1644 Alexandrino
1042 1599 1258 1659 aliisque,
1306 1599 1362 1644 de
1399 1598 1564 1659 quibus
1609 1598 1700 1644 dixi
1738 1598 1784 1643 in

170 1669 315 1714 Praef.
343 1667 398 1714 ad
424 1667 666 1713 Eusebium
693 1668 779 1714 vol.
805 1669 834 1715 l.
874 1682 918 1727 p.
948 1668 1056 1713 XVll
1091 1676 1135 1713 et
1160 1671 1206 1713 in
1231 1668 1375 1714 Praef.
1416 1669 1470 1714 ad
1508 1669 1782 1717 Clementem

170 1740 294 1785 Alex.
330 1737 417 1787 vol.
442 1738 472 1784 Ι.
499 1753 542 1798 p.
570 1737 660 1785 XX.

277 1810 533 1855 Proximum
571 1815 678 1868 post
705 1809 883 1855 codices
910 1809 1106 1855 Graecos
1131 1808 1281 1855 locum
1326 1815 1447 1854 tenet
1473 1807 1619 1854 Rufini
1646 1810 1787 1868 Aqui-

173 1880 359 1925 leiensis
394 1880 713 1939 interpretatio
747 1880 932 1936 Latina,
974 1882 1161 1926 ineunte
1195 1879 1350 1926 seculo
1384 1880 1580 1939 quinto,
1618 1880 1687 1924 vix
1714 1892 1784 1924 se-

175 1950 415 2012 ptuaginta
450 1956 555 2010 post
590 1955 783 1996 mortem
809 1949 994 1996 Eusebii
1030 1951 1189 2008 annis,
1227 1956 1455 2010 suscepta.
1520 1950 1603 2006 Qui
1645 1950 1787 1994 inter-

173 2034 279 2080 pres
306 2019 344 2065 si
371 2019 505 2066 verba
531 2021 769 2080 scriptoris
797 2034 847 2066 ea
867 2021 1171 2081 expressisset
1191 2019 1275 2066 fide
1298 2035 1388 2081 qua
1408 2027 1536 2066 vetus
1557 2021 1785 2080 interpres

140 2132 146 2137 .
175 2090 360 2136 Latinus
395 2089 566 2135 irenaei
594 2090 787 2149 Graeca,
825 2091 989 2152 quibus
1017 2091 1152 2136 hodie
1187 2105 1421 2149 caremus,
1461 2098 1548 2135 tam
1577 2097 1785 2136 accurate

176 2161 370 2207 reddidit
394 2167 444 2205 ut
470 2161 735 2220 saepissime
762 2162 860 2221 ipsa
886 2161 1058 2209 lrenaei
1084 2160 1218 2207 verba
1246 2161 1444 2207 divinare
1470 2160 1621 2219 liceat,
1661 2160 1784 2220 quod

175 2245 229 2276 ex
271 2230 429 2291 amplis
465 2231 583 2291 apud
623 2230 922 2292 Epiphanium
960 2238 1110 2279 textus
1147 2231 1303 2279 Graeci
1350 2233 1578 2292 excerptis
1619 2230 1790 2276 intelli-

177 2303 343 2362 gimus,
382 2300 616 2361 egregium
643 2302 775 2348 nobis
803 2302 1064 2362 reliquisset
1097 2303 1452 2349 instrumentum
1491 2302 1545 2348 ad
1582 2301 1786 2347 codicum

178 2371 452 2418 Graecorum
491 2371 655 2432 quibus
681 2372 816 2418 hodie
843 2374 1013 2419 utimur
1038 2373 1289 2433 scripturas
1317 2372 1616 2419 aestimandas
1645 2378 1689 2417 et
1716 2373 1787 2416 in-

181 2441 507 2501 terpolationes
553 2442 842 2503 indagandas.
929 2443 1092 2489 Verum
1135 2442 1274 2502 longe
1316 2443 1435 2488 aliud
1487 2442 1553 2487 illi
1598 2441 1783 2501 placuit.

177 2511 284 2557 Nam
321 2518 499 2558 resecto
535 2511 652 2558 libro
680 2513 880 2571 decimo,
918 2513 988 2559 cui
1015 2513 1253 2560 historiam
1279 2512 1493 2560 ecclesiae
1520 2512 1574 2559 ab
1602 2526 1649 2557 se
1678 2525 1786 2557 con-

177 2581 395 2628 tinuatam
423 2581 687 2642 substituit,
724 2584 769 2628 in
795 2583 925 2629 libris
959 2598 1119 2630 novem
1154 2583 1343 2643 reliquis
1377 2584 1439 2629 ita
1475 2589 1546 2628 est
1582 2588 1786 2627 versatus

179 2659 228 2697 ut
265 2651 443 2698 Eusebii
478 2654 785 2699 narrationem
821 2655 1086 2714 saepissime
1130 2660 1414 2714 perverteret
1454 2659 1500 2698 et
1536 2651 1680 2696 verbis
1716 2650 1784 2695 vel

179 2725 365 2768 mutatis
416 2722 481 2767 vel
533 2723 695 2768 additis
747 2724 814 2768 vel
866 2725 1046 2770 omissis
1100 2726 1343 2784 genuinam
1394 2723 1544 2782 operis
1595 2721 1785 2767 sormam

180 2806 340 2851 magna
367 2805 419 2837 ex
444 2799 573 2852 parte
601 2793 886 2854 obscuraret,
914 2794 1035 2854 quod
1063 2794 1279 2854 exemplis
1306 2792 1511 2853 plurimis
1538 2791 1684 2838 allatis
1712 2791 1786 2834 dc-

179 2863 449 2908 monstravit
474 2862 522 2908 E.
549 2862 578 2908 1.
606 2863 869 2910 Kimmelius
905 2866 950 2909 in
986 2864 1104 2910 libro
1132 2865 1190 2910 de
1221 2863 1398 2920 Rufino
1425 2862 1619 2907 Eusebii
1641 2864 1785 2906 inter·
1842 2920 1844 2923 .
