1986 3152
299 129 398 179 180
963 126 1210 166 EUSEBH

419 254 589 302 XXIX.
650 234 716 298 οὗ
755 244 935 316 μικρῷ
973 238 1223 314 πρόσθεν
1263 240 1359 306 τοὶς
1390 243 1516 315 περὶ
1548 245 1647 299 τοῦ
1676 252 1899 314 θαυμα-

294 335 419 383 σίου
444 325 748 383 Ἰουστίνου
779 330 1233 396 παρατεθείμεθα
1273 327 1471 397 λέξεις,
1512 325 1769 399 μαθητὴν
1797 323 1900 382 αὐ-

292 411 389 467 τὸν
431 412 778 481 ἱστοροῦντες
818 412 914 464 τοῦ
958 407 1248 482 μάρτυρος.
1311 414 1474 481 δηλοῖ
1513 411 1573 466 δὲ
1603 415 1901 484 Εἰρηναῖος

296 498 355 551 ἐν
385 499 459 569 τῷ
492 493 692 569 πρώτῳ
723 496 834 550 τῶν
865 491 1000 564 πρὸς
1030 492 1125 557 τὰς
1156 495 1411 566 αἱρέσεις,
1443 492 1582 566 ὁμοῦ
1606 492 1671 550 τά
1694 518 1753 551 τε
1777 495 1901 567 περὶ

251 577 465 635 5αὐτοῦ
507 580 598 634 καὶ
637 581 731 650 τῆς
773 575 892 634 κατ’
939 573 1108 634 αὐτὸν
1160 580 1423 650 αἱρέσεως
1476 575 1620 634 οὕτω
1671 576 1904 651 γράφων

291 668 338 719 2.
375 662 520 718 “οἰπό
564 669 915 735 Σατορνίνου
957 663 1047 717 καὶ
1096 668 1434 734 Μαρκίωνος
1476 667 1532 719 οἱ
1569 661 1902 735 καλούμενοι

282 745 613 854 ΞΕγκρατεις
654 745 897 819 ἀγαμίαν
945 744 1245 819 ἐκήρυξαν,
1288 744 1622 814 αθετουντες
1664 746 1765 818 τὴν
1807 745 1903 821 ἆρ-

282 830 491 935 ἶχαίαν
527 829 732 887 πλασιν
773 833 871 887 τοῦ
909 834 1077 902 θεοῦ,
1123 833 1214 887 καὶ
1254 827 1429 904 ἠρέμα
1471 833 1904 903 κατηγοροῦντες

285 914 425 972 “tofi
458 914 628 1024 ἁρρεν
659 918 750 972 καὶ
779 920 930 986 θῆλυ
963 921 1040 980 εἰς
1070 917 1292 985 γένεσιν
1321 912 1645 988 ανθρώπων
1675 938 1906 987 πεποιη-

292 997 320 1018 (θ

232 1018 273 1048 10
330 999 511 1066 κότος
567 1001 659 1055 καὶ
713 1003 825 1055 τῶν
877 1003 1191 1071 λεγομένων
1233 996 1367 1072 παρ’
1411 997 1598 1067 αὐτοῖς
1641 998 1906 1072 ἐμψύχων

288 1081 541 1156 ’Ἥιποχὴν
585 1082 975 1155 εἰσηγήσαντο,
1017 1080 1438 1156 αχαριστοῦντες
1477 1087 1554 1159 τῷ
1592 1082 1771 1140 πάντα
1812 1106 1905 1140 πε-

304 1165 573 1240 ποιηκότι
605 1173 748 1243 θεῷ
782 1166 1136 1239 ἀντιλέγουσί
1163 1191 1221 1224 τε
1253 1171 1321 1240 τῇ
1350 1172 1449 1224 τοῦ
1472 1166 1906 1242 πρωτοπλαστου

287 1251 581 1326 “σωτηρία.
646 1255 692 1307 3.
728 1254 819 1308 καὶ
864 1254 1023 1308 τοῦτο
1063 1255 1174 1308 νῦν
1215 1254 1488 1325 ἐξηυρέθη
1529 1248 1663 1324 παρ’
1699 1250 1906 1324 αὐτοῖς,

288 1335 614 1393 “Τατιανοῦ
655 1360 804 1401 τινος
846 1334 1076 1407 πρώτως
1115 1335 1321 1408 ταύτην
1362 1339 1775 1407 εἰσενέγκαντος
1806 1334 1908 1407 τὴν

236 1439 277 1470 15
295 1417 718 1493 “βλασφημίαν,
761 1417 820 1487 ὃς
857 1416 1159 1478 Ἰουστίνου
1201 1420 1471 1494 ἀκροατὴς
1512 1420 1773 1493 γεγονώς,
1815 1417 1903 1492 ἐφ’

288 1502 458 1562 “ὃ’σον
497 1506 599 1577 μὲν
640 1509 821 1577 συνῆν
864 1507 1086 1580 ἐκείνῳ,
1141 1501 1309 1561 οὐδὲν
1363 1508 1591 1577 ἐξέφηνε
1635 1509 1906 1574 τοιοῦτον,

289 1586 463 1661 ((μετα
494 1590 555 1646 δὲ
585 1588 687 1661 τὴν
720 1593 937 1646 ἐκείνου
968 1596 1278 1663 μαρτυρίαν
1307 1586 1550 1655 ἀποστὰς
1593 1593 1688 1661 τῆς
1722 1591 1907 1659 ἐκκλη-

290 1670 468 1745 “σίας,
501 1673 718 1745 οἰήματι
751 1672 1092 1730 διδασκάλου
1125 1676 1386 1747 ἐπαρθεὶς
1411 1675 1502 1730 καὶ
1525 1674 1810 1746 τυφωθεὶς
1836 1671 1908 1739 ὡς

290 1754 615 1831 “διαφε’ρων
653 1764 766 1815 τῶν
811 1764 1052 1830 λοιπῶν,
1101 1763 1246 1815 ἴδιον
1283 1760 1598 1832 χαρακτῆρα
1643 1761 1910 1814 διδασκα-

235 1842 480 1900 20“λείου
513 1842 917 1915 συνεστήσατο,
961 1840 1165 1909 αἰῶνάς
1206 1867 1357 1908 τινας
1397 1839 1666 1914 ἆοροὲτους
1707 1839 1909 1914 ὁμοίως

290 1923 442 1993 “τοῑς
482 1924 589 1984 ἀπὸ
626 1924 1005 1984 Οὐαλεντίνου
1044 1925 1464 2000 μυθολογήσας,
1509 1925 1606 1982 τὸν
1644 1923 1823 1998 γάμον
1853 1947 1910 1981 τε

288 2010 554 2084 ((φθοράν
602 2014 693 2067 καὶ
733 2017 1001 2085 πορνείαν
1041 2018 1436 2084 παραπλησίως
1478 2015 1775 2083 Μαρκίωνι
1817 2010 1908 2066 καὶ

292 2091 664 2171 ε’Σατορνίνςο
695 2093 1104 2168 ἀναγορεύσας,
1146 2099 1213 2169 τῇ
1246 2096 1307 2151 δὲ
1335 2097 1437 2152 τοῦ
1461 2094 1635 2166 Ἀδὰμ
1666 2099 1910 2168 σωτηρίᾳ

292 2175 461 2251 “παρ’
497 2181 698 2235 ἑαυτοῦ
721 2179 822 2250 τὴν
845 2185 1183 2250 αἰτιολογίαν
1208 2175 1631 2251 ποιησάμενος.”
1666 2182 1715 2234 4.
1741 2179 1911 2233 ταῦτα

238 2280 282 2312 25
303 2263 405 2336 μὲν
436 2261 463 2319 ὁ
498 2269 797 2335 Εἰρηναῖος
826 2261 971 2319 τότε·
1016 2265 1229 2339 σμικρῷ
1270 2263 1331 2318 δὲ
1361 2260 1598 2335 ὕστερον
1629 2259 1922 2335 Σεουῆρός.

301 2371 383 2414 τις
414 2345 657 2419 τοῦνομα
699 2346 973 2419 κρατύνας
1013 2346 1115 2418 τὴν
1155 2349 1657 2419 προδεδηλωμένην
1695 2350 1912 2419 αἵρεσιν

305 2441 476 2497 αἴτιος
507 2445 621 2497 τοῖς
655 2434 707 2498 ἐξ
741 2428 909 2502 αυτῆς
942 2429 1282 2504 ωρμημένοις
1324 2434 1418 2502 τῆς
1460 2427 1556 2487 ἀπ’
1603 2427 1778 2486 αυτοῦ
1810 2453 1910 2485 πα-

305 2519 579 2591 ρηγμένης
597 2520 996 2586 Σεουηριανῶν
1022 2520 1392 2588 προσηγορίας
1415 2517 1624 2587 γέγονε.
1658 2518 1707 2570 5.
1731 2516 1913 2587 χρῶν-

305 2626 391 2657 ται
423 2624 525 2673 μεν
556 2601 660 2657 οὐν
702 2623 854 2656 ουτοι
895 2599 1045 2675 νόμω
1089 2602 1179 2655 καὶ
1219 2598 1526 2673 προφήταις
1558 2601 1649 2654 καὶ
1682 2620 1912 2669 ευαγγε-

244 2704 284 2735 30
309 2691 473 2757 λίοις,
527 2689 683 2750 ἰδίως
736 2683 1130 2756 ερμηνεύοντες
1182 2708 1292 2741 των
1344 2688 1510 2756 ιερων
1561 2707 1625 2739 τα
1666 2679 1938 2754 νοήματῳ

423 2882 448 2919 6
479 2880 597 2919 Iren.
619 2878 729 2919 Adv.
753 2878 877 2918 haer.
901 2878 943 2926 1,
970 2878 1047 2927 28,
1074 2879 1111 2917 1.
1137 2891 1177 2929 p.
1206 2879 1299 2917 106.
