2032 3174
819 103 944 145 CAP.
976 105 1015 145 2.
1617 98 1724 146 XLI

111 224 146 287 ξ
175 220 236 271 ,3.
301 218 435 284 Quis
476 217 621 268 enim
658 215 868 281 lumen,
920 214 1064 285 quod
1113 223 1238 268 ante
1277 217 1464 268 mundi
1503 220 1724 270 creatio—

110 322 261 367 nem,
302 311 356 355 et
392 301 719 372 sapientiam
757 297 1170 351 substantialem
1208 307 1262 352 et
1298 300 1624 371 perfectam,
1672 312 1725 356 et

110 388 341 443 verbum
364 387 545 439 Deum
580 385 799 452 vivum,
840 381 986 454 quod
1022 382 1092 434 ab
1129 383 1287 437 initio
1326 386 1471 455 apud
1505 385 1725 439 Patrem

109 473 245 540 fuit,
283 468 640 540 intelligendo
668 468 887 538 assequi
911 475 1116 538 potest,
1156 470 1262 520 nisi
1286 470 1477 539 pater?
1541 470 1723 538 Illum,

112 559 205 629 qui
249 558 366 626 ipse
415 555 559 607 solus
607 562 691 607 est
735 551 879 604 filius
929 552 1102 604 divini
1148 555 1383 605 numinis
1398 594 1411 619 ,
1460 557 1553 625 qui
1599 567 1725 607 ante

112 660 297 695 omnes
346 647 622 693 creaturas
672 645 725 690 et
761 635 1008 689 visibiles
1055 645 1109 688 et
1143 637 1478 705 invisibileS‚
1527 641 1725 709 princi-

111 745 235 797 pem
292 725 631 777 exercituum
690 721 1038 786 coelestium,
1102 721 1515 788 immortalium,
1570 723 1726 776 illum

111 811 205 882 qui
241 811 359 879 ipse
396 815 482 860 est
518 806 806 859 admiratio
848 805 915 873 (i.
954 823 999 857 e.
1035 805 1423 876 admirandus)
1465 816 1518 859 et
1554 809 1726 860 consi-

110 894 298 947 liarius
318 893 366 960 ¹,
404 891 558 944 illum
597 893 688 961 qui
724 897 983 943 executor
1008 909 1237 943 arcanae
1271 891 1443 961 patris
1480 892 1725 945 volunta-

110 980 207 1043 tis,
245 977 398 1031 illum
438 976 531 1048 qui
570 975 730 1027 simul
767 993 890 1026 cum
923 982 1082 1045 patre
1109 976 1348 1027 omnium
1371 995 1554 1029 rerum
1580 995 1727 1029 crea-

111 1071 197 1116 tor
234 1071 339 1128 est,
389 1062 482 1132 qui
527 1061 645 1130 ipse
692 1067 775 1112 est
820 1077 987 1111 causa
1029 1059 1272 1112 efficiens
1310 1061 1550 1113 omnium
1587 1079 1726 1131 quae

112 1149 380 1214 existunt,
420 1146 514 1216 qui
550 1152 636 1197 est
672 1143 817 1196 filius
856 1143 1239 1213 comprobatus
1279 1153 1334 1197 et
1370 1146 1560 1198 unicus
1599 1145 1723 1210 Dei,

112 1233 206 1302 qui
251 1231 490 1283 omnium
543 1248 725 1282 rerum
772 1229 1022 1282 dominus
1080 1236 1133 1281 et
1178 1228 1328 1281 Deus
1378 1238 1431 1282 et
1476 1248 1575 1282 rex
1623 1241 1724 1297 est,

112 1317 206 1385 qui
242 1313 488 1385 possidet
523 1314 812 1383 imperium
849 1321 903 1366 et
942 1313 1366 1367 dominationem
1407 1315 1568 1367 simul
1604 1335 1726 1368 cum

111 1405 382 1470 potestate
430 1406 484 1450 et
531 1397 817 1450 divinitate
864 1407 918 1450 et
960 1397 1135 1466 gloria
1172 1417 1243 1451 ex
1277 1400 1399 1468 ipsa
1435 1401 1606 1469 patris
1647 1419 1725 1452 es-

114 1484 304 1537 sentia.
379 1482 553 1548 Quasi
589 1482 818 1551 mystice
850 1480 975 1534 libri
1014 1483 1068 1550 (i.
1098 1501 1144 1534 6.
1174 1501 1361 1536 sacrae
1399 1484 1723 1555 scripturae)

115 1568 183 1621 de
220 1569 340 1638 ejus
379 1567 666 1620 divinitate
712 1564 1040 1637 loquuntur:
1093 1565 1251 1635 (Joh.
1294 1569 1352 1633 l,
1396 1570 1439 1619 1.
1477 1569 1563 1638 3.)
1611 1570 1726 1635 „In

112 1652 381 1722 principio
418 1651 524 1703 fuit
558 1650 814 1717 verbum,
855 1659 908 1703 et
944 1650 1173 1703 verbum
1211 1651 1319 1702 fuit
1356 1654 1502 1721 apud
1527 1652 1723 1716 Deum,

114 1744 167 1788 et
202 1736 354 1788 Deus
392 1735 501 1787 fuit
538 1735 793 1802 verbum,
845 1736 1027 1788 omnia
1062 1754 1160 1805 per
1195 1736 1378 1805 ipsum
1413 1736 1563 1788 facta
1601 1746 1727 1788 sunt

112 1838 288 1890 neque
333 1818 628 1890 quidquam
677 1819 790 1872 sine
829 1838 891 1872 eo
931 1822 1071 1872 est.“
1145 1823 1178 1886 ἓ
1211 1820 1264 1872 4.
1325 1821 1512 1872 Etiam
1543 1820 1724 1873 Moses

113 1905 527 1975 antiquissimus
554 1912 609 1957 et
633 1904 886 1974 princeps
912 1904 1326 1973 prophetarum,
1366 1906 1494 1957 dum
1538 1905 1724 1958 divino

113 1987 332 2041 afflatus
380 1988 576 2058 spiritu
614 1987 877 2041 describit
918 1989 1267 2042 existentiam
1305 1997 1360 2041 et
1397 1990 1726 2042 creationem

114 2080 508 2140 creaturarum,
571 2071 829 2124 Messiam
891 2081 1194 2125 creatorem
1252 2082 1305 2126 et
1359 2073 1726 2126 ordinatorem

113 2157 352 2210 omnium
387 2174 570 2209 rerum
605 2175 723 2209 esse
759 2156 976 2224 scribit,
1017 2156 1225 2210 scilicet
1259 2176 1329 2210 ex
1355 2158 1724 2227 (auctoritate)

114 2240 270 2294 verbi
294 2239 403 2293 Dei
440 2242 583 2311 quod
620 2242 691 2295 ab
728 2241 884 2294 initio
924 2250 1167 2294 creatum
1205 2249 1312 2309 est,
1353 2260 1582 2312 eumque
1621 2241 1726 2293 sibi

113 2324 170 2375 in
207 2324 440 2378 creando
479 2324 696 2378 homine
734 2326 1114 2379 associavisse.
1178 2326 1342 2378 Dixit
1375 2327 1520 2378 enim
1545 2326 1721 2378 Deus:

116 2408 280 2477 (Gen.
310 2410 365 2475 1,
392 2408 504 2477 26.)
543 2409 878 2476 „Faciamus
917 2409 1193 2463 hominem
1230 2409 1302 2462 ad
1338 2411 1634 2480 imaginem
1674 2417 1727 2461 et

116 2490 528 2545 similitudinem
572 2496 874 2546 nostram.“
958 2499 990 2562 ξ
1027 2495 1078 2562 ξ).
1150 2496 1225 2547 Ε1
1260 2495 1387 2547 111116
1431 2494 1602 2548 verbo
1642 2511 1724 2544 as-

116 2577 279 2628 sentit
315 2575 455 2628 alius
493 2576 785 2648 propheta,
825 2579 955 2631 dum
992 2580 1051 2630 in
1085 2579 1304 2650 hymnis
1346 2579 1458 2630 suis
1499 2577 1566 2629 de
1603 2576 1723 2628 Deo

114 2656 380 2730 loquitur:
425 2659 537 2727 (Ps.
562 2661 649 2729 33,
678 2663 752 2733 9.)
792 2663 967 2733 „Ipse
994 2662 1137 2715 dixit
1163 2671 1216 2716 et
1241 2663 1390 2715 facta
1416 2670 1566 2728 sunt,
1605 2661 1724 2729 ipse

205 2845 227 2885 1
265 2843 422 2896 Syrus:
457 2830 707 2896 βαὸῗὸὶῖῠῗ
