<?xml version="1.0" encoding="UTF-8"?>
<!DOCTYPE html PUBLIC "-//W3C//DTD XHTML 1.0 Transitional//EN"
    "http://www.w3.org/TR/xhtml1/DTD/xhtml1-transitional.dtd">
<html xmlns="http://www.w3.org/1999/xhtml" xml:lang="en" lang="en">
 <head>
  <title>
</title>
<meta http-equiv="Content-Type" content="text/html;charset=utf-8" />
  <meta name='ocr-system' content='tesseract 3.04.00' />
  <meta name='ocr-capabilities' content='ocr_page ocr_carea ocr_par ocr_line ocrx_word'/>
</head>
<body>
  <div class='ocr_page' id='page_1' title='image "./operaeusebius04euseuoft_0419.png"; bbox 0 0 1986 3152; ppageno 0'>
   <div class='ocr_carea' id='block_1_1' title="bbox 562 78 1739 172">
    <p class='ocr_par' dir='ltr' id='par_1_1' title="bbox 562 78 1739 172">
     <span class='ocr_line' id='line_1_1' title="bbox 562 78 1739 172; baseline 0.004 -12"><span class='ocrx_word' id='word_1_1' title='bbox 562 118 717 160; x_wconf 76' lang='lat' dir='ltr'>ffls&#39;r.</span> <span class='ocrx_word' id='word_1_2' title='bbox 740 78 995 159; x_wconf 62' lang='lat' dir='ltr'>&#39;E&#39;chEs</span> <span class='ocrx_word' id='word_1_3' title='bbox 1025 119 1154 161; x_wconf 79' lang='lat' dir='ltr'><strong><em>vm:</em></strong></span> <span class='ocrx_word' id='word_1_4' title='bbox 1183 120 1221 160; x_wconf 88' lang='lat'><strong><em>8.</em></strong></span> <span class='ocrx_word' id='word_1_5' title='bbox 1255 122 1295 161; x_wconf 87' lang='lat'><strong><em>9.</em></strong></span> <span class='ocrx_word' id='word_1_6' title='bbox 1634 117 1739 172; x_wconf 84' lang='lat'><strong><em>359</em></strong></span> 
     </span>
    </p>
   </div>
   <div class='ocr_carea' id='block_1_2' title="bbox 124 232 1738 562">
    <p class='ocr_par' dir='ltr' id='par_1_2' title="bbox 124 232 1738 562">
     <span class='ocr_line' id='line_1_2' title="bbox 124 232 1736 308; baseline -0.001 -14"><span class='ocrx_word' id='word_1_7' title='bbox 124 234 378 294; x_wconf 79' lang='grc' dir='ltr'><strong><em>τούπίσω</em></strong></span> <span class='ocrx_word' id='word_1_8' title='bbox 417 234 557 308; x_wconf 85' lang='grc' dir='ltr'><strong><em>πρὸς</em></strong></span> <span class='ocrx_word' id='word_1_9' title='bbox 597 237 693 306; x_wconf 81' lang='grc' dir='ltr'><strong><em>τῆς</em></strong></span> <span class='ocrx_word' id='word_1_10' title='bbox 747 239 898 307; x_wconf 80' lang='grc' dir='ltr'><strong><em>ἱερᾶς</em></strong></span> <span class='ocrx_word' id='word_1_11' title='bbox 939 233 1268 291; x_wconf 84' lang='grc' dir='ltr'><strong><em>άνθείλκετο</em></strong></span> <span class='ocrx_word' id='word_1_12' title='bbox 1308 241 1607 308; x_wconf 79' lang='grc' dir='ltr'><strong><em>προνοίας,</em></strong></span> <span class='ocrx_word' id='word_1_13' title='bbox 1662 232 1736 303; x_wconf 71' lang='grc' dir='ltr'><strong><em>ὥς</em></strong></span> 
     </span>
     <span class='ocr_line' id='line_1_3' title="bbox 124 315 1737 394; baseline 0.001 -18"><span class='ocrx_word' id='word_1_14' title='bbox 124 320 267 394; x_wconf 78' lang='grc' dir='ltr'><strong><em>μηδὲ</em></strong></span> <span class='ocrx_word' id='word_1_15' title='bbox 304 318 507 375; x_wconf 82' lang='grc' dir='ltr'><strong><em>τούτου</em></strong></span> <span class='ocrx_word' id='word_1_16' title='bbox 561 319 739 391; x_wconf 76' lang='grc' dir='ltr'><strong><em>μηδὲν</em></strong></span> <span class='ocrx_word' id='word_1_17' title='bbox 777 323 1045 391; x_wconf 75' lang='grc' dir='ltr'><em>μηδαμῶς</em></span> <span class='ocrx_word' id='word_1_18' title='bbox 1098 342 1308 385; x_wconf 89' lang='grc' dir='ltr'><strong><em>αυτους</em></strong></span> <span class='ocrx_word' id='word_1_19' title='bbox 1350 315 1737 392; x_wconf 83' lang='grc' dir='ltr'><strong><em>άδικήσαντος,</em></strong></span> 
     </span>
     <span class='ocr_line' id='line_1_4' title="bbox 128 401 1736 510; baseline -0.001 -48"><span class='ocrx_word' id='word_1_20' title='bbox 128 408 287 477; x_wconf 87' lang='grc' dir='ltr'><strong><em>ετερα</em></strong></span> <span class='ocrx_word' id='word_1_21' title='bbox 332 402 468 459; x_wconf 78' lang='grc' dir='ltr'><strong><em>ἅττα</em></strong></span> <span class='ocrx_word' id='word_1_22' title='bbox 509 401 702 469; x_wconf 78' lang='grc' dir='ltr'><strong><em>αὐτοῖς</em></strong></span> <span class='ocrx_word' id='word_1_23' title='bbox 747 405 1087 510; x_wconf 83' lang='grc' dir='ltr'><strong><em>ἐπαφίεσθαι</em></strong></span> <span class='ocrx_word' id='word_1_24' title='bbox 1124 410 1312 477; x_wconf 79' lang='grc' dir='ltr'><strong><em>θηρία.</em></strong></span> <span class='ocrx_word' id='word_1_25' title='bbox 1386 409 1435 461; x_wconf 85' lang='grc'><strong><em>6.</em></strong></span> <span class='ocrx_word' id='word_1_26' title='bbox 1481 406 1635 471; x_wconf 80' lang='grc' dir='ltr'><strong><em>τέλος</em></strong></span> <span class='ocrx_word' id='word_1_27' title='bbox 1667 405 1736 477; x_wconf 79' lang='grc' dir='ltr'><strong><em>δὴ</em></strong></span> 
     </span>
     <span class='ocr_line' id='line_1_5' title="bbox 125 486 1738 562; baseline 0 -16"><span class='ocrx_word' id='word_1_28' title='bbox 125 491 234 546; x_wconf 81' lang='grc' dir='ltr'><strong><em>οὐν</em></strong></span> <span class='ocrx_word' id='word_1_29' title='bbox 264 487 400 560; x_wconf 78' lang='grc' dir='ltr'><strong><em>μετὰ</em></strong></span> <span class='ocrx_word' id='word_1_30' title='bbox 435 487 533 553; x_wconf 75' lang='grc' dir='ltr'><strong><em>τὰς</em></strong></span> <span class='ocrx_word' id='word_1_31' title='bbox 565 486 753 553; x_wconf 77' lang='grc' dir='ltr'><strong><em>δεινὰς</em></strong></span> <span class='ocrx_word' id='word_1_32' title='bbox 785 488 878 543; x_wconf 82' lang='grc' dir='ltr'><strong><em>καὶ</em></strong></span> <span class='ocrx_word' id='word_1_33' title='bbox 902 494 1154 554; x_wconf 80' lang='grc' dir='ltr'><strong><em>ποικίλας</em></strong></span> <span class='ocrx_word' id='word_1_34' title='bbox 1178 488 1396 545; x_wconf 79' lang='grc' dir='ltr'><strong><em>τούτων</em></strong></span> <span class='ocrx_word' id='word_1_35' title='bbox 1421 488 1738 562; x_wconf 90' lang='grc' dir='ltr'><strong><em>προσβολας</em></strong></span> 
     </span>
    </p>
   </div>
   <div class='ocr_carea' id='block_1_3' title="bbox 125 571 1783 730">
    <p class='ocr_par' dir='ltr' id='par_1_3' title="bbox 125 571 1783 730">
     <span class='ocr_line' id='line_1_6' title="bbox 125 571 1783 646; baseline 0.001 -17"><span class='ocrx_word' id='word_1_36' title='bbox 125 576 274 645; x_wconf 81' lang='grc' dir='ltr'><strong><em>ξίφει</em></strong></span> <span class='ocrx_word' id='word_1_37' title='bbox 303 573 749 645; x_wconf 85' lang='grc' dir='ltr'><strong><em>κατασφαγέντες</em></strong></span> <span class='ocrx_word' id='word_1_38' title='bbox 779 577 838 628; x_wconf 78' lang='grc' dir='ltr'><strong><em>οἱ</em></strong></span> <span class='ocrx_word' id='word_1_39' title='bbox 863 572 1066 638; x_wconf 88' lang='grc' dir='ltr'><strong><em>πάντες</em></strong></span> <span class='ocrx_word' id='word_1_40' title='bbox 1086 617 1100 643; x_wconf 92' lang='grc'><strong><em>,</em></strong></span> <span class='ocrx_word' id='word_1_41' title='bbox 1133 571 1258 628; x_wconf 77' lang='grc' dir='ltr'><strong><em>ἀντὶ</em></strong></span> <span class='ocrx_word' id='word_1_42' title='bbox 1288 577 1390 644; x_wconf 85' lang='grc' dir='ltr'><strong><em>γῆς</em></strong></span> <span class='ocrx_word' id='word_1_43' title='bbox 1421 574 1516 628; x_wconf 84' lang='grc' dir='ltr'><strong><em>καὶ</em></strong></span> <span class='ocrx_word' id='word_1_44' title='bbox 1545 573 1739 646; x_wconf 88' lang='grc' dir='ltr'><strong><em>τάφων</em></strong></span> <span class='ocrx_word' id='word_1_45' title='bbox 1763 598 1783 630; x_wconf 82' lang='lat'>5</span> 
     </span>
     <span class='ocr_line' id='line_1_7' title="bbox 130 655 1286 730; baseline -0.001 -17"><span class='ocrx_word' id='word_1_46' title='bbox 130 670 249 723; x_wconf 91' lang='grc' dir='ltr'><strong><em>τοῖς</em></strong></span> <span class='ocrx_word' id='word_1_47' title='bbox 279 662 600 723; x_wconf 82' lang='grc' dir='ltr'><strong><em>θαλαττίοις</em></strong></span> <span class='ocrx_word' id='word_1_48' title='bbox 632 660 1036 730; x_wconf 78' lang='grc' dir='ltr'><strong><em>παραδίδονται</em></strong></span> <span class='ocrx_word' id='word_1_49' title='bbox 1065 655 1286 729; x_wconf 77' lang='grc' dir='ltr'><strong><em>κύμασι.</em></strong></span> 
     </span>
    </p>
   </div>
   <div class='ocr_carea' id='block_1_4' title="bbox 108 740 1822 2924">
    <p class='ocr_par' dir='ltr' id='par_1_4' title="bbox 108 740 1812 2251">
     <span class='ocr_line' id='line_1_8' title="bbox 272 740 1741 815; baseline -0.002 -14"><span class='ocrx_word' id='word_1_50' title='bbox 272 751 393 801; x_wconf 88' lang='lat' dir='ltr'><strong>VIII.</strong></span> <span class='ocrx_word' id='word_1_51' title='bbox 472 750 603 815; x_wconf 89' lang='lat' dir='ltr'><strong>[Nic.</strong></span> <span class='ocrx_word' id='word_1_52' title='bbox 641 750 698 798; x_wconf 91' lang='lat' dir='ltr'><strong><em>H.</em></strong></span> <span class='ocrx_word' id='word_1_53' title='bbox 740 751 794 799; x_wconf 90' lang='lat' dir='ltr'><strong><em>E.</em></strong></span> <span class='ocrx_word' id='word_1_54' title='bbox 835 751 942 807; x_wconf 89' lang='lat' dir='ltr'><strong>VII,</strong></span> <span class='ocrx_word' id='word_1_55' title='bbox 983 748 1059 815; x_wconf 84' lang='lat'><strong><em>8.]</em></strong></span> <span class='ocrx_word' id='word_1_56' title='bbox 1132 742 1242 797; x_wconf 80' lang='grc' dir='ltr'><strong><em>Καὶ</em></strong></span> <span class='ocrx_word' id='word_1_57' title='bbox 1287 746 1533 807; x_wconf 82' lang='grc' dir='ltr'><strong><em>τοιοῦτος</em></strong></span> <span class='ocrx_word' id='word_1_58' title='bbox 1574 742 1678 814; x_wconf 74' lang='grc' dir='ltr'><strong><em>μὲν</em></strong></span> <span class='ocrx_word' id='word_1_59' title='bbox 1712 740 1741 798; x_wconf 84' lang='grc' dir='ltr'>ὁ</span> 
     </span>
     <span class='ocr_line' id='line_1_9' title="bbox 108 819 1743 897; baseline -0.001 -15"><span class='ocrx_word' id='word_1_60' title='bbox 108 825 288 897; x_wconf 79' lang='grc' dir='ltr'><strong><em>’άγών</em></strong></span> <span class='ocrx_word' id='word_1_61' title='bbox 316 831 433 880; x_wconf 74' lang='grc' dir='ltr'><strong><em>τῶν</em></strong></span> <span class='ocrx_word' id='word_1_62' title='bbox 463 823 600 879; x_wconf 67' lang='grc' dir='ltr'><strong><em>κατὰ</em></strong></span> <span class='ocrx_word' id='word_1_63' title='bbox 643 824 834 896; x_wconf 79' lang='grc' dir='ltr'><strong><em>Τύρον</em></strong></span> <span class='ocrx_word' id='word_1_64' title='bbox 866 822 998 889; x_wconf 76' lang='grc' dir='ltr'><strong><em>τούς</em></strong></span> <span class='ocrx_word' id='word_1_65' title='bbox 1028 819 1176 897; x_wconf 76' lang='grc' dir='ltr'><strong><em>ὑπὲρ</em></strong></span> <span class='ocrx_word' id='word_1_66' title='bbox 1209 821 1497 895; x_wconf 80' lang='grc' dir='ltr'><strong><em>εὐσεβείας</em></strong></span> <span class='ocrx_word' id='word_1_67' title='bbox 1529 824 1743 891; x_wconf 81' lang='grc' dir='ltr'><strong><em>ἄθλους</em></strong></span> 
     </span>
     <span class='ocr_line' id='line_1_10' title="bbox 134 906 1744 980; baseline 0 -15"><span class='ocrx_word' id='word_1_68' title='bbox 134 910 538 980; x_wconf 80' lang='grc' dir='ltr'><strong><em>ἐνδειξαμένων</em></strong></span> <span class='ocrx_word' id='word_1_69' title='bbox 569 913 916 978; x_wconf 80' lang='grc' dir='ltr'><strong><em>Αἰγυπτίων.</em></strong></span> <span class='ocrx_word' id='word_1_70' title='bbox 988 907 1301 980; x_wconf 78' lang='grc' dir='ltr'><strong><em>θαυμάσειε</em></strong></span> <span class='ocrx_word' id='word_1_71' title='bbox 1333 906 1383 964; x_wconf 85' lang='grc' dir='ltr'><strong><em>δ’</em></strong></span> <span class='ocrx_word' id='word_1_72' title='bbox 1422 908 1493 964; x_wconf 77' lang='grc' dir='ltr'><strong><em>ἄν</em></strong></span> <span class='ocrx_word' id='word_1_73' title='bbox 1523 931 1603 974; x_wconf 91' lang='grc' dir='ltr'><strong><em>τις</em></strong></span> <span class='ocrx_word' id='word_1_74' title='bbox 1634 907 1744 965; x_wconf 81' lang='grc' dir='ltr'><strong><em>αὐ-</em></strong></span> 
     </span>
     <span class='ocr_line' id='line_1_11' title="bbox 126 990 1807 1067; baseline 0 -17"><span class='ocrx_word' id='word_1_75' title='bbox 126 998 244 1050; x_wconf 78' lang='grc' dir='ltr'><strong><em>τῶν</em></strong></span> <span class='ocrx_word' id='word_1_76' title='bbox 272 993 367 1049; x_wconf 85' lang='grc' dir='ltr'><strong><em>καὶ</em></strong></span> <span class='ocrx_word' id='word_1_77' title='bbox 395 991 529 1058; x_wconf 76' lang='grc' dir='ltr'><strong><em>τούς</em></strong></span> <span class='ocrx_word' id='word_1_78' title='bbox 574 993 664 1048; x_wconf 83' lang='grc' dir='ltr'><strong><em>ἐπὶ</em></strong></span> <span class='ocrx_word' id='word_1_79' title='bbox 708 997 806 1064; x_wconf 85' lang='grc' dir='ltr'><strong><em>τῆς</em></strong></span> <span class='ocrx_word' id='word_1_80' title='bbox 846 997 1055 1058; x_wconf 84' lang='grc' dir='ltr'><strong><em>οἰκείας</em></strong></span> <span class='ocrx_word' id='word_1_81' title='bbox 1106 996 1207 1064; x_wconf 83' lang='grc' dir='ltr'><strong><em>γῆς</em></strong></span> <span class='ocrx_word' id='word_1_82' title='bbox 1258 990 1742 1067; x_wconf 76' lang='grc' dir='ltr'><strong><em>μαρτυρήσαντας,</em></strong></span> <span class='ocrx_word' id='word_1_83' title='bbox 1767 1017 1807 1050; x_wconf 91' lang='lat'><strong><em>10</em></strong></span> 
     </span>
     <span class='ocr_line' id='line_1_12' title="bbox 130 1075 1747 1151; baseline -0.001 -17"><span class='ocrx_word' id='word_1_84' title='bbox 130 1083 275 1134; x_wconf 77' lang='grc' dir='ltr'><strong><em>ἔνθα</em></strong></span> <span class='ocrx_word' id='word_1_85' title='bbox 313 1082 506 1151; x_wconf 91' lang='grc' dir='ltr'><strong><em>μυρίοι</em></strong></span> <span class='ocrx_word' id='word_1_86' title='bbox 544 1075 644 1132; x_wconf 83' lang='grc' dir='ltr'><strong><em>τὸν</em></strong></span> <span class='ocrx_word' id='word_1_87' title='bbox 689 1075 938 1150; x_wconf 85' lang='grc' dir='ltr'><strong><em>άριθμὸν</em></strong></span> <span class='ocrx_word' id='word_1_88' title='bbox 978 1075 1181 1150; x_wconf 73' lang='grc' dir='ltr'><strong><em>ἄνδρες</em></strong></span> <span class='ocrx_word' id='word_1_89' title='bbox 1231 1076 1344 1149; x_wconf 77' lang='grc' dir='ltr'><strong><em>ἅμα</em></strong></span> <span class='ocrx_word' id='word_1_90' title='bbox 1386 1078 1610 1148; x_wconf 81' lang='grc' dir='ltr'><strong><em>γυναιξὶ</em></strong></span> <span class='ocrx_word' id='word_1_91' title='bbox 1653 1079 1747 1133; x_wconf 86' lang='grc' dir='ltr'><strong><em>καὶ</em></strong></span> 
     </span>
     <span class='ocr_line' id='line_1_13' title="bbox 133 1156 1747 1235; baseline 0 -17"><span class='ocrx_word' id='word_1_92' title='bbox 133 1162 364 1234; x_wconf 88' lang='grc' dir='ltr'><strong><em>παισὶν,</em></strong></span> <span class='ocrx_word' id='word_1_93' title='bbox 404 1159 550 1234; x_wconf 71' lang='grc' dir='ltr'><strong><em>’ὑπὲρ</em></strong></span> <span class='ocrx_word' id='word_1_94' title='bbox 595 1165 691 1232; x_wconf 84' lang='grc' dir='ltr'><strong><em>τῆς</em></strong></span> <span class='ocrx_word' id='word_1_95' title='bbox 731 1165 833 1217; x_wconf 85' lang='grc' dir='ltr'><strong><em>τοῦ</em></strong></span> <span class='ocrx_word' id='word_1_96' title='bbox 875 1165 1124 1235; x_wconf 83' lang='grc' dir='ltr'><strong><em>σωτῆρος</em></strong></span> <span class='ocrx_word' id='word_1_97' title='bbox 1176 1156 1338 1234; x_wconf 77' lang='grc' dir='ltr'><strong><em>ἡμῶν</em></strong></span> <span class='ocrx_word' id='word_1_98' title='bbox 1384 1165 1747 1228; x_wconf 80' lang='grc' dir='ltr'><strong><em>διδασκαλίας</em></strong></span> 
     </span>
     <span class='ocr_line' id='line_1_14' title="bbox 131 1245 1748 1319; baseline -0.001 -16"><span class='ocrx_word' id='word_1_99' title='bbox 131 1249 232 1303; x_wconf 85' lang='grc' dir='ltr'><strong><em>τοῦ</em></strong></span> <span class='ocrx_word' id='word_1_100' title='bbox 285 1252 633 1318; x_wconf 84' lang='grc' dir='ltr'><strong><em>προσκαίρου</em></strong></span> <span class='ocrx_word' id='word_1_101' title='bbox 690 1250 787 1317; x_wconf 82' lang='grc' dir='ltr'><strong><em>ζῆν</em></strong></span> <span class='ocrx_word' id='word_1_102' title='bbox 837 1245 1388 1318; x_wconf 79' lang='grc' dir='ltr'><strong><em>καταφρονήσαντες,</em></strong></span> <span class='ocrx_word' id='word_1_103' title='bbox 1441 1246 1748 1319; x_wconf 87' lang='grc' dir='ltr'><strong><em>διαφόρους</em></strong></span> 
     </span>
     <span class='ocr_line' id='line_1_15' title="bbox 134 1326 1747 1403; baseline 0 -16"><span class='ocrx_word' id='word_1_104' title='bbox 134 1329 445 1403; x_wconf 79' lang='grc' dir='ltr'><strong><em>ὑπέμειναν</em></strong></span> <span class='ocrx_word' id='word_1_105' title='bbox 485 1326 808 1400; x_wconf 79' lang='grc' dir='ltr'><strong><em>θανάτους,</em></strong></span> <span class='ocrx_word' id='word_1_106' title='bbox 861 1334 920 1386; x_wconf 77' lang='grc' dir='ltr'><strong><em>οἱ</em></strong></span> <span class='ocrx_word' id='word_1_107' title='bbox 956 1330 1059 1402; x_wconf 75' lang='grc' dir='ltr'><strong><em>μὲν</em></strong></span> <span class='ocrx_word' id='word_1_108' title='bbox 1101 1327 1293 1386; x_wconf 76' lang='grc' dir='ltr'><strong><em>αὐτῶν</em></strong></span> <span class='ocrx_word' id='word_1_109' title='bbox 1334 1329 1470 1402; x_wconf 80' lang='grc' dir='ltr'><strong><em>μετὰ</em></strong></span> <span class='ocrx_word' id='word_1_110' title='bbox 1512 1330 1747 1403; x_wconf 81' lang='grc' dir='ltr'><strong><em>ξεσμοῦς</em></strong></span> 
     </span>
     <span class='ocr_line' id='line_1_16' title="bbox 132 1414 1810 1489; baseline -0.002 -18"><span class='ocrx_word' id='word_1_111' title='bbox 132 1416 228 1471; x_wconf 87' lang='grc' dir='ltr'><strong><em>καὶ</em></strong></span> <span class='ocrx_word' id='word_1_112' title='bbox 253 1414 616 1489; x_wconf 79' lang='grc' dir='ltr'><strong><em>στρεβλώσεις</em></strong></span> <span class='ocrx_word' id='word_1_113' title='bbox 640 1414 909 1486; x_wconf 90' lang='grc' dir='ltr'><strong><em>μάστιγάς</em></strong></span> <span class='ocrx_word' id='word_1_114' title='bbox 931 1438 991 1471; x_wconf 91' lang='grc' dir='ltr'><strong><em>τε</em></strong></span> <span class='ocrx_word' id='word_1_115' title='bbox 1014 1414 1405 1487; x_wconf 90' lang='grc' dir='ltr'><strong><em>χαλεπωτάτας</em></strong></span> <span class='ocrx_word' id='word_1_116' title='bbox 1422 1415 1516 1471; x_wconf 86' lang='grc' dir='ltr'><strong><em>καὶ</em></strong></span> <span class='ocrx_word' id='word_1_117' title='bbox 1540 1421 1746 1488; x_wconf 89' lang='grc' dir='ltr'><strong><em>μυρίας</em></strong></span> <span class='ocrx_word' id='word_1_118' title='bbox 1772 1437 1810 1469; x_wconf 84' lang='lat'><strong><em>15</em></strong></span> 
     </span>
     <span class='ocr_line' id='line_1_17' title="bbox 133 1494 1748 1572; baseline 0 -17"><span class='ocrx_word' id='word_1_119' title='bbox 133 1499 309 1566; x_wconf 78' lang='grc' dir='ltr'><strong><em>ἄλλας</em></strong></span> <span class='ocrx_word' id='word_1_120' title='bbox 341 1505 595 1565; x_wconf 87' lang='grc' dir='ltr'><strong><em>ποικίλας</em></strong></span> <span class='ocrx_word' id='word_1_121' title='bbox 634 1499 728 1554; x_wconf 88' lang='grc' dir='ltr'><strong><em>καὶ</em></strong></span> <span class='ocrx_word' id='word_1_122' title='bbox 759 1498 990 1572; x_wconf 78' lang='grc' dir='ltr'><strong><em>φρικτόις</em></strong></span> <span class='ocrx_word' id='word_1_123' title='bbox 1030 1494 1265 1555; x_wconf 82' lang='grc' dir='ltr'><strong><em>άκοῦσαι</em></strong></span> <span class='ocrx_word' id='word_1_124' title='bbox 1293 1499 1578 1570; x_wconf 77' lang='grc' dir='ltr'><strong><em>βασάνους</em></strong></span> <span class='ocrx_word' id='word_1_125' title='bbox 1609 1500 1748 1572; x_wconf 87' lang='grc' dir='ltr'><strong><em>πυρὶ</em></strong></span> 
     </span>
     <span class='ocr_line' id='line_1_18' title="bbox 134 1582 1748 1659; baseline -0.001 -18"><span class='ocrx_word' id='word_1_126' title='bbox 134 1586 583 1659; x_wconf 85' lang='grc' dir='ltr'><strong><em>παραδοθέντες,</em></strong></span> <span class='ocrx_word' id='word_1_127' title='bbox 616 1587 673 1639; x_wconf 80' lang='grc' dir='ltr'><strong><em>οἱ</em></strong></span> <span class='ocrx_word' id='word_1_128' title='bbox 700 1584 763 1639; x_wconf 78' lang='grc' dir='ltr'><strong><em>δὲ</em></strong></span> <span class='ocrx_word' id='word_1_129' title='bbox 793 1583 1017 1655; x_wconf 80' lang='grc' dir='ltr'><strong><em>πελάγει</em></strong></span> <span class='ocrx_word' id='word_1_130' title='bbox 1048 1585 1612 1657; x_wconf 85' lang='grc' dir='ltr'><strong><em>καταβροχισθέντες,</em></strong></span> <span class='ocrx_word' id='word_1_131' title='bbox 1645 1582 1748 1639; x_wconf 77' lang='grc' dir='ltr'><strong><em>ἄλ-</em></strong></span> 
     </span>
     <span class='ocr_line' id='line_1_19' title="bbox 139 1665 1746 1742; baseline -0.001 -17"><span class='ocrx_word' id='word_1_132' title='bbox 139 1676 230 1725; x_wconf 89' lang='grc' dir='ltr'><strong><em>λοι</em></strong></span> <span class='ocrx_word' id='word_1_133' title='bbox 259 1669 323 1725; x_wconf 73' lang='grc' dir='ltr'><strong><em>δὲ</em></strong></span> <span class='ocrx_word' id='word_1_134' title='bbox 354 1665 651 1741; x_wconf 77' lang='grc' dir='ltr'><strong><em>εὐθαρσῶς</em></strong></span> <span class='ocrx_word' id='word_1_135' title='bbox 683 1681 800 1734; x_wconf 88' lang='grc' dir='ltr'><strong><em>τοῖς</em></strong></span> <span class='ocrx_word' id='word_1_136' title='bbox 831 1666 1207 1741; x_wconf 77' lang='grc' dir='ltr'><strong><em>ἀποτέμνουσι</em></strong></span> <span class='ocrx_word' id='word_1_137' title='bbox 1229 1667 1326 1734; x_wconf 74' lang='grc' dir='ltr'><strong><em>τὰς</em></strong></span> <span class='ocrx_word' id='word_1_138' title='bbox 1360 1669 1575 1724; x_wconf 78' lang='grc' dir='ltr'><strong><em>ἑαυτῶν</em></strong></span> <span class='ocrx_word' id='word_1_139' title='bbox 1607 1689 1746 1742; x_wconf 90' lang='grc' dir='ltr'><strong><em>προ--</em></strong></span> 
     </span>
     <span class='ocr_line' id='line_1_20' title="bbox 133 1751 1752 1824; baseline -0.001 -15"><span class='ocrx_word' id='word_1_140' title='bbox 133 1759 418 1819; x_wconf 89' lang='grc' dir='ltr'><strong><em>τείναντες</em></strong></span> <span class='ocrx_word' id='word_1_141' title='bbox 469 1751 751 1824; x_wconf 76' lang='grc' dir='ltr'><strong><em>κεφαλὰς,</em></strong></span> <span class='ocrx_word' id='word_1_142' title='bbox 805 1756 862 1808; x_wconf 83' lang='grc' dir='ltr'><strong><em>οί</em></strong></span> <span class='ocrx_word' id='word_1_143' title='bbox 899 1753 962 1809; x_wconf 75' lang='grc' dir='ltr'><strong><em>δὲ</em></strong></span> <span class='ocrx_word' id='word_1_144' title='bbox 1006 1754 1098 1808; x_wconf 83' lang='grc' dir='ltr'><strong><em>καὶ</em></strong></span> <span class='ocrx_word' id='word_1_145' title='bbox 1142 1751 1590 1818; x_wconf 84' lang='grc' dir='ltr'><strong><em>ἐναποθανόντες</em></strong></span> <span class='ocrx_word' id='word_1_146' title='bbox 1630 1764 1752 1817; x_wconf 89' lang='grc' dir='ltr'><strong><em>ταῖς</em></strong></span> 
     </span>
     <span class='ocr_line' id='line_1_21' title="bbox 135 1835 1812 1912; baseline -0.002 -19"><span class='ocrx_word' id='word_1_147' title='bbox 135 1837 430 1909; x_wconf 85' lang='grc' dir='ltr'><strong><em>βασάνοις,</em></strong></span> <span class='ocrx_word' id='word_1_148' title='bbox 473 1839 647 1910; x_wconf 80' lang='grc' dir='ltr'><strong><em>ἕτεροι</em></strong></span> <span class='ocrx_word' id='word_1_149' title='bbox 686 1837 750 1892; x_wconf 76' lang='grc' dir='ltr'><strong><em>δὲ</em></strong></span> <span class='ocrx_word' id='word_1_150' title='bbox 794 1842 933 1912; x_wconf 78' lang='grc' dir='ltr'><strong><em>λιμῷ</em></strong></span> <span class='ocrx_word' id='word_1_151' title='bbox 976 1838 1410 1910; x_wconf 85' lang='grc' dir='ltr'><strong><em>διαφθαρέντες,</em></strong></span> <span class='ocrx_word' id='word_1_152' title='bbox 1452 1838 1547 1892; x_wconf 86' lang='grc' dir='ltr'><strong><em>καὶ</em></strong></span> <span class='ocrx_word' id='word_1_153' title='bbox 1589 1835 1746 1892; x_wconf 76' lang='grc' dir='ltr'><strong><em>ἄλλοι</em></strong></span> <span class='ocrx_word' id='word_1_154' title='bbox 1770 1858 1812 1888; x_wconf 73' lang='lat'><strong><em>‘20</em></strong></span> 
     </span>
     <span class='ocr_line' id='line_1_22' title="bbox 139 1919 1752 1994; baseline -0.001 -16"><span class='ocrx_word' id='word_1_155' title='bbox 139 1921 310 1978; x_wconf 88' lang='grc' dir='ltr'><strong><em>πάλιν</em></strong></span> <span class='ocrx_word' id='word_1_156' title='bbox 340 1919 948 1993; x_wconf 83' lang='grc' dir='ltr'><strong><em>ἀνασκολοπισθέντες,</em></strong></span> <span class='ocrx_word' id='word_1_157' title='bbox 991 1926 1049 1977; x_wconf 80' lang='grc' dir='ltr'><strong><em>οἱ</em></strong></span> <span class='ocrx_word' id='word_1_158' title='bbox 1085 1921 1189 1994; x_wconf 77' lang='grc' dir='ltr'><strong><em>μὲν</em></strong></span> <span class='ocrx_word' id='word_1_159' title='bbox 1228 1921 1366 1976; x_wconf 71' lang='grc' dir='ltr'><strong><em>κατὰ</em></strong></span> <span class='ocrx_word' id='word_1_160' title='bbox 1408 1921 1470 1977; x_wconf 84' lang='grc' dir='ltr'><strong><em>τὸ</em></strong></span> <span class='ocrx_word' id='word_1_161' title='bbox 1506 1920 1752 1992; x_wconf 79' lang='grc' dir='ltr'><strong><em>σύνηθες</em></strong></span> 
     </span>
     <span class='ocr_line' id='line_1_23' title="bbox 136 2003 1752 2079; baseline -0.002 -16"><span class='ocrx_word' id='word_1_162' title='bbox 136 2020 255 2072; x_wconf 88' lang='grc' dir='ltr'><strong><em>τοῖς</em></strong></span> <span class='ocrx_word' id='word_1_163' title='bbox 285 2005 646 2079; x_wconf 82' lang='grc' dir='ltr'><strong><em>κακούργοις,</em></strong></span> <span class='ocrx_word' id='word_1_164' title='bbox 678 2010 736 2062; x_wconf 77' lang='grc' dir='ltr'><strong><em>οἱ</em></strong></span> <span class='ocrx_word' id='word_1_165' title='bbox 763 2005 826 2061; x_wconf 76' lang='grc' dir='ltr'><strong><em>δὲ</em></strong></span> <span class='ocrx_word' id='word_1_166' title='bbox 855 2007 950 2062; x_wconf 81' lang='grc' dir='ltr'><strong><em>καὶ</em></strong></span> <span class='ocrx_word' id='word_1_167' title='bbox 979 2006 1241 2079; x_wconf 87' lang='grc' dir='ltr'><strong><em>χειρόνως</em></strong></span> <span class='ocrx_word' id='word_1_168' title='bbox 1265 2003 1542 2062; x_wconf 74' lang='grc' dir='ltr'><strong><em>ἀνάπαλιν</em></strong></span> <span class='ocrx_word' id='word_1_169' title='bbox 1571 2027 1752 2061; x_wconf 91' lang='grc' dir='ltr'><strong><em>κατω-</em></strong></span> 
     </span>
     <span class='ocr_line' id='line_1_24' title="bbox 140 2089 1754 2164; baseline -0.001 -17"><span class='ocrx_word' id='word_1_170' title='bbox 140 2090 286 2163; x_wconf 87' lang='grc' dir='ltr'><strong><em>κάρα</em></strong></span> <span class='ocrx_word' id='word_1_171' title='bbox 315 2091 777 2164; x_wconf 86' lang='grc' dir='ltr'><strong><em>προσηλωθέντες</em></strong></span> <span class='ocrx_word' id='word_1_172' title='bbox 796 2134 810 2161; x_wconf 92' lang='grc'><strong><em>,</em></strong></span> <span class='ocrx_word' id='word_1_173' title='bbox 851 2091 1193 2164; x_wconf 78' lang='grc' dir='ltr'><strong><em>τηρούμενοί</em></strong></span> <span class='ocrx_word' id='word_1_174' title='bbox 1217 2113 1276 2146; x_wconf 89' lang='grc' dir='ltr'><strong><em>τε</em></strong></span> <span class='ocrx_word' id='word_1_175' title='bbox 1306 2095 1531 2161; x_wconf 75' lang='grc' dir='ltr'><strong><em>ζῶντες,</em></strong></span> <span class='ocrx_word' id='word_1_176' title='bbox 1575 2089 1754 2146; x_wconf 84' lang='grc' dir='ltr'><strong><em>εἰσότε</em></strong></span> 
     </span>
     <span class='ocr_line' id='line_1_25' title="bbox 139 2173 1406 2251; baseline -0.001 -20"><span class='ocrx_word' id='word_1_177' title='bbox 139 2177 235 2231; x_wconf 81' lang='grc' dir='ltr'><strong><em>καὶ</em></strong></span> <span class='ocrx_word' id='word_1_178' title='bbox 267 2173 356 2231; x_wconf 83' lang='grc' dir='ltr'><strong><em>ἐπ’</em></strong></span> <span class='ocrx_word' id='word_1_179' title='bbox 391 2173 581 2231; x_wconf 77' lang='grc' dir='ltr'><strong><em>αὐτῶν</em></strong></span> <span class='ocrx_word' id='word_1_180' title='bbox 616 2180 813 2250; x_wconf 87' lang='grc' dir='ltr'><strong><em>ἰκρίων</em></strong></span> <span class='ocrx_word' id='word_1_181' title='bbox 845 2180 984 2251; x_wconf 76' lang='grc' dir='ltr'><strong><em>λιμῷ</em></strong></span> <span class='ocrx_word' id='word_1_182' title='bbox 1017 2179 1406 2247; x_wconf 79' lang='grc' dir='ltr'><strong><em>διαφθαρεῖεν.</em></strong></span> 
     </span>
    </p>

    <p class='ocr_par' dir='ltr' id='par_1_5' title="bbox 142 2256 1822 2924">
     <span class='ocr_line' id='line_1_26' title="bbox 282 2256 1821 2334; baseline -0.007 -14"><span class='ocrx_word' id='word_1_183' title='bbox 282 2270 363 2320; x_wconf 85' lang='grc' dir='ltr'><strong><em>ΙΧ.</em></strong></span> <span class='ocrx_word' id='word_1_184' title='bbox 442 2270 570 2334; x_wconf 87' lang='lat' dir='ltr'><strong>[Nic.</strong></span> <span class='ocrx_word' id='word_1_185' title='bbox 611 2269 670 2319; x_wconf 90' lang='lat' dir='ltr'><strong><em>H.</em></strong></span> <span class='ocrx_word' id='word_1_186' title='bbox 710 2269 760 2318; x_wconf 91' lang='lat' dir='ltr'><strong><em>E.</em></strong></span> <span class='ocrx_word' id='word_1_187' title='bbox 802 2269 897 2327; x_wconf 93' lang='lat' dir='ltr'><strong>VII,</strong></span> <span class='ocrx_word' id='word_1_188' title='bbox 927 2267 999 2334; x_wconf 82' lang='lat'><strong><em>8.]</em></strong></span> <span class='ocrx_word' id='word_1_189' title='bbox 1098 2258 1296 2316; x_wconf 90' lang='grc' dir='ltr'><strong><em>Πάντα</em></strong></span> <span class='ocrx_word' id='word_1_190' title='bbox 1359 2257 1412 2315; x_wconf 91' lang='grc' dir='ltr'><strong><em>δ’</em></strong></span> <span class='ocrx_word' id='word_1_191' title='bbox 1465 2256 1757 2331; x_wconf 77' lang='grc' dir='ltr'><strong><em>ὑπεραίρει</em></strong></span> <span class='ocrx_word' id='word_1_192' title='bbox 1780 2277 1821 2309; x_wconf 82' lang='lat'><strong><em>25</em></strong></span> 
     </span>
     <span class='ocr_line' id='line_1_27' title="bbox 142 2341 1764 2416; baseline -0.001 -17"><span class='ocrx_word' id='word_1_193' title='bbox 142 2341 311 2414; x_wconf 90' lang='grc' dir='ltr'><strong><em>λόγον</em></strong></span> <span class='ocrx_word' id='word_1_194' title='bbox 351 2345 446 2398; x_wconf 88' lang='grc' dir='ltr'><strong><em>καὶ</em></strong></span> <span class='ocrx_word' id='word_1_195' title='bbox 492 2342 558 2409; x_wconf 75' lang='grc' dir='ltr'><strong><em>ἃς</em></strong></span> <span class='ocrx_word' id='word_1_196' title='bbox 597 2341 909 2416; x_wconf 80' lang='grc' dir='ltr'><strong><em>ὑπέμειναν</em></strong></span> <span class='ocrx_word' id='word_1_197' title='bbox 958 2349 1142 2409; x_wconf 89' lang='grc' dir='ltr'><strong><em>αἰκίας</em></strong></span> <span class='ocrx_word' id='word_1_198' title='bbox 1193 2345 1286 2399; x_wconf 85' lang='grc' dir='ltr'><strong><em>καὶ</em></strong></span> <span class='ocrx_word' id='word_1_199' title='bbox 1337 2342 1653 2415; x_wconf 81' lang='grc' dir='ltr'><strong><em>ἀλγηδόνας</em></strong></span> <span class='ocrx_word' id='word_1_200' title='bbox 1706 2345 1764 2398; x_wconf 77' lang='grc' dir='ltr'><strong><em>οἱ</em></strong></span> 
     </span>
     <span class='ocr_line' id='line_1_28' title="bbox 142 2424 1759 2502; baseline -0.002 -18"><span class='ocrx_word' id='word_1_201' title='bbox 142 2427 283 2484; x_wconf 73' lang='grc' dir='ltr'><strong><em>κατὰ</em></strong></span> <span class='ocrx_word' id='word_1_202' title='bbox 340 2432 596 2499; x_wconf 84' lang='grc' dir='ltr'><strong><em>Θηβαΐδα</em></strong></span> <span class='ocrx_word' id='word_1_203' title='bbox 648 2427 957 2502; x_wconf 88' lang='grc' dir='ltr'><strong><em>μάρτυρες,</em></strong></span> <span class='ocrx_word' id='word_1_204' title='bbox 1019 2425 1310 2501; x_wconf 86' lang='grc' dir='ltr'><strong><em>ὀστράκοις</em></strong></span> <span class='ocrx_word' id='word_1_205' title='bbox 1364 2424 1490 2484; x_wconf 81' lang='grc' dir='ltr'><strong><em>ἀντὶ</em></strong></span> <span class='ocrx_word' id='word_1_206' title='bbox 1538 2425 1759 2498; x_wconf 83' lang='grc' dir='ltr'><strong><em>ὀνύχων</em></strong></span> 
     </span>
     <span class='ocr_line' id='line_1_29' title="bbox 142 2509 1757 2585; baseline -0.002 -16"><span class='ocrx_word' id='word_1_207' title='bbox 142 2512 277 2569; x_wconf 78' lang='grc' dir='ltr'><strong><em>ὅλον</em></strong></span> <span class='ocrx_word' id='word_1_208' title='bbox 307 2510 370 2567; x_wconf 88' lang='grc' dir='ltr'>τὸ</span> <span class='ocrx_word' id='word_1_209' title='bbox 405 2517 563 2584; x_wconf 81' lang='grc' dir='ltr'><strong><em>σῶμα</em></strong></span> <span class='ocrx_word' id='word_1_210' title='bbox 595 2513 782 2585; x_wconf 86' lang='grc' dir='ltr'><strong><em>μέχρις</em></strong></span> <span class='ocrx_word' id='word_1_211' title='bbox 823 2509 1151 2584; x_wconf 71' lang='grc' dir='ltr'><strong><em>ἀπαλλαγῆς</em></strong></span> <span class='ocrx_word' id='word_1_212' title='bbox 1191 2518 1293 2568; x_wconf 86' lang='grc' dir='ltr'><strong><em>τοῦ</em></strong></span> <span class='ocrx_word' id='word_1_213' title='bbox 1339 2517 1467 2584; x_wconf 89' lang='grc' dir='ltr'><strong><em>βίου</em></strong></span> <span class='ocrx_word' id='word_1_214' title='bbox 1500 2513 1757 2578; x_wconf 82' lang='grc' dir='ltr'><strong><em>καταξαι-</em></strong></span> 
     </span>
     <span class='ocr_line' id='line_1_30' title="bbox 143 2594 1757 2669; baseline -0.003 -15"><span class='ocrx_word' id='word_1_215' title='bbox 143 2597 399 2669; x_wconf 87' lang='grc' dir='ltr'><strong><em>νόμενοι,</em></strong></span> <span class='ocrx_word' id='word_1_216' title='bbox 440 2596 648 2667; x_wconf 77' lang='grc' dir='ltr'><strong><em>γύναιά</em></strong></span> <span class='ocrx_word' id='word_1_217' title='bbox 677 2619 736 2653; x_wconf 90' lang='grc' dir='ltr'><strong><em>τε</em></strong></span> <span class='ocrx_word' id='word_1_218' title='bbox 765 2609 888 2654; x_wconf 86' lang='grc' dir='ltr'><strong><em>τοῖν</em></strong></span> <span class='ocrx_word' id='word_1_219' title='bbox 918 2601 1119 2653; x_wconf 80' lang='grc' dir='ltr'><strong><em>ποδοῖν</em></strong></span> <span class='ocrx_word' id='word_1_220' title='bbox 1153 2598 1207 2663; x_wconf 81' lang='grc' dir='ltr'><strong><em>ἐξ</em></strong></span> <span class='ocrx_word' id='word_1_221' title='bbox 1243 2595 1369 2663; x_wconf 79' lang='grc' dir='ltr'><strong><em>ἑνὸς</em></strong></span> <span class='ocrx_word' id='word_1_222' title='bbox 1399 2594 1757 2668; x_wconf 83' lang='grc' dir='ltr'><strong><em>άποδεσμού-</em></strong></span> 
     </span>
     <span class='ocr_line' id='line_1_31' title="bbox 142 2680 1822 2755; baseline -0.003 -18"><span class='ocrx_word' id='word_1_223' title='bbox 142 2704 317 2753; x_wconf 87' lang='grc' dir='ltr'><strong><em>μενα,</em></strong></span> <span class='ocrx_word' id='word_1_224' title='bbox 360 2681 607 2755; x_wconf 88' lang='grc' dir='ltr'><strong><em>μετέωρά</em></strong></span> <span class='ocrx_word' id='word_1_225' title='bbox 644 2704 703 2738; x_wconf 91' lang='grc' dir='ltr'><strong><em>τε</em></strong></span> <span class='ocrx_word' id='word_1_226' title='bbox 743 2683 837 2737; x_wconf 83' lang='grc' dir='ltr'><strong><em>καὶ</em></strong></span> <span class='ocrx_word' id='word_1_227' title='bbox 881 2682 1101 2755; x_wconf 89' lang='grc' dir='ltr'><strong><em>διαέρια</em></strong></span> <span class='ocrx_word' id='word_1_228' title='bbox 1141 2680 1289 2738; x_wconf 89' lang='grc' dir='ltr'><strong><em>κάτω</em></strong></span> <span class='ocrx_word' id='word_1_229' title='bbox 1329 2680 1580 2754; x_wconf 81' lang='grc' dir='ltr'><strong><em>κεφαλὴν</em></strong></span> <span class='ocrx_word' id='word_1_230' title='bbox 1610 2701 1755 2750; x_wconf 87' lang='grc' dir='ltr'><strong><em>μαγ-</em></strong></span> <span class='ocrx_word' id='word_1_231' title='bbox 1780 2696 1822 2728; x_wconf 85' lang='lat'><strong><em>30</em></strong></span> 
     </span>
     <span class='ocr_line' id='line_1_32' title="bbox 147 2762 1757 2839; baseline -0.002 -18"><span class='ocrx_word' id='word_1_232' title='bbox 147 2765 338 2836; x_wconf 85' lang='grc' dir='ltr'><strong><em>γάνοις</em></strong></span> <span class='ocrx_word' id='word_1_233' title='bbox 368 2767 515 2822; x_wconf 86' lang='grc' dir='ltr'><strong><em>τισὶν</em></strong></span> <span class='ocrx_word' id='word_1_234' title='bbox 547 2771 631 2832; x_wconf 81' lang='grc' dir='ltr'><strong><em>εἰς,</em></strong></span> <span class='ocrx_word' id='word_1_235' title='bbox 659 2762 804 2833; x_wconf 76' lang='grc' dir='ltr'><strong><em>ὕψος</em></strong></span> <span class='ocrx_word' id='word_1_236' title='bbox 835 2763 1211 2839; x_wconf 83' lang='grc' dir='ltr'><strong><em>ἄνελκόμενα,</em></strong></span> <span class='ocrx_word' id='word_1_237' title='bbox 1253 2778 1492 2838; x_wconf 89' lang='grc' dir='ltr'><strong><em>γυμνοῖς</em></strong></span> <span class='ocrx_word' id='word_1_238' title='bbox 1523 2786 1581 2819; x_wconf 92' lang='grc' dir='ltr'><strong><em>τε</em></strong></span> <span class='ocrx_word' id='word_1_239' title='bbox 1610 2782 1757 2818; x_wconf 87' lang='grc' dir='ltr'><strong><em>παν-</em></strong></span> 
     </span>
     <span class='ocr_line' id='line_1_33' title="bbox 147 2847 1759 2924; baseline -0.002 -19"><span class='ocrx_word' id='word_1_240' title='bbox 147 2855 319 2917; x_wconf 81' lang='grc' dir='ltr'><strong><em>τελῶς</em></strong></span> <span class='ocrx_word' id='word_1_241' title='bbox 349 2852 443 2907; x_wconf 83' lang='grc' dir='ltr'><strong><em>καὶ</em></strong></span> <span class='ocrx_word' id='word_1_242' title='bbox 472 2849 607 2923; x_wconf 80' lang='grc' dir='ltr'><strong><em>μηδ’</em></strong></span> <span class='ocrx_word' id='word_1_243' title='bbox 643 2853 1166 2924; x_wconf 84' lang='grc' dir='ltr'><strong><em>ἐπικεκαλυμμένοις</em></strong></span> <span class='ocrx_word' id='word_1_244' title='bbox 1210 2864 1326 2915; x_wconf 87' lang='grc' dir='ltr'><strong><em>τοῖς</em></strong></span> <span class='ocrx_word' id='word_1_245' title='bbox 1369 2850 1580 2920; x_wconf 78' lang='grc' dir='ltr'><strong><em>σώμασι</em></strong></span> <span class='ocrx_word' id='word_1_246' title='bbox 1611 2847 1759 2902; x_wconf 83' lang='grc' dir='ltr'><strong><em>θέαν</em></strong></span> 
     </span>
    </p>
   </div>
  </div>
 </body>
</html>
