2032 3174
85 2159 347 2218 τεἐπέλιπε
370 2160 429 2218 τὸ
459 2164 655 2233 φῦλον.

559 109 717 150 HIST.
748 107 1003 150 ECCLES.
1038 108 1074 150 I.
1109 109 1175 146 11.
1212 108 1279 148 12.
1648 104 1714 156 37

100 223 229 290 “ε’πὶ
259 234 521 283 πλεῖστον
550 229 616 298 τῇ
648 222 907 297 ἀκροάσει
930 226 1042 280 τῶν
1066 221 1302 295 λόγων),
1338 226 1523 288 δείσας
1540 218 1719 295 Ἡρώ-

100 308 239 384 “δης
269 310 330 367 τὸ
362 312 451 367 ἐπὶ
482 308 712 366 τοσόνδε
742 305 987 365 πιθανὸν
1019 305 1191 364 αὐτοῦ
1222 320 1335 372 τοῖς
1375 302 1715 379 ἀνθρώποις,

98 391 209 468 (εμὴ
242 397 327 451 ἐπὶ
360 387 660 452 ἀποστάσει
704 396 813 449 τινὶ
861 396 1053 464 φέροι,
1089 389 1292 464 (πάντα
1335 389 1440 464 γὰρ
1474 388 1718 466 ἐῴκεσαν

98 476 429 553 “συμβουλῇ
471 484 537 550 τῇ
585 481 801 535 ἐκείνου
856 475 1212 549 πράξοντες),
1270 473 1412 531 πολὺ
1466 487 1718 549 κρεῖττον

98 562 371 636 “ἡγεϊται,
404 571 539 638 πρίν
568 587 619 619 τι
649 560 920 633 νεώτερον
950 557 1045 616 ἀπ’
1076 557 1246 616 αὐτοῦ
1271 562 1554 631 γενέσθαι,
1586 580 1717 632 προ-
1741 581 1761 614 5

98 644 322 719 “λαβων
362 645 641 719 ἀναιρεῖν,
684 640 718 716 ἢ
762 647 1070 717 μεταβολῆς
1115 646 1414 716 γενομένης
1462 649 1538 708 εἰς
1583 641 1720 717 προί-

96 728 311 804 “γματα
359 727 611 804 ἐμπεσών
654 743 957 802 μετανοεῖν.
1034 730 1126 784 καὶ
1170 726 1198 783 ὁ
1245 728 1346 799 μὲν
1391 725 1605 803 ὑποψίᾳ
1654 730 1719 801 τῇ

95 812 386 887 ““Ηρω’δου
414 816 631 919 δέσμιος
658 819 736 880 είς
758 811 855 869 τὸν
879 817 1283 913 Μαχαιροῦντα
1313 813 1620 884 πεμφθεὶς,
1661 811 1721 867 τὸ

113 898 536 1008 “προειρημένον
564 899 864 972 φρούριον,
896 895 1066 970 ταύτῃ
1097 902 1396 953 κτίννυται.
1423 893 1521 952 ’.7
1549 900 1722 952 ταῦτα

85 986 227 1056 ,περὶ
267 986 366 1040 τοῦ
390 981 651 1040 Ἰωαννου
699 980 946 1038 διελθων
991 983 1083 1037 καὶ
1128 984 1224 1038 τοῦ
1270 982 1513 1053 σωτῆρος
1559 1003 1716 1053 ημων
1739 1003 1778 1035 10

102 1091 238 1124 κατα
271 1066 374 1141 την
405 1065 581 1139 αὐτὴν
611 1070 708 1123 τοῦ
740 1084 1164 1139 συγγραμματος
1190 1069 1439 1138 ιστοριάν
1464 1064 1579 1120 ωδέ
1604 1087 1721 1130 πως

94 1155 371 1254 μέμνηται
412 1152 647 1223 γίνεται
674 1152 734 1207 δε
758 1175 894 1207 κατα
925 1153 1124 1207 τοῦτον
1147 1147 1245 1206 τὸν
1263 1147 1464 1223 χρόνον
1490 1144 1721 1250 Ἰησοῦς,

111 1234 304 1309 σοφὸς
336 1234 510 1310 ἀνὴρ,
546 1245 688 1307 εἴγε
718 1233 900 1307 ἄνδρα
932 1231 1103 1293 αὐτὸν
1133 1237 1315 1306 λέγειν
1345 1231 1464 1306 χρή.
1523 1233 1592 1305 ἠν
1615 1257 1721 1305 γαρ

93 1315 465 1422 ἕπαραδόξων
506 1325 685 1392 ἔργων
729 1317 990 1391 ποιητὴς,
1038 1316 1374 1384 διδασκαλος
1399 1311 1723 1423 ανθρώπων

93 1402 248 1460 “των
281 1400 458 1477 ἡδονῇ
486 1402 701 1475 τάληθῆ
735 1405 1067 1476 δεχομένων,
1099 1405 1190 1459 καὶ
1210 1400 1449 1468 πολλους
1479 1402 1581 1474 μὲν
1611 1406 1723 1458 τῶν
1745 1423 1787 1456 15

97 1483 448 1559 “Ἰουδαιων,
482 1486 719 1552 πολλοὺς
754 1488 813 1543 δε
845 1489 935 1543 καὶ
968 1484 1074 1543 απὸ
1119 1489 1219 1543 τοῦ
1242 1482 1566 1558 Ἑλληνικοῦ
1596 1488 1724 1558 ἐπη-

93 1570 348 1672 ἱζγαγετο.
413 1576 458 1628 8
494 1570 522 1628 ὁ
555 1569 789 1643 Χριστος
820 1564 977 1637 οὗτος
1009 1563 1093 1642 ἧν.
1166 1595 1258 1626 και
1290 1566 1460 1627 αὐτὸν
1494 1572 1724 1637 ἐνδείξει

94 1651 243 1713 “τῶν
274 1654 513 1727 πρώτων
555 1652 782 1727 ανδρων
821 1654 955 1728 παρ’
990 1651 1123 1726 ἡμῖν
1155 1657 1378 1730 σταυρῷ
1420 1658 1723 1727 ἐπιτετιμη-

43 1770 47 1771 ’
95 1736 291 1806 εκότος
322 1738 601 1810 Πιλαΐθυ,
648 1763 752 1796 Ουκ
796 1737 1108 1795 &navefavto
1152 1743 1208 1795 015
1243 1762 1303 1794 TO
1336 1744 1556 1811 πρῶτΟΊ]
1586 1762 1725 1810 αγα-

128 1822 418 1896 πήσαντες.
492 1822 671 1896 ἐφανη
711 1821 816 1897 γὰρ
860 1823 1046 1889 αὐτοῖς
1087 1830 1279 1896 τρίτην
1322 1846 1464 1895 εχων
1503 1822 1716 1896 ἡμέραν
1738 1843 1779 1877 20

128 1907 297 1965 παλιν
329 1912 453 1980 ζῶν,
483 1914 596 1965 τῶν
626 1915 805 1965 θείων
827 1930 1132 1982 προφητων
1163 1904 1337 1971 ταῦτά
1369 1931 1426 1965 τε
1457 1909 1548 1963 καὶ
1581 1905 1722 1964 αλλα

123 2001 295 2066 μυρία
334 1995 459 2066 περὶ
501 1991 672 2049 αὐτοῦ
711 1990 999 2065 θαυμασια
1042 1990 1375 2066 εἰρηκότων.
1453 1993 1616 2049 εἰσέτι
1661 2014 1720 2048 τε

127 2080 234 2133 νῦν
275 2102 386 2134 των
417 2082 771 2150 Χριστιανων
811 2075 918 2133 ἀπὸ
959 2079 1124 2134 τοῦδε
1166 2077 1577 2149 ὠνομασμένων
1617 2073 1720 2132 οὐκ

663 2159 694 2180 ”
752 2165 801 2218 9.
834 2164 1007 2218 ταῦτα
1030 2165 1128 2218 τοῦ
1155 2163 1208 2228 ἐξ
1234 2160 1420 2218 αὐτῶν
1443 2156 1717 2236 Ἑβραίων

102 2249 471 2319 συγγραφέως
514 2244 794 2303 ανέκαθεν
824 2271 890 2320 τη
922 2249 1122 2303 εαυτοῦ
1153 2250 1341 2320 γραφῇ
1371 2252 1507 2318 περί
1532 2269 1590 2302 τε
1621 2247 1718 2302 τοῦ
1742 2264 1784 2297 25

100 2333 410 2399 βαπτιστοῦ
434 2328 700 2387 Ἰωάννου
745 2332 838 2387 καὶ
877 2333 978 2387 τοῦ
1008 2335 1250 2402 σωτῆρος
1291 2354 1448 2403 ημων
1479 2334 1726 2403 παραδε-

102 2411 374 2485 δωκότος,
419 2421 501 2479 τίς
546 2411 618 2471 ἂν
650 2420 728 2471 ἔτι
760 2420 1002 2472 λείποιτο
1033 2413 1296 2487 ἀποφυγὴ
1335 2418 1433 2471 τοῦ
1464 2412 1538 2487 μὴ
1570 2437 1724 2469 αναι-

100 2494 378 2569 σχύντονς
422 2496 827 2571 ἀπελέγχεσθαι
868 2523 996 2565 τοις
1037 2497 1102 2555 τὰ
1143 2496 1266 2556 κατ’
1302 2523 1488 2556 αυτων
1518 2505 1725 2555 πλασα-

99 2583 302 2653 μένους
335 2577 732 2655 ὖπομνήματα;
764 2580 902 2639 ἄλλα
932 2586 1104 2640 ταῦτα
1134 2584 1236 2656 μὲν
1270 2586 1434 2656 ἐχέτω
1467 2581 1654 2655 ταύτῃ.

219 2676 320 2724 XII.
365 2675 491 2742 [Nic.
521 2677 578 2725 H.
609 2677 662 2726 E.
691 2676 726 2733 I,
754 2675 838 2726 21.
866 2675 977 2743 22]
1049 2670 1172 2725 Τῶν
1214 2690 1277 2740 γε
1320 2665 1433 2740 μὴν
1478 2670 1578 2723 τοῦ
1611 2683 1715 2721 σω·
1740 2686 1783 2718 30

88 1822 120 1842 r?

89 1906 119 1926 (C

87 1988 142 2009 (C

88 2072 119 2094 Μ’

205 2859 256 2897 12
287 2859 338 2899 A.
361 2859 396 2898 Ι.
421 2858 589 2910 XVIII,
613 2861 652 2910 3,
675 2862 716 2904 3.
770 2858 900 2900 Conf.
925 2861 1032 2900 Eus.
1058 2861 1188 2902 Dem.
1212 2860 1390 2912 Evang.
1413 2861 1450 2905 3,
1484 2861 1522 2898 3.
1547 2871 1589 2910 p.
1615 2858 1707 2896 124.
