2032 3174
518 120 676 162 HIST.
707 118 960 160 ECCLES.
991 118 1076 160 111.
1108 119 1177 159 25.
1211 120 1279 161 26.
1568 116 1665 167 117

62 236 238 294 άννου
269 239 360 293 καὶ
389 239 502 292 τῶν
532 235 717 292 ἄλλων
747 232 1068 292 ἀποστόλων
1098 233 1349 307 πράξεις,
1392 226 1471 290 ὦν
1501 230 1670 291 οὐδὲν

61 317 315 394 οὐδαμῶς
348 323 408 378 ἐν
438 319 825 393 συγγράμματι
854 322 967 376 τῶν
998 317 1134 375 κατὰ
1163 317 1258 384 τὰς
1292 316 1551 391 διαδοχὰς
1585 320 1669 375 ἐκ·

60 408 466 478 κλησιαστικῶν
505 429 586 471 τις
617 403 759 476 ἀνὴρ
793 409 870 470 εἰς
899 401 1123 476 μνήμην
1153 401 1384 475 ἀγαγεῖν
1413 399 1667 475 ἠξίωσεν.

63 494 108 547 7.
142 488 330 563 πόρρω
365 493 428 546 δέ
457 511 566 546 που
597 491 687 545 καὶ
719 485 748 545 ὁ
779 492 874 560 τῆς
905 487 1161 560 φράσεως
1192 487 1340 559 παρὰ
1363 485 1422 543 τὸ
1446 478 1586 560 ἦθος
1609 484 1669 543 τὸ

61 570 427 631 ἄποστολικὸν
459 571 772 630 ἐναλλάττει
802 570 1098 645 χαρακτὴρ,
1130 570 1164 644 ἦ
1196 595 1253 629 τε
1284 568 1476 644 γνώμη
1508 573 1599 627 καὶ
1632 569 1711 643 ἡό

60 662 173 715 τῶν
206 661 265 715 έν
295 655 483 723 αὐτοῖς
513 659 840 730 φερομένων
870 662 1215 729 προαίρεσις,
1250 664 1509 712 πλεῖστον
1538 653 1672 712 ὅσον

60 745 155 814 τῆς
186 741 432 814 ἀληθοῦς
462 738 789 814 ὁρθοδοξίας
819 737 1134 815 οἷπᾴδουσα,
1166 738 1250 796 ὅτι
1284 738 1350 812 δὴ
1376 742 1672 812 αἰρετικῶν

61 824 288 898 ἀνδρῶν
328 823 730 896 ἀναπλάσματα
768 822 1030 897 τυγχάνει
1081 826 1270 896 σαφῶς
1311 830 1670 897 παρίστησιν·

59 907 198 967 ὅθεν
248 905 375 966 οὐδ’
433 911 493 966 έν
542 908 735 975 νόθοις
787 907 926 965 αὐτοὶ
979 909 1378 978 κατατακτέον,
1431 906 1551 963 ἀλλ’
1600 904 1673 973 ὡς

60 991 236 1050 ἄτοπα
288 991 467 1066 πάντη
519 995 610 1049 καὶ
655 998 902 1065 δυσσεβῆ
944 995 1324 1065 παραιτητέον.
1391 1001 1561 1065 ἴωμεν
1604 990 1672 1064 δὴ
1699 1013 1737 1044 10

62 1075 258 1135 λοιπὸν
287 1080 380 1134 καὶ
413 1080 500 1134 ἐπὶ
529 1075 632 1150 τὴν
663 1079 787 1149 ἑξῆς
820 1082 1081 1149 ἱστορίαν.

199 1173 366 1222 XXV1.
419 1172 546 1238 [Nic.
575 1173 632 1221 H.
661 1174 715 1222 E.
745 1173 834 1230 111,
854 1170 973 1261 .-42‘]
1063 1167 1296 1234 Σίμωνα
1346 1161 1443 1218 τὸν
1496 1158 1676 1233 μα’γον

60 1247 394 1317 Μένανδρος
428 1244 819 1319 διαδεξαμενος
850 1243 1023 1302 όπλον
1054 1244 1344 1317 δεύτερον,
1388 1269 1455 1301 ου
1489 1258 1675 1318 χεῖρον

62 1335 160 1388 τοῦ
191 1333 493 1403 προτέρου,
534 1333 630 1401 τῆς
673 1333 991 1403 διαβολικῆς
1025 1333 1303 1402 ἐνεργείας
1335 1326 1674 1386 αποδείκνυ-

62 1439 152 1471 ται
182 1412 279 1471 τὸν
308 1412 537 1487 τρόπον
581 1406 652 1486 ἦν
691 1416 782 1471 καὶ
822 1418 982 1481 οὗτος
1012 1412 1337 1487 Σαμαρευς,
1380 1419 1457 1479 εἰς
1496 1438 1670 1486 ακρον
1696 1433 1737 1466 15

65 1499 127 1555 δε
156 1505 408 1572 γοητείας
448 1496 551 1555 οὐκ
592 1504 816 1556 ἔλαττον
856 1502 952 1556 τοῦ
996 1497 1336 1555 διδασκαλου
1378 1495 1675 1572 προελθων

61 1590 304 1656 μείζοσιν
346 1581 795 1649 ἐπιδαψιλεύεται
847 1590 1279 1655 τερατολογίαις,
1334 1580 1533 1639 ἑαυτὸν
1572 1583 1675 1655 μὲν

65 1662 138 1734 ὥς
167 1665 277 1741 ἄρα
309 1675 423 1739 εἰή,
456 1670 652 1739 λέγων,
685 1666 713 1724 ὁ
745 1666 957 1741 σωτὴρ,
992 1670 1081 1724 ἐπὶ
1111 1670 1181 1740 τῇ
1209 1671 1322 1724 τῶν
1352 1663 1675 1739 ἀνθρώπων

31 1763 35 1766 ’
63 1748 287 1809 ἄνωθέν
317 1761 496 1808 ποθεν
530 1755 582 1819 ἐξ
614 1749 865 1826 ἀοράτων
890 1751 1112 1808 αἰώνων
1136 1749 1543 1823 ἀπεσταλμένος
1568 1770 1672 1806 σω-

65 1841 253 1911 τηρίᾳ,
295 1841 344 1893 2.
381 1834 663 1893 διδάσκων
706 1836 767 1892 δὲ
796 1836 870 1909 μὴ
902 1834 1078 1902 ἄλλως
1111 1834 1397 1893 δύνασθαί
1421 1859 1546 1892 τινα
1577 1836 1668 1891 καὶ
1694 1860 1737 1891 20

65 1917 251 1977 αὐτῶν
279 1923 393 1978 τῶν
423 1926 770 1994 κοσμοποιῶν
799 1918 1050 1992 ἀγγέλων
1081 1918 1568 1993 περιγενήσεσθαι,
1601 1918 1674 1992 μὴ

64 2003 332 2078 πρότερον
364 2004 456 2061 διὰ
485 2009 580 2077 τῆς
611 2003 746 2079 πρὸς
778 2004 950 2062 αὐτοῦ
973 2008 1418 2079 παραδιδομένης
1442 2009 1676 2077 μαγικῆς

67 2090 348 2162 ἐμπειρίας
378 2088 648 2162 ἀχθέντα,
691 2092 783 2146 καὶ
817 2087 909 2146 διὰ
938 2095 1038 2146 τοῦ
1070 2091 1508 2162 μεταδιδομένου
1540 2086 1676 2162 πρὸς

67 2169 238 2231 αὐτοῦ
280 2179 679 2246 βαπτίσματος,
721 2165 790 2230 οὗ
830 2172 959 2240 τούς
991 2176 1430 2247 κατηξιωμένους
1462 2171 1676 2230 ἀθανα-

65 2263 192 2314 σίαν
221 2254 406 2315 ἀίδιον
438 2261 497 2315 ἐν
529 2255 678 2316 αὐτω
710 2257 887 2315 τούτω
918 2262 1175 2331 μεθέξειν
1205 2264 1280 2335 τῷ
1313 2265 1448 2334 βίῳ,
1480 2260 1672 2331 μηκέτι
1697 2280 1738 2313 25

64 2339 431 2414 θνήσκοντας,
463 2341 635 2399 αυτοῦ
667 2343 728 2399 δε
758 2344 1197 2417 παραμένοντας,
1231 2349 1308 2409 εἰς
1338 2341 1398 2399 τὸ
1430 2341 1518 2398 ἀεὶ
1541 2339 1674 2413 αγή-

67 2448 176 2497 ρως
206 2448 359 2491 τινας
390 2427 481 2481 καὶ
512 2423 829 2493 αθανατους
863 2429 1172 2500 ἐσομένους.
1235 2432 1407 2484 ταῦτα
1437 2451 1540 2500 μεν
1570 2450 1674 2482 ουν

67 2511 158 2564 καὶ
203 2512 262 2565 ἐκ
300 2533 413 2565 των
454 2515 763 2583 Εἰρηναίου
805 2517 1111 2583 διαγνωναι
1153 2509 1364 2587 ρᾳδιον.
1427 2515 1475 2568 3.
1522 2512 1613 2567 καὶ
1646 2508 1675 2565 ὁ

61 2587 354 2659 Ἰουστῐνος
397 2593 457 2649 δὲ
495 2593 632 2651 κατὰ
670 2593 730 2651 τὸ
775 2594 909 2653 αὐτὸ
938 2602 1037 2652 τοῦ
1068 2602 1327 2669 Σίμωνος
1358 2592 1676 2668 μνημονεύ-

67 2693 167 2742 σας
206 2679 299 2734 καὶ
336 2678 439 2750 τὴν
481 2680 609 2750 περὶ
649 2677 850 2736 τούτου
881 2678 1140 2753 διήγησιν
1173 2681 1447 2754 ἐπιφέρει,
1493 2681 1671 2750 λέγων
1695 2699 1736 2730 3ο

179 2870 234 2909 28
263 2870 378 2910 Iren.
405 2872 442 2921 1,
466 2873 535 2922 23,
569 2874 608 2912 5.
643 2885 682 2923 p.
710 2871 800 2912 100.
973 2875 1026 2914 29
1057 2873 1218 2913 lustin.
1240 2872 1369 2924 Apol.
1394 2873 1429 2911 Ι.
1452 2884 1488 2912 e.
1513 2873 1581 2910 26.
