1986 3152
562 103 720 145 HIST.
751 101 999 144 ECCLES.
1029 103 1156 144 VIII.
1190 104 1256 143 14.
1606 101 1709 153 373

104 222 327 286 ἔνδοξοί
363 241 422 275 τε
463 219 556 273 καὶ
599 217 815 286 ἄδοξοι,
858 212 1017 292 δεινῇ
1057 218 1455 292 κατετρύχοντο
1497 242 1708 293 τυραν-

107 307 235 360 νίδι.
297 303 390 358 καὶ
430 300 557 358 οὐδ’
590 300 952 375 ἠρεμούντων
994 303 1087 358 καὶ
1126 301 1230 375 τὴν
1260 302 1467 377 πικράν
1498 302 1704 376 φερόν-

105 410 216 443 των
256 390 552 457 δουλείαν,
608 384 904 458 ἀπαλλαγή
936 410 1015 452 τις
1056 386 1203 459 ὅμως
1246 390 1317 459 ήν
1347 393 1444 458 τῆς
1475 393 1576 444 τοῦ
1607 411 1709 444 τυ-

106 470 318 545 ράννου
343 470 602 542 φονώσης
628 468 929 543 ῶμότητος·
956 471 1046 527 ἐπὶ
1062 477 1263 546 σμικρᾷ
1287 476 1430 542 γοῦν
1446 471 1554 544 ἤδη
1578 472 1711 529 ποτὲ

106 555 382 627 προφάσει
439 552 538 611 τὸν
580 559 759 627 δῆμον
818 560 896 620 εἰς
946 555 1127 626 φόνον
1178 568 1294 622 τοῖς
1346 554 1484 628 ἀμφ’
1539 554 1711 613 αὐτὸν
1733 573 1753 606 5

103 639 440 711 δορυφόροις
468 641 727 694 ἐκδίδωσι
745 683 760 709 ,
792 640 884 694 καὶ
914 640 1181 695 ἐκτείνετο
1206 645 1382 712 μυρία
1403 644 1504 696 τοῦ
1530 639 1709 712 δήμου

95 722 376 795 Ῥωμαίων
405 722 595 794 πλήθη
629 723 717 778 ἐπὶ
746 724 916 794 μέσης
946 728 1043 794 τῆς
1074 723 1316 795 πόλεως,
1360 722 1428 780 οὐ
1461 729 1712 780 Σκυθῶν

103 806 237 863 οὐδὲ
269 806 600 879 βαρβάρων,
632 804 759 862 ἀλλ’
786 805 972 862 αὐτῶν
995 811 1107 862 τῶν
1138 812 1362 863 οἰκείων
1393 807 1589 880 δόρασι
1619 811 1713 864 καὶ

101 896 450 956 πανοπλίαις.
491 893 542 946 4.
575 895 958 961 συγκλητικῶν
987 913 1050 960 γε
1079 889 1191 962 μὴν
1213 890 1386 962 φόνος
1409 885 1611 956 ὁπόσος
1635 890 1709 947 δι’

104 973 408 1046 ἐπιβουλὴν
438 977 722 1047 ἐνηργεῖτο
746 980 841 1046 τῆς
866 972 1064 1040 οὐσίας
1089 972 1218 1031 οὐδ’
1234 974 1712 1048 ἐξαριθμήσασθαι
1738 994 1777 1025 10

102 1058 348 1115 δυνατὸν
379 1055 577 1114 ἄλλοτε
608 1057 799 1124 ἄλλαις
823 1060 1232 1131 πεπλασμέναις
1264 1064 1464 1125 αἰτίαις
1494 1065 1714 1131 μυρίων

44 1199 49 1201 ,
102 1142 543 1214 ἀναιρουμένων.
625 1149 673 1199 ἶ).
743 1144 776 1214 ἦ
827 1142 890 1199 δὲ
933 1147 1048 1199 τῶν
1091 1148 1282 1199 κακῶν
1332 1149 1410 1219 τῷ
1451 1143 1712 1220 τυράννῳ

102 1227 337 1299 κορωνὶς
383 1227 472 1283 ἐπὶ
525 1232 784 1298 γοητείαν
835 1225 1081 1298 ἤλαυνε,
1133 1240 1395 1300 μαγικαῐς
1449 1229 1713 1293 ἐπινοίαις

101 1311 222 1367 τοτὲ
252 1311 357 1383 μὲν
387 1323 658 1382 γυναῖκας
691 1309 1002 1384 ἐγκύμονας
1034 1307 1456 1384 ἀνασχίζοντος,
1499 1312 1620 1368 τοτὲ
1652 1312 1714 1368 δὲ

101 1400 352 1466 νεογνῶν
385 1395 675 1467 σπλάγχνα
704 1400 934 1468 βρεφῶν
966 1397 1438 1468 διερευνωμένου,
1482 1396 1711 1462 λέοντάς
1735 1414 1776 1447 15

101 1503 159 1536 τε
189 1479 694 1552 κατασφάττοντος,
735 1485 834 1535 καί
859 1503 1010 1546 τινας
1041 1478 1430 1553 ἀρρητοποιίας
1465 1481 1554 1536 ἐπὶ
1586 1485 1711 1536 δαι-

101 1564 293 1636 μόνων
325 1561 655 1636 προκλήσεις
694 1565 788 1620 καὶ
832 1561 1287 1638 ἀποτροπιασμόν
1327 1569 1431 1621 τοῦ
1465 1566 1711 1638 πολέμου

104 1650 541 1720 συνισταμένου
591 1647 681 1705 διὰ
725 1648 940 1705 τούτων
980 1672 1087 1722 γαρ
1129 1644 1284 1724 αύτῷ
1328 1673 1394 1705 τα
1424 1653 1521 1720 τῆς
1552 1655 1710 1720 νίκης

103 1733 644 1804 κατορθωθήσεσθαι
673 1731 706 1805 ἡ
739 1737 890 1789 πᾶσα
922 1733 1227 1806 ἐτύγχανεν
1251 1735 1421 1799 ἐλπίς.
1466 1737 1514 1789 6.
1547 1755 1711 1798 ουτος

103 1840 206 1887 μεν
238 1840 344 1873 ουν
377 1817 468 1873 ἐπὶ
492 1812 702 1890 Ῥῶμης
732 1821 1032 1890 τυραννῶν
1062 1813 1191 1874 ουδ’
1226 1822 1377 1874 ἔστιν
1409 1810 1590 1874 εἰπεῖν
1621 1813 1710 1874 οἶα
1734 1837 1776 1870 20

104 1905 256 1973 δρῶν
307 1923 438 1967 τους
491 1895 778 1973 υπηκόους
831 1906 1238 1958 κατεδουλοῦτο
1260 1946 1275 1972 ,
1340 1901 1412 1967 ῶς
1455 1901 1562 1973 ἤδη
1619 1902 1714 1957 καὶ

103 1990 218 2042 τῶν
248 1983 576 2056 ἀναγκαίων
607 1990 832 2058 τροφῶν
857 1989 916 2042 ἐν
942 1986 1144 2059 ἐσχάτῃ
1169 1985 1365 2042 σπάνει
1391 1986 1482 2041 καὶ
1507 1984 1716 2059 ἀπορία

106 2074 472 2142 καταστῆναι,
523 2069 664 2142 ὅσην
710 2070 802 2126 ἐπὶ
826 2064 1033 2142 Ῥῶμης
1076 2068 1206 2126 οὐδ’
1252 2068 1449 2126 ἄλλοτε
1489 2074 1548 2126 οἱ
1573 2068 1708 2125 καθ’

103 2152 244 2226 ἡμᾶς
275 2157 539 2225 γενέσθαι
560 2154 1025 2227 μνημονεύουσιν.
1084 2159 1127 2210 7.
1175 2150 1204 2211 ὁ
1231 2152 1290 2210 δ’
1319 2151 1404 2210 ἐπ’
1440 2153 1713 2226 ἀνατολῆς

104 2237 380 2310 τύραννος
413 2241 727 2311 Μαξιμῑνος
746 2283 760 2310 ,
805 2233 959 2295 ῶσάν
998 2237 1143 2311 πρός
1184 2236 1438 2311 ἀδελφὸν
1468 2237 1572 2310 τὴν
1603 2261 1705 2294 κα-
1732 2257 1777 2289 25

104 2330 234 2378 κίαν
264 2321 401 2396 πρὸς
439 2321 539 2378 τὸν
583 2324 672 2379 ἐπὶ
694 2321 903 2396 Ῥῶμης
948 2327 1143 2395 φιλίαν
1184 2322 1437 2395 κρύβδην
1468 2322 1710 2379 σπενδό-

105 2428 299 2477 μενος,
354 2406 443 2461 ἐπὶ
494 2413 758 2463 πλεῖστον
797 2407 1005 2479 χρόνον
1049 2407 1354 2464 λανθάνειν
1408 2406 1710 2479 ἐφρόντιζε,

106 2495 395 2562 φωραθείς
425 2489 504 2560 γε’
532 2513 614 2546 τοι
643 2489 882 2563 ὕστερον
921 2495 1087 2562 δίκην
1126 2496 1347 2548 τίννυσι
1387 2490 1490 2563 τὴν
1531 2489 1707 2558 ἀξίαν.

107 2579 154 2630 8.
202 2568 274 2646 ἦν
315 2574 377 2630 δὲ
407 2575 698 2647 θαυμάσαι
729 2573 880 2640 ὅπως
923 2577 1016 2631 καὶ
1047 2570 1210 2640 οὗτος
1240 2575 1308 2631 w}
1342 2579 1587 2646 συγγενῆ
1618 2575 1710 2630 καὶ

106 2656 354 2732 ἀδελφὰ,
394 2664 608 2730 μᾶλλον
648 2659 710 2715 δὲ
750 2664 944 2724 κακίας
983 2658 1049 2715 τά
1086 2664 1278 2732 πρῶτα
1318 2660 1411 2715 καὶ
1451 2658 1517 2715 τά
1550 2681 1702 2728 νικη-
1730 2676 1776 2708 30

107 2742 266 2815 τήρια
306 2747 404 2815 τῆς
444 2748 546 2800 τοῦ
587 2742 723 2799 κατὰ
758 2737 975 2816 Ῥῶμην
1012 2743 1296 2816 τυράννου
1338 2747 1708 2815 κακοτροπίας

108 2823 572 2900 ἀπενηνεγμένος.
620 2827 838 2900 γοήτων
855 2850 913 2884 τε
936 2826 1043 2902 γὰρ
1067 2828 1159 2884 καὶ
1187 2828 1385 2900 μάγων
1417 2830 1474 2883 οί
1499 2830 1709 2898 πρῶτοι
