1986 3152
261 118 364 171 334
933 117 1178 157 EUSEBH

252 230 380 289 “καὶ
430 231 715 304 Θεόδωρος
762 233 853 289 καὶ
896 237 1171 305 Μαλχίων
1220 235 1312 288 καὶ
1357 231 1621 304 Λούκιος,
1673 234 1766 290 καὶ
1810 237 1870 291 oc

253 312 472 373 “λοιποὶ
502 315 702 383 πάντες
733 320 789 372 οἱ
824 315 931 373 σὺν
964 312 1098 389 ἡμῖν
1136 321 1532 387 παροικοῦντες
1571 315 1667 385 τὰς
1699 316 1862 391 ἐγγύς

254 396 475 467 “πόλεις
521 403 613 457 καὶ
665 407 805 472 ἔθνη
869 404 1158 458 ἐπίσκοποι
1209 402 1301 458 καὶ
1353 399 1718 474 πρεσβύτεροι
1769 405 1863 459 καὶ

253 481 536 542 “διάκονοι
595 486 686 541 καὶ
746 489 807 541 αἱ
862 488 1146 558 ἐκκλησίαι
1203 490 1302 543 τοῦ
1360 489 1501 542 θεοῦ
1560 482 1862 560 ἀγαπητοῖς

217 565 554 641 5“οἰδελφοῐς
587 573 647 626 ἐν
678 574 853 644 κυρίῳ
884 566 1156 641 χαίρειν.”
1217 574 1264 626 3.
1307 567 1520 636 τούτοις
1550 568 1687 642 μετὰ
1724 577 1863 644 βρα-

259 656 354 725 χέα
388 656 702 725 ἐπιλέγουσι
731 655 903 711 ταῦτα
934 649 1367 727 ((ἐπεστέλλομεν
1401 654 1461 710 δὲ
1491 651 1601 726 ἅμα
1632 656 1725 711 καὶ
1755 676 1864 711 πα-

252 733 631 811 “ρεκαλοῦμεν
682 735 919 804 πολλούς
971 739 1064 795 καὶ
1115 742 1227 795 τῶν
1276 735 1494 812 μακρὰν
1547 737 1863 796 ἐπισκόπων

251 817 378 879 ((ἐπὶ
410 819 511 894 τὴν
551 828 860 895 θεραπείαν
899 825 995 895 τῆς
1036 821 1437 895 θανατηφόρου
1480 827 1860 895 διδασκαλίας,

251 901 476 979 “ὠ’σπερ
521 909 612 963 καὶ
658 905 961 964 Διονύσιον
1004 906 1101 963 τὸν
1147 909 1236 964 ἐπὶ
1282 910 1379 979 τῆς
1427 903 1860 982 Ἀλεξανδρείας,

195 1014 235 1045 10
269 985 381 1047 καὶ
426 990 825 1063 Φιρμιλλιανὸν
855 988 951 1048 τὸν
981 987 1087 1048 απὸ
1127 996 1224 1063 τῆς
1255 996 1687 1062 Καππαδοκίας,
1734 989 1861 1058 τούς

246 1072 608 1178 ζμακαρίτας,
644 1100 724 1132 ων
755 1071 784 1131 ὁ
816 1076 919 1148 μὲν
949 1077 1040 1132 καὶ
1067 1077 1379 1132 ἐπέστειλεν
1411 1081 1489 1141 εἰς
1518 1073 1619 1146 τὴν
1653 1071 1860 1133 Ἀντιό-

251 1154 469 1230 “χειαν,
520 1160 616 1216 τὸν
660 1157 905 1231 ἡγεμόνα
945 1163 1041 1230 τῆς
1081 1157 1292 1231 πλανης
1331 1157 1467 1215 ούδε
1507 1157 1861 1260 προσρήσεως

248 1240 552 1343 Ξῖᾶξιιόσας,
595 1241 729 1301 οὐδε
759 1241 894 1314 πρὸς
907 1241 1243 1350 πρόσωωπον
1255 1243 1471 1316 γραψας
1502 1241 1682 1317 αὐτῷ,
1723 1241 1862 1300 ἄλλα

248 1321 350 1399 ”τῇ
383 1333 641 1402 παροικία
672 1346 850 1400 πασῃ,
893 1327 956 1399 ἧς
991 1328 1080 1383 καὶ
1112 1326 1172 1383 τὸ
1212 1323 1558 1399 αντίγραφον
1594 1323 1861 1396 ὑπετάξα-

194 1433 233 1464 15
264 1408 411 1479 ‘'usv
453 1417 502 1468 4.
534 1407 563 1468 ὁ
597 1412 658 1468 δε
680 1410 1075 1484 Φιρμιλλιανὸς
1099 1413 1190 1468 καὶ
1224 1413 1310 1478 δὶς
1339 1409 1674 1484 ἀφικόμενος
1704 1414 1862 1469 κατέ-

250 1490 402 1571 “γνω
422 1497 524 1569 μὲν
544 1499 656 1554 τῶν
679 1492 779 1553 ὑπ’
806 1499 1022 1554 ἐκείνου
1045 1497 1582 1570 καινοτομουμένων,
1609 1491 1681 1563 ὦς
1703 1505 1863 1569 ἴσμεν

251 1575 379 1637 “nal
408 1586 799 1654 μαρτυροῦμεν
829 1584 887 1637 oc
912 1579 1383 1654 παραγενόμενοι,
1417 1582 1511 1637 καὶ
1541 1577 1694 1638 ἄλλοι
1723 1588 1860 1638 πολ-

250 1659 372 1721 “λοὶ
418 1672 742 1738 συνίσασιν,
797 1666 1267 1738 ἐπαγγειλαμένου
1315 1665 1377 1722 δὲ
1421 1662 1859 1738 μεταθήσεσθαι,

249 1744 585 1817 “πιστευ’σας
626 1752 716 1807 καὶ
768 1753 993 1816 ἐλπίσας
1034 1747 1171 1807 ἄνευ
1210 1748 1360 1816 τινὸς
1402 1750 1530 1823 περὶ
1569 1748 1668 1806 τὸν
1698 1756 1864 1821 λογον

192 1853 234 1885 20
266 1830 566 1907 λοιδορίας
606 1835 665 1891 τὸ
696 1837 918 1908 πρᾶγμα
952 1839 1028 1900 εἰς
1062 1835 1190 1891 δέον
1227 1832 1697 1905 καταστήσεσθαι,
1738 1830 1861 1891 ἆνε·

251 1913 508 1990 “βα’λετο,
539 1920 990 1993 παρακρουσθεὶς
1021 1913 1118 1975 υπ’
1149 1915 1322 1976 αὐτοῦ
1352 1920 1451 1976 τού
1481 1919 1572 1975 καὶ
1602 1917 1699 1975 τὸν
1722 1917 1861 1975 θεὸν

251 1998 382 2101 ἓτὸν
427 2006 630 2060 ἑαυτοῦ
676 2001 1053 2076 ἀρνουμένου,
1102 2005 1194 2060 καὶ
1238 2001 1340 2075 τὴν
1385 2008 1599 2073 πίστιν,
1652 1999 1725 2074 ἣν
1769 2003 1862 2059 καὶ

253 2080 454 2193 :abtim
485 2086 756 2158 πρότερον
787 2087 916 2159 εἶχε,
949 2086 1023 2159 μὴ
1055 2085 1416 2158 φυλάξαντος.
1485 2090 1533 2142 5.
1569 2092 1762 2158 ἔμελλε
1799 2085 1862 2142 δε

253 2164 382 2225 “mxl
405 2174 512 2227 νῦν
535 2167 563 2227 ὁ
593 2168 986 2243 Φιρμιλλιανὸς
1012 2176 1089 2236 εἰς
1113 2168 1448 2243 Ἀντιόχειαν
1473 2167 1862 2242 διαβήσεσθαι,

196 2271 237 2303 25
254 2249 384 2310 “ocal
431 2255 588 2327 μέχρι
633 2277 695 2326 γε
750 2257 983 2327 Ταρσῶν
1027 2254 1190 2326 ἡκεν,
1244 2277 1338 2311 ατε
1381 2257 1476 2326 τῆς
1519 2251 1864 2327 ἀρνησιθέου

253 2332 484 2405 “notulas
539 2334 712 2395 αὐτοῦ
763 2351 964 2411 πεῖραν
1003 2336 1267 2412 εἰληφώς·
1315 2337 1454 2394 ἄλλα
1499 2362 1604 2410 γαρ
1656 2337 1859 2411 μεταξυ

253 2417 758 2494 “συνεληλυθότων
788 2418 945 2495 ἡμῶν
976 2424 1068 2480 καὶ
1093 2420 1415 2480 καλούντων
1446 2424 1538 2479 καὶ
1559 2420 1862 2495 ἀναμενόν-

252 2501 418 2579 “των,
464 2503 618 2581 ἄχρις
650 2503 722 2563 ἂν
753 2511 912 2581 ἔλθῃ,
944 2509 1096 2573 τέλος
1121 2514 1245 2580 ἔσχε
1274 2510 1373 2564 τοῦ
1404 2504 1579 2579 βίου.”
1644 2511 1692 2564 6.
1726 2503 1859 2579 μεθ’

260 2594 417 2662 ἔτερα
456 2590 507 2648 δ’
545 2586 711 2656 αὖθις
745 2589 842 2648 τὸν
882 2597 1008 2662 βίον
1036 2594 1136 2649 τοῦ
1165 2587 1370 2662 αὐτοῦ,
1411 2595 1533 2659 οἵας
1563 2589 1863 2663 ἐτύγχανεν

195 2692 237 2724 30
260 2673 508 2748 ἀγωγῆς,
553 2675 963 2748 διαγραφουσιν
995 2679 1055 2733 ἐν
1085 2674 1298 2742 τούτοις
1321 2671 1500 2733 “ὅπου
1530 2697 1594 2747 γε
1622 2670 1864 2740 ἀποστὰς

251 2757 389 2817 “tofi
431 2758 662 2827 κανόνος
705 2763 794 2817 ἐπὶ
837 2765 1073 2831 κίβδηλα
1114 2761 1205 2817 καὶ
1247 2758 1395 2818 νόθα
1435 2757 1741 2832 διδάγματα
1770 2780 1863 2832 με-

253 2840 635 2917 “τελήλυθεν,
675 2843 844 2901 οὐδὲν
887 2849 974 2902 δεῖ
1017 2848 1114 2902 τοῦ
1158 2847 1258 2912 ἔξω
1300 2841 1460 2910 ὄντος
1503 2841 1598 2910 τὰς
1638 2841 1862 2916 πράξεις
