1986 3152
247 135 351 187 374
911 134 1158 176 EUSEBII

246 257 342 323 τῆς
374 249 636 305 ἀνωτάτω
668 245 802 322 παρ’
838 247 991 306 αὐτω
1033 255 1190 322 τιμῆς
1221 247 1482 321 ήξίωντο,
1530 254 1851 322 ψοφοδεοῦς

247 340 323 399 είς
354 333 421 390 τά
463 334 698 406 μάλιστα
738 334 831 389 καὶ
873 307 1446 406 δεισιδαιμονεστάτου
1478 339 1849 406 καθεστῶτος,

243 418 346 490 τήν
376 440 434 474 τε
465 418 592 490 περὶ
622 415 691 473 τά
723 422 930 474 εἴδωλα
960 419 1053 473 καὶ
1083 417 1216 484 τούς
1247 422 1516 490 δαίμονας
1550 419 1679 490 περὶ
1709 425 1851 475 πολ-

244 507 349 559 λοῦ
400 503 696 574 τιθεμένου
749 501 981 573 πλάνην.
1062 506 1340 575 μαντειῶν
1391 507 1534 572 γοῦν
1586 507 1717 574 δίχα
1759 504 1851 559 καὶ

201 609 221 642 5
243 591 507 660 χρησμῶν
537 583 669 643 οὐδε
699 586 885 687 μέχρις
915 585 1145 658 ὄνυχος,
1195 610 1269 652 ως
1311 592 1516 657 εἰπεῖν,
1559 591 1772 658 τολμάν
1803 610 1852 642 τι

239 683 419 727 κινεῖν
451 670 568 735 οἱός
598 693 655 726 τε
686 672 776 742 ἠν.
848 675 898 726 9.
960 664 1028 725 οὗ
1069 670 1231 777 χάριν
1273 693 1364 726 και
1409 675 1487 747 τῷ
1519 668 1653 727 καθ’
1687 665 1848 742 ἡμῶν

240 754 620 829 σφοδρότερον
650 752 683 826 ἢ
710 758 768 810 οἱ
794 753 1051 826 πρόσθεν
1075 755 1167 810 καὶ
1192 754 1537 828 πυκνότερον
1562 756 1850 811 ἐπετίθετο

238 844 497 915 διωγμῷ,
549 837 689 904 νεως
730 838 866 894 κατά
910 843 1098 894 πᾶσαν
1141 838 1303 895 πόλιν
1335 841 1598 910 ἐγείρειν,
1643 839 1736 894 καὶ
1780 838 1847 894 τά

236 922 442 996 χρόνου
474 922 633 995 μήκει
663 924 1029 996 καθῃρημένα
1060 924 1257 995 τεμένη
1293 922 1383 979 διά
1415 927 1666 994 σπουδῆς
1700 920 1843 978 ἀνα-

177 1030 216 1062 ιο
239 1013 511 1064 νεοῦσθαι
535 1006 911 1079 προστάττων,
943 1009 1123 1078 ἱερέας
1145 1030 1204 1063 τε
1228 1007 1479 1064 εἰδώλων
1502 1006 1640 1062 κατά
1666 1006 1849 1062 πάντα

233 1091 405 1148 τόπον
437 1092 528 1146 καὶ
558 1091 749 1147 πόλιν·
793 1092 886 1146 καὶ
928 1092 1017 1146 ε’πὶ
1058 1090 1273 1147 τούτων
1319 1091 1548 1162 ἑκάστης
1581 1093 1850 1162 ἐπαρχίας

235 1174 520 1248 ἀρχιερέα,
552 1179 665 1230 τῶν
698 1177 759 1231 ἐν
789 1180 1088 1239 πολιτείαις
1115 1177 1213 1231 ἕνα
1237 1176 1305 1245 γε’
1330 1197 1454 1231 τινα
1478 1173 1579 1230 τὸν
1608 1174 1845 1246 μάλιστα

237 1263 496 1331 ἐμφανῶς
540 1257 629 1315 διά
671 1258 850 1330 πάσης
895 1259 1255 1331 ἐμπρέψαντα
1287 1264 1666 1332 λειτουργίας,
1707 1257 1849 1330 μετά

235 1347 628 1414 στρατιωτικοῦ
689 1349 922 1415 στίφους
981 1345 1075 1398 καὶ
1133 1348 1478 1415 δορυφορίας
1539 1341 1843 1412 ἐκτάσσων,

176 1450 213 1482 15
237 1426 447 1499 ἀνέδην
490 1450 548 1483 τε
591 1432 727 1484 πᾶσι
769 1426 994 1498 γόησιν,
1050 1422 1202 1483 ὦσάν
1254 1423 1509 1498 εὐσεβέσι
1557 1428 1650 1482 καὶ
1692 1432 1847 1483 θεῶν

234 1512 623 1585 προσφιλέσιν,
664 1507 962 1583 ἡγεμονίας
995 1512 1086 1567 καὶ
1115 1509 1213 1578 τάς
1244 1517 1505 1584 μεγίστας
1537 1517 1843 1585 προνομίας

234 1597 607 1670 δωρούμενος.
693 1600 770 1651 10.
832 1598 890 1651 ἐκ
935 1595 1002 1668 δὴ
1047 1596 1262 1652 τούτων
1306 1594 1627 1668 ὁρμώμενος
1680 1595 1844 1651 πόλιν

234 1681 338 1754 μὲν
369 1678 436 1737 ου’
470 1687 605 1752 μίαν
647 1678 782 1736 οὐδὲ
813 1679 1035 1752 χώραν,
1089 1680 1222 1745 ὅλας
1271 1680 1333 1736 δὲ
1378 1679 1557 1752 ἄρδην
1597 1679 1696 1745 τάς
1737 1674 1845 1734 ὑπ’

235 1764 412 1821 αὐτὸν
444 1768 706 1838 ἐπαρχίας
748 1769 962 1838 χρυσοῦ
995 1765 1088 1820 καὶ
1129 1763 1384 1836 ἀργύρου
1416 1765 1510 1819 καὶ
1544 1763 1844 1836 χρημάτων

174 1873 215 1904 20
238 1848 545 1922 ἀμυθήτων
604 1848 985 1923 είσπράξεσιν,
1040 1849 1373 1921 ἐπισκήψεσί
1413 1870 1470 1904 τε
1514 1847 1848 1921 βαρυτάταις

238 1935 330 1989 καὶ
383 1933 581 1990 ἄλλοτε
634 1933 827 1998 ἄλλαις
879 1937 1197 1999 καταδίκαις
1247 1930 1382 2004 ἠνία
1420 1933 1513 1988 καὶ
1554 1937 1847 1998 κατεπίεζε.

239 2022 352 2074 τῶν
383 2041 446 2088 γε
477 2017 588 2090 μὴν
621 2016 883 2089 εὐπόρων
913 2016 1010 2083 τάς
1042 2020 1100 2073 ἐκ
1138 2016 1436 2089 προγόνων
1467 2021 1846 2087 περιποιηθείν

240 2119 339 2166 σας
391 2099 588 2166 οὐσίας
650 2100 1087 2173 ἀφαιρούμενος,
1147 2099 1423 2165 πλούτους
1475 2097 1699 2169 ἀθρόως
1757 2099 1849 2154 καὶ

241 2183 462 2257 σωρούς
493 2183 788 2257 χρημάτων
817 2197 933 2249 τοῖς
956 2182 1095 2256 ἀμφ’
1124 2182 1301 2240 αὐτὸν
1322 2182 1545 2250 κόλαξιν
1569 2186 1844 2254 ἐδωρεῖτο.

178 2290 219 2323 25
246 2274 325 2325 11.
359 2274 650 2339 παροινίας
674 2291 736 2338 γε
759 2266 871 2340 μὴν
897 2268 989 2323 καὶ
1012 2270 1189 2340 με’θης
1214 2273 1293 2334 είς
1329 2267 1604 2338 τοσαύτην
1636 2263 1848 2338 ἠνέχθη

239 2352 423 2427 φοράν
458 2351 529 2418 ὡς
563 2354 623 2408 ἐν
653 2364 769 2417 τοῖς
801 2350 987 2417 πότοις
1022 2351 1400 2424 παρακόπτειν
1437 2352 1530 2406 καὶ
1562 2356 1676 2407 τῶν
1707 2373 1847 2422 φρε-

241 2442 362 2493 νῶν
391 2439 856 2510 παρεξίστασθαι,
901 2436 1130 2492 τοιαῦτά
1167 2459 1225 2492 τε
1255 2435 1543 2508 μεθύοντα
1573 2434 1846 2506 προστάτ-

242 2544 356 2577 τειν
400 2517 489 2576 οἷα
537 2517 903 2591 ἀνανήψαντα
945 2518 1120 2577 αὐτὸν
1151 2525 1219 2594 τῇ
1252 2519 1524 2594 ὑστεραία
1568 2524 1647 2584 εἰς
1676 2517 1846 2591 μετά-

243 2612 411 2675 μελον
435 2604 618 2675 ἄγειν·
647 2604 953 2684 κραιπάλης
980 2604 1042 2660 δε
1068 2605 1161 2660 καὶ
1188 2602 1427 2670 ἀσωτιας
1454 2603 1654 2676 μηδενὶ
1677 2625 1847 2658 κατα-

181 2711 222 2744 30
247 2688 425 2745 λιπων
455 2687 807 2760 ὑπερβολὴν,
840 2694 1035 2754 κακίας
1067 2689 1402 2745 διδάσκαλον
1432 2700 1547 2752 τοῖς
1571 2684 1711 2759 ἀμφ’
1738 2683 1842 2742 αυ’-

242 2773 339 2830 τὸν
399 2773 638 2846 άρχουσί
685 2795 743 2828 τε
795 2773 886 2827 καὶ
946 2771 1272 2846 ἀρχομένοις
1334 2771 1529 2828 ἑαυτὸν
1587 2776 1846 2841 καθίστη,

242 2855 598 2930 θρύπτεσθαι
627 2856 731 2929 μὲν
759 2855 820 2912 τὸ
856 2856 1252 2930 στρατιωτικὸν
1292 2855 1380 2912 διά
1425 2855 1602 2926 πάσης
1631 2859 1848 2927 τρυφῆς

1935 355 1949 381 ἢ

1933 510 1961 671 'xxxx-³
1932 413 1961 501 kg-„az'
1959 399 1961 401 ,
1933 375 1960 388 ἶ

1943 756 1948 762 .
1936 679 1956 731 -νηξ
