1986 3152
306 123 404 175 176
997 121 1242 162 EUSEBII

1293 157 1311 180 Q

300 235 660 309 κατεφώρασε
690 234 926 306 πλάνην,
949 237 1051 291 καὶ
1081 232 1237 291 ἄλλοι
1271 235 1332 290 δὲ
1363 241 1615 307 πλείους,
1648 227 1728 294 ὦν
1758 235 1905 310 παρά

300 327 573 386 πλείστοις
613 322 725 376 τῶν
766 315 1027 391 ἀδελφῶν
1069 319 1234 375 εἰσέτι
1273 321 1382 375 νῦν
1421 324 1478 375 οἱ
1517 319 1676 376 πόνοι
1709 323 1904 394 διαφυ-

301 404 602 461 λάττονται.

426 498 590 547 XXVI.
637 494 760 565 [Nic.
790 497 847 545 H.
875 497 926 545 Ε.
959 497 1043 554 IV,
1078 495 1180 562 15]
1241 483 1358 543 Ἐπὶ
1388 489 1566 542 τῶνδε
1596 488 1688 543 καὶ
1724 495 1906 545 Μελι’-.
1954 455 1965 495 ζ

255 590 276 622 5
299 597 411 630 των
439 572 534 643 τῆς
568 573 626 627 ἐν
656 568 901 643 Σάρδεσι
933 576 1222 643 παροικίας
1255 572 1579 643 ἐπίσκοπος,
1618 567 1907 628 Ἀπολινά-

299 655 413 728 ριός
444 678 502 712 τε
531 658 626 728 τῆς
659 658 718 712 ἐν
742 651 1039 727 Ἱεραπόλει
1073 658 1388 728 διαπρεπῶς
1419 652 1687 727 ἤκμαζον,
1734 661 1791 712 οἳ
1816 657 1907 712 καὶ

297 744 373 817 τῷ
417 740 727 812 δηλωθέντι
768 736 904 795 κατὰ
945 736 1073 804 τούς
1112 736 1344 812 χρόνους
1366 737 1649 811 Ῥωμαίων
1691 744 1913 810 βασιλεῖ

297 823 495 896 λόγους
534 818 675 896 ὑπὲρ
714 826 809 895 τῆς
851 827 1086 888 πίστεως
1130 828 1284 888 ἰδίως
1325 820 1577 896 ἑκάτερος
1608 821 1906 895 ἀπολογίας

297 905 754 982 προσεφώνησαν.
809 911 856 964 2.
890 904 1104 963 τούτων
1135 913 1212 973 εἰς
1242 905 1512 980 ἡμετέραν
1542 910 1752 979 γνῶσιν
1775 904 1908 980 ἀφῖ-

234 1011 276 1043 10
299 1016 421 1049 κται
450 989 515 1048 τά
544 987 957 1064 ὑποτεταγμένα
974 1005 984 1015 “
1018 997 1342 1057 Μελίτωνος
1365 991 1431 1048 τὰ
1453 993 1581 1063 περὶ
1603 993 1704 1048 τοῦ
1725 989 1908 1065 πάσχα

300 1075 420 1148 δύο,
452 1077 545 1132 καὶ
575 1073 641 1132 vo}
671 1077 798 1148 περὶ
830 1079 1106 1142 πολιτείας
1137 1077 1229 1132 καὶ
1253 1081 1575 1149 προφητῶν,
1607 1077 1699 1133 καὶ
1723 1074 1751 1132 5
1778 1077 1906 1148 περὶ

299 1159 616 1232 ἐκκλησίας,
649 1162 741 1216 καὶ
771 1155 799 1215 ὁ
832 1162 958 1232 περὶ
989 1165 1254 1233 κυριακῆς
1285 1158 1474 1232 λόγος,
1519 1165 1596 1216 ἔτι
1629 1160 1692 1216 δὲ
1720 1155 1749 1216 5
1781 1162 1908 1234 περὶ

296 1243 516 1316 φύσεως
547 1241 886 1317 ἀνθρώπου,
928 1246 1020 1300 καὶ
1049 1243 1077 1300 5
1109 1245 1236 1316 περὶ
1277 1242 1555 1315 πλάσεως,
1597 1239 1748 1300 καὶὸ
1780 1245 1908 1318 περὶ

294 1324 541 1400 ὑπακοῆς
601 1334 835 1394 πίστεως
896 1327 1008 1401 [καὶ
1062 1324 1091 1384 5
1136 1327 1282 1401 περὶ]
1337 1333 1755 1431 αἰσθητηρίων,
1816 1330 1908 1385 καὶ

237 1431 278 1463 15
299 1412 436 1486 πρὸς
467 1410 680 1478 τούτοις
711 1410 740 1468 5
773 1414 901 1486 περὶ
932 1417 1110 1485 ψυχῆς
1141 1413 1232 1469 καὶ
1267 1410 1517 1485 σώματος
1556 1435 1590 1484 η
1630 1411 1785 1484 νοὸς,
1817 1413 1908 1469 καὶ

297 1495 326 1553 5
358 1498 485 1571 περὶ
531 1499 799 1569 λουτροῦ,
842 1491 994 1552 καὶὸ
1029 1498 1155 1568 περὶ
1186 1492 1485 1568 ἀληθείας,
1518 1498 1610 1553 καὶ
1640 1498 1766 1569 περὶ
1797 1501 1908 1553 κτί-

297 1598 435 1649 σεως
467 1582 558 1637 καὶ
599 1582 870 1652 γενέσεως
915 1583 1190 1654 Χριστοῦ,
1233 1582 1326 1637 καὶ
1367 1578 1527 1653 λόγος
1569 1577 1742 1637 αὐτοῦ
1781 1583 1908 1651 περὶ

296 1670 636 1738 προφητείας
656 1709 670 1738 ,
705 1666 796 1721 καὶ
827 1660 855 1721 5
888 1667 1016 1738 περὶ
1045 1667 1392 1737 φιλοξενίας,
1425 1666 1517 1721 καὶ
1546 1662 1579 1737 ἡ
1613 1666 1780 1736 κλεὶς,
1816 1667 1908 1722 καὶ

297 1747 362 1805 τὰ
395 1750 521 1823 περὶ
552 1754 650 1806 τοῦ
683 1747 979 1821 διαβόλου,
1021 1751 1113 1806 καὶ
1150 1752 1248 1821 τῆς
1291 1745 1690 1816 ἀποκαλύψεως
1716 1746 1908 1806 Ἰωάν-

233 1852 276 1884 20
300 1856 422 1906 νου,
449 1835 540 1889 καὶ
570 1828 599 1890 5
625 1835 752 1906 περὶ
776 1831 1094 1906 ἐνσωμάτου
1117 1836 1276 1904 θεοῦ,
1302 1834 1390 1888 ἐπὶ
1411 1835 1544 1889 πᾶσι
1567 1834 1658 1889 καὶ
1682 1832 1743 1890 τὸ
1769 1830 1907 1906 πρὸς

289 1915 626 1976 Ἀντωνῖνον
667 1922 963 1989 βιβλίδιον.
1025 1921 1073 1973 3.
1121 1919 1181 1974 ἐν
1221 1916 1323 1990 μὲν
1364 1909 1466 1974 οὖν
1503 1929 1619 1982 τοῖς
1649 1918 1775 1989 περὶ
1806 1920 1904 1974 τοῦ

298 1999 480 2073 πάσχα
510 1998 605 2058 τὸν
646 1999 878 2074 χρόνον,
921 1997 1057 2058 καθ’
1101 1997 1166 2058 ὂν
1208 2003 1566 2072 συνέταττεν,
1608 1999 1907 2075 ἀρχόμενος

298 2091 555 2157 σημαίνει
589 2086 648 2141 ἐν
678 2083 891 2151 τούτοις
925 2080 1053 2141 “gul
1085 2091 1418 2158 Σερουιλίου
1449 2083 1684 2142 Παύλου
1725 2082 1908 2143 ἀνθυ-

290 2163 505 2225 “πάτου
545 2171 640 2240 τῆς
675 2165 888 2240 Ἀσίας,
933 2159 977 2244 95
1007 2166 1252 2242 Σάγαρις
1293 2172 1467 2245 καιρῷ
1507 2167 1905 2242 ἐμαρτύρησεν,

232 2267 276 2300 25
293 2246 545 2324 “ἐγένετο
578 2249 793 2324 ζήτησις
823 2250 997 2323 πολλὴ
1024 2255 1083 2309 ἐν
1108 2258 1409 2328 Λαοδικείᾳ
1431 2255 1558 2326 περὶ
1579 2259 1679 2310 τοῦ
1704 2251 1904 2326 πάσχα,

287 2333 658 2408 “ἐμπεσόντος
683 2335 820 2392 κατὰ
843 2335 1036 2409 καιρὸν
1061 2339 1120 2393 ἐν
1146 2339 1380 2403 ἐκείναις
1404 2351 1521 2402 ταῖς
1544 2335 1790 2412 ἡμέραις,
1815 2339 1907 2394 καὶ

291 2415 541 2493 “ἐγράφη
572 2418 791 2476 ταῦτα.”
855 2424 903 2476 4.
948 2419 1149 2477 τούτου
1192 2422 1253 2477 δὲ
1295 2424 1391 2478 τοῦ
1431 2420 1598 2493 λόγου
1639 2423 1907 2495 μέμνηται

297 2502 525 2576 Κλήμης
555 2502 582 2560 5
605 2499 994 2577 Ἀλεξανδρεύς
1022 2507 1079 2561 ἐν
1105 2510 1230 2581 ἰδίῳ
1262 2507 1388 2580 περὶ
1411 2510 1510 2562 τοῦ
1533 2504 1715 2579 πάσχα
1740 2503 1903 2580 λόγῳ,

296 2585 364 2645 ὃν
405 2586 476 2654 ὡς
521 2591 572 2655 ἐξ
616 2594 792 2654 αἰτίας
832 2594 927 2660 τῆς
970 2591 1068 2645 τοῦ
1108 2595 1435 2656 Μελίτωνος
1475 2593 1691 2665 γραφῆς
1731 2591 1906 2662 φησὶν

234 2688 276 2720 30
300 2669 499 2729 ἑαυτὸν
542 2670 820 2739 συντάξαι.
911 2674 958 2729 5.
1003 2676 1062 2730 ἐν
1104 2674 1166 2730 δὲ
1205 2678 1279 2749 τῷ
1322 2671 1457 2746 πρὸς
1494 2671 1592 2731 τὸν
1631 2669 1925 2746 αύτοκράτ

297 2780 432 2830 τορα
461 2762 660 2832 βιβλίῳ
691 2755 915 2813 τοιαῦτά
945 2780 1068 2814 τινα
1111 2755 1244 2815 καθ’
1289 2753 1445 2831 ἡμῶν
1485 2754 1573 2814 ἐπ’
1615 2755 1786 2815 αὐτοῦ
1818 2779 1903 2829 γε-

299 2842 523 2912 γονέναι
556 2845 762 2914 ἱστορεῖ
783 2837 881 2897 ’(τὸ
912 2840 1015 2914 γὰρ
1047 2838 1402 2899 οὐδεπώποτε
1433 2839 1765 2914 γενόμενον,
1797 2844 1904 2898 νῦν
