1986 3152
255 79 360 129 230
917 74 1164 115 EUSEBII

253 198 665 264 φυλαττοίμεθα
706 188 800 254 τὰς
843 188 1132 254 ἐπιλύσεις
1216 191 1264 244 3.
1313 188 1540 261 φέρεται
1585 185 1639 245 δ’
1688 189 1854 246 εἰσέτι

251 279 357 333 νῦν
397 278 508 331 τῶν
547 297 683 330 κατα
714 279 1095 343 Παλαιστίνην
1132 269 1392 344 τηνικάδε
1423 275 1856 346 συγκεκροτημέ-
1919 268 1922 269 ⁷

251 368 375 415 νων“
397 355 600 432 γραφὴ,
634 358 713 413 ὠν
743 358 1111 461 προυτέτακτο
1138 353 1406 427 Θεόφιλος
1436 360 1531 427 τῆς
1565 358 1625 413 ἐν
1647 363 1854 413 Καισα-

135 463 152 484 ·
251 448 372 517 ρεία
431 447 720 513 παροικίας
781 442 1074 505 ἐπίσκοπος
1134 441 1225 495 καὶ
1278 438 1596 512 Ναρκισσος
1647 445 1743 512 τῆς
1797 441 1856 496 ἐν

208 543 227 576 5
246 522 669 599 Ιεροσολύμοις·
723 526 813 580 καὶ
855 547 966 580 των
1009 524 1094 580 ἐπὶ
1127 520 1331 595 Ρω’μης
1375 523 1434 580 δε
1473 519 1674 596 ὁμοίως
1715 521 1852 596 αλλη
1900 592 1902 596 ‚

248 611 374 682 περὶ
414 615 511 666 τοῦ
552 606 725 666 αὐτοῦ
771 606 1095 680 ζητήματος,
1141 610 1441 664 ἐπίσκοπον
1471 614 1711 679 Βίκτορα
1756 612 1857 680 δη-

248 697 445 750 λοῦσα
488 717 598 750 των
629 716 687 749 τε
718 716 853 748 κατα
885 691 1104 750 Πόντον
1138 689 1479 764 ἐπισκόπων,
1513 684 1592 748 ὠν
1622 690 1856 764 Πάλμας

249 801 321 844 ως
360 770 712 850 ἀρχαιότατος
743 778 1137 848 προυτέτακτο,
1180 777 1269 832 καὶ
1303 781 1412 832 τῶν
1443 799 1580 832 κατα
1610 781 1859 834 Γαλλίαν

252 861 311 917 δὲ
361 863 694 936 παροικιῶν,
745 855 807 926 ἂς
854 866 1155 933 Εἰρηναῖος
1204 857 1518 916 ἐπεσκόπει·
1579 864 1626 916 4.
1678 867 1754 918 ε”τι
1798 883 1856 917 τε

190 962 229 993 10
251 947 363 1001 τῶν
405 942 541 1001 κατὰ
583 943 683 1017 τὴν
708 941 1013 1016 Ὀσροηνὴν
1052 946 1142 1000 καὶ
1173 943 1268 1010 τὰς
1303 946 1480 1000 ἐκεῖσε
1510 942 1723 1010 πόλεις·
1766 945 1858 1000 καὶ

252 1034 405 1096 ἰδίως
449 1027 772 1101 Βακχύλλου
814 1031 908 1099 τῆς
944 1034 1263 1126 Κορινθίων
1306 1031 1595 1100 ἐκκλησίας
1639 1026 1856 1084 ἐπισκό-

249 1134 384 1184 που,
419 1114 510 1168 καὶ
541 1117 814 1169 πλείστων
845 1110 992 1168 όσων
1023 1110 1226 1184 αλλων,
1259 1135 1310 1167 οι
1340 1117 1473 1184 μίαν
1505 1114 1595 1168 καὶ
1626 1110 1728 1183 τὴν
1759 1107 1857 1166 αὖ·

247 1195 350 1267 τὴν
397 1194 564 1263 δόξαν
608 1218 666 1252 τε
711 1197 798 1251 καὶ
847 1202 1031 1268 κρίσιν
1079 1198 1491 1268 ἑξενηνεγμένοι
1535 1193 1636 1268 τὴν
1681 1192 1857 1267 αὐτὴν

246 1282 520 1337 τέθεινται
575 1282 778 1351 ψῆφον.
862 1281 954 1335 καὶ
993 1277 1205 1336 τούτων
1244 1303 1345 1351 μεν
1385 1280 1456 1350 ἠν
1495 1303 1621 1351 ορος
1663 1285 1770 1350 εἱς,
1828 1277 1858 1335 ὁ

187 1380 227 1411 15
254 1365 659 1436 δεδηλωμένος·

373 1458 536 1507 XXIV.
581 1458 708 1524 [Nic.
738 1458 793 1506 H.
822 1458 876 1507 E.
906 1458 980 1513 lv,
1010 1455 1120 1522 37.]
1192 1449 1304 1503 τῶν
1338 1447 1397 1503 δὲ
1431 1449 1518 1503 ἐπὶ
1548 1452 1644 1519 τῆς
1668 1443 1856 1512 Ἀσίας
1925 1486 1928 1491 -

248 1530 590 1603 ἐπισκόπων,
644 1530 703 1587 τὸ
759 1530 929 1588 ποὲλαι
981 1530 1249 1602 πρότερον
1296 1527 1486 1597 αὐτοῖς
1528 1531 1857 1606 παραδοθεν
1921 1582 1931 1605 ,-

248 1613 642 1688 διαφυλάττειν
688 1622 816 1681 ἐθος
861 1639 1060 1689 χρηναι
1105 1618 1620 1688 διισχυριζομένων,
1671 1612 1857 1687 ἡγεῖτο
1923 1647 1932 1679 ;

249 1697 637 1771 Πολυκρατης,
687 1723 747 1765 ος
792 1701 883 1755 καὶ
924 1697 1087 1766 αὐτὸς
1131 1702 1191 1755 ἐν
1231 1689 1269 1772 ᾗ
1307 1697 1443 1772 πρὸς
1485 1705 1726 1771 Βίκτορα
1767 1701 1858 1755 καὶ

183 1800 225 1832 ‘20
247 1781 348 1854 τὴν
369 1782 649 1856 Ρωμαίων
691 1786 984 1855 ἐκκλησίαν
1024 1781 1399 1840 διετυπωσατο
1430 1786 1621 1857 γραφῇ
1649 1781 1750 1856 τὴν
1782 1788 1858 1850 εἰς

247 1865 416 1924 αὐτὸν
475 1871 753 1925 ἐλθοῦσαν
801 1866 1114 1939 παραδοσιν
1167 1869 1468 1966 ε’κτ,ε’θειται
1515 1867 1606 1924 δια
1645 1865 1859 1924 τούτων

247 1956 295 2007 2.
343 1949 536 2024 “ἡμεϊς
581 1944 683 2007 οὖν
721 1948 1201 2026 αρραδιούργητον
1241 1975 1447 2023 αγομεν
1485 1950 1588 2023 τὴν
1627 1949 1857 2024 ἡμέραν,
1918 1980 1923 1981 ’

242 2029 412 2106 “μήτε
471 2038 861 2136 προστιθέντες
920 2033 1054 2107 μήτε
1105 2031 1519 2107 ἀφαιρούμενοι.
1609 2037 1701 2091 καὶ
1753 2058 1858 2106 γαρ

241 2113 417 2174 “aava
447 2118 550 2190 τὴν
574 2117 766 2175 Ἀσίαν
794 2117 1005 2190 μεγαλα
1036 2132 1276 2191 στοιχεῖα
1307 2126 1652 2191 κεκοίμηται,
1699 2142 1858 2175 ατινα
1920 2111 1930 2122 ”

185 2197 645 2274 25“ἆναστήσεται
687 2205 752 2275 τῇ
796 2200 972 2276 ἡμέρα
1013 2205 1108 2274 τῆς
1154 2207 1459 2274 παρουσίας
1501 2208 1599 2258 τοῦ
1639 2209 1857 2274 κυρίου,
1919 2195 1933 2227 ⁷⁵

243 2280 342 2342 “ἐν
373 2278 409 2358 ᾗ
440 2291 652 2358 ἔρχεται
682 2308 816 2357 μετα
849 2284 1006 2358 δόξης
1040 2289 1091 2353 ἐξ
1123 2284 1399 2359 οὐρανῶν,
1442 2288 1532 2342 καὶ
1563 2283 1860 2358 αναστήσει

241 2365 489 2435 “πάντας
520 2368 649 2436 τούς
673 2369 885 2442 αγίους,
922 2376 1201 2428 Φίλιππον
1231 2369 1326 2427 τὸν
1349 2395 1460 2427 των
1486 2369 1702 2427 δώδεκα
1726 2392 1859 2427 απο*

242 2448 516 2526 “στόλων,
549 2449 608 2520 ὃς
640 2459 957 2526 κεκοίμηται
990 2457 1049 2513 ἐν
1065 2451 1393 2527 Ἱεραπόλει,
1426 2456 1516 2511 καὶ
1551 2455 1650 2512 δύο
1683 2464 1860 2526 θυγα-

244 2533 433 2611 “τέρες
485 2534 659 2594 αὐτοῦ
710 2553 1071 2610 γεγηρακυϊαι
1123 2539 1424 2612 παρθένοι,
1477 2541 1568 2595 καὶ
1621 2534 1653 2610 ἡ
1701 2540 1858 2609 ἑτέρα

188 2619 456 2678 30“αὗτοῦ
504 2620 758 2695 θυγάτηρ
812 2625 870 2678 ἐν
909 2621 1048 2699 ἁγίῳ
1091 2621 1361 2695 πνεύματι
1401 2621 1857 2694 πολιτευσαμένη,

242 2701 316 2777 “ἣ
358 2708 417 2762 ἐν
444 2702 651 2780 Ἐφέσῳ
694 2703 1062 2763 ἀναπαύεται·
1110 2711 1155 2763 3.
1192 2713 1269 2764 ἔτι
1315 2707 1376 2763 δὲ
1415 2708 1506 2763 καὶ
1531 2704 1790 2777 Ἰωάννης
1828 2702 1856 2760 ὁ
1915 2743 1919 2746 -

246 2785 373 2846 “ἐπὶ
419 2787 478 2846 τὸ
521 2795 724 2862 στῆθος
766 2795 867 2847 τοῦ
909 2797 1106 2864 κυρίου
1148 2788 1472 2863 ἄναπεσών,
1517 2787 1576 2857 ὃς
1620 2787 1858 2862 ἐγενήθη
