2032 3174
795 154 1179 197 ΚΑΤΑΓΡΑΦΗ.
1731 157 1793 195 XI

184 269 279 328 κ.ς’.
321 268 447 334 Περὶ
474 266 786 332 Μενάνδρου
813 275 901 316 τοῦ
925 266 1113 355 γόητος.

181 340 266 401 κζ’.
307 338 433 405 Περὶ
457 346 544 402 τῆς
565 334 874 403 Ἐβιωναίων
899 339 1002 403 αἵρ
989 337 1150 396 ε’σεως.

182 410 276 475 κη’.
317 408 443 475 Περὶ
467 409 733 474 Κηρίνθου
760 416 847 458 τοῦ
871 407 1199 472 αἵρεσιάρχου.

180 481 281 530 κθ’.
323 479 449 545 Περὶ
474 479 729 528 Νικολάου
755 479 838 528 καὶ
863 485 963 528 τῶν
987 474 1040 538 ἐξ
1067 474 1224 527 αὐτοῦ
1249 477 1575 542 κεκλημένων.

180 551 238 600 λ’.
278 549 405 615 Περὶ
431 557 532 599 τῶν
558 549 612 599 ἐν
638 550 892 614 συζυγίαις
919 546 1288 609 ἐξετασθέντων
1311 545 1611 599 ἀποστόλων.

179 621 270 670 λα’.
312 620 438 685 Περὶ
460 628 547 684 τῆς
570 617 813 669 Ἰωάννου
839 618 923 668 καὶ
948 619 1199 668 Φιλίππου
1222 623 1467 684 τελευτῆς.

179 692 268 758 λβ’.
292 690 462 750 ’Ὅπως
489 690 704 754 Συμεὼν
728 687 753 738 ὅ
773 687 1126 756 Ἱεροσολύμων
1153 688 1414 750 ἐπίσκοπος
1442 689 1792 756 ἐμαρτύρησεν.

178 762 266 828 λγ’.
290 760 460 821 ’Ὅπως
492 759 734 825 Τραϊανὸς
761 762 1017 824 ζητεῖσθαι
1043 758 1374 825 Χριστιανοὺς
1402 759 1665 812 ἐκώλυσεν.

177 833 267 881 λδ’.
325 829 413 891 ‘529
469 839 555 896 τῆς
604 828 856 895 Ῥωμαίων
913 829 1173 895 ἐκκλησίας
1231 828 1452 896 τέταρτος
1504 830 1791 897 Εὐάρεστος

248 900 452 968 ἡγεῖται.

176 973 258 1023 λε’.
293 970 383 1032 Ὡς
409 970 465 1022 ἐν
484 969 838 1037 Ἱεροσολύμοις
864 972 1022 1036 τρίτος
1045 969 1279 1030 Ἰοῦστος.

176 1043 265 1102 λς’.
307 1042 432 1109 Περὶ
452 1040 695 1108 Ἰγνατίου
720 1041 804 1091 καὶ
830 1050 930 1092 τῶν
956 1041 1227 1091 ἐπιστολῶν
1251 1039 1425 1092 αὐτοῦ.

175 1114 260 1173 λζ’.
301 1113 427 1179 Περὶ
452 1121 552 1163 των
577 1111 721 1163 εἰσέτι
746 1112 854 1162 τότε
881 1113 1259 1178 διαπρεπόντων
1285 1111 1656 1180 εύαγγελιστων.

176 1184 266 1249 λη’.
306 1184 451 1268 Περὶ
472 1191 560 1248 τῆς
596 1182 877 1247 Κλήμεντος
920 1182 1176 1248 ἐπιστολῆς
1211 1183 1295 1233 καὶ
1337 1203 1438 1234 των
1474 1186 1679 1247 ψευδως
1717 1188 1788 1245 εἰς

247 1252 400 1304 αὐτὸν
423 1249 823 1318 ἀναφερομένων.

175 1325 272 1374 λθῖ
315 1325 441 1391 Περὶ
466 1332 569 1374 των
595 1325 771 1373 Παπία
798 1324 1207 1391 συγγραμμάτων.

831 1493 1038 1534 ΛΟΓΟΣ
1071 1496 1120 1537 Δ.

174 1607 236 1655 α’.
269 1606 409 1665 Τίνες
432 1604 511 1654 ἐπὶ
536 1613 621 1670 τῆς
647 1609 896 1670 Τραϊανοῦ
921 1606 1173 1670 βασιλείας
1188 1603 1442 1670 Ῥωμαίων
1462 1607 1546 1656 καὶ
1560 1604 1786 1668 Ἀλεξαν-

247 1675 406 1741 δρέων
429 1675 694 1742 γεγόνασιν
720 1673 990 1724 ἐπίσκοποι.

175 1747 238 1814 β.
270 1743 443 1796 Οποῖα
463 1744 700 1795 Ἰουδαῖοι
723 1743 834 1794 κατ’
863 1742 1017 1795 αυτὸν
1041 1745 1376 1795 πεπόνθασιν.

177 1817 236 1884 γ’.
278 1819 346 1866 Οἵ
364 1836 488 1866 κατα
511 1814 775 1882 Ἀδριανὸν
800 1813 925 1882 ὑπὲρ
952 1824 1038 1882 τῆς
1064 1817 1273 1876 πίστεως
1300 1813 1738 1907 ἀπολογησάμενοι.

175 1888 344 1937 δ’.οί
371 1884 482 1936 κατ’
521 1883 676 1936 αὐτὸν
705 1884 958 1951 Ῥωμαίων
995 1886 1083 1936 και
1114 1884 1476 1954 Ἀλεξανδρέων
1513 1889 1782 1938 ἐπίσκοποι.

176 1957 229 2008 ε’.
273 1960 340 2007 Οἱ
359 1956 616 2007 ἀνέκαθεν
651 1955 749 2006 ἀπὸ
782 1964 872 2007 τοῦ
897 1965 1114 2022 σωτῆρος
1149 1958 1231 2007 καὶ
1270 1957 1346 2008 ἐπὶ
1386 1958 1500 2018 τοὺς
1547 1959 1785 2023 δηλουμέ-

250 2047 369 2087 νους
390 2026 748 2093 Ἱεροσολύμων
773 2026 1046 2077 ἐπίσκοποι.

179 2099 236 2157 ς’.
269 2096 338 2148 Ἡ
357 2097 480 2147 κατὰ
503 2095 765 2163 Ἀδριανὸν
790 2095 978 2163 ὑστάτη
1001 2097 1259 2148 Ἰουδαίων
1283 2101 1554 2163 πολιορκία.

175 2169 231 2229 ζ’.
276 2170 417 2228 Τίνες
437 2166 546 2218 κατ’
571 2168 730 2218 ἐκεῖνο
748 2177 926 2235 καιροῦ
944 2168 1175 2235 γεγόνασι
1196 2171 1536 2235 ψευδωνύμου
1556 2166 1783 2237 γνώσεως

245 2237 465 2305 domol-

174 2309 237 2374 η’.
282 2310 423 2369 Τίνες
451 2308 843 2373 έκκλησιαστικοὶ
870 2316 1190 2376 συγγραφεῖς.

171 2380 243 2449 θ’.
288 2377 545 2444 Ἐπιστολὴ
577 2377 843 2446 Ἀδριανοῦ
878 2378 1004 2446 ὑπὲρ
1040 2388 1130 2430 τοῦ
1167 2380 1233 2446 μὴ
1262 2382 1369 2430 δεῖν
1403 2378 1611 2447 ἀκρίτως
1650 2378 1781 2446 ἡμᾶς

246 2449 486 2500 ἐλαύνειν.

175 2518 221 2568 ι’.
266 2520 406 2579 Τίνες
434 2518 513 2569 ἐπὶ
537 2527 622 2585 τῆς
645 2519 942 2571 Ἀντωνίνου
968 2522 1220 2587 βασιλείας
1248 2520 1504 2571 ἐπίσκοποι
1525 2519 1780 2587 Ῥωμαίων

245 2590 328 2640 καὶ
346 2587 710 2655 Ἀλεξανδρέων
733 2591 1012 2658 γεγόνασιν.

175 2661 256 2708 ια’.
298 2659 423 2726 Περὶ
449 2680 551 2709 των
575 2657 686 2709 κατ’
715 2659 899 2722 αὐτοὺς
925 2663 1267 2728 αἵρεσιαρχων.

175 2730 256 2796 ιβ’.
298 2730 424 2795 Περὶ
448 2738 534 2796 τῆς
555 2728 829 2781 Ἰουστίνου
853 2732 975 2798 πρὸς
998 2730 1298 2782 Ἀντωνῖνον
1321 2730 1604 2798 ἀπολογίας.

175 2801 254 2866 ι’.γ
289 2798 589 2850 Ἀντωνίνου
625 2800 748 2866 πρὸς
795 2800 848 2851 τὸ
883 2802 1053 2852 κοινὸν
1091 2811 1176 2868 τῆς
1209 2800 1375 2862 Ἀσίας
1411 2801 1635 2866 ἐπιστολὴ
1673 2801 1778 2865 περὶ

246 2878 334 2920 τοῦ
359 2868 483 2920 καθ’
512 2868 643 2935 ἡμας
669 2872 831 2937 λόγου.
