2032 3174
212 148 301 188 XII
835 147 1198 189 ΚΕΦΑΛΑΙῼΝ

213 260 291 308 ιδ’.
337 260 406 308 Τὰ
448 259 559 326 περὶ
596 259 930 325 Πολυκάρπου
974 268 1060 310 τοῦ
1101 268 1200 310 τῶν
1240 258 1527 312 ἀποστόλων
1574 262 1823 328 γνωρίμου

235 330 708 450 εμνημονευόμενα.

277 399 483 460 .“’Όπως
509 399 630 449 κατὰ
660 397 901 465 Οὐῆρον
881 420 905 450 ο
928 399 1307 467 Πολύκαρπος
1284 399 1385 466 α’μα
1411 401 1588 470 ἑτέροις
1615 401 1821 467 ἐμαρτύ-

235 420 435 559 ῗρησεν
462 469 541 520 ἐπὶ
567 478 654 535 τῆς
681 472 986 536 Σμυρναίων
1011 471 1214 531 πόλεως.

216 542 294 599 ις’.
318 539 489 601 ’Ὀπως
519 538 786 600 Ἰουστῐνος
822 537 848 590 6
884 541 1155 606 φιλόσοφος
1191 540 1276 591 τὸν
1312 545 1531 630 Χριστου
1564 543 1710 608 λόγον
1747 541 1827 591 ἐπὶ

285 619 371 676 τῆς
391 609 643 675 Ρωμαίων
667 611 852 671 πόλεως
878 614 1169 678 πρεσβεύων
1195 612 1543 678 ἐμαρτύρησεν.

216 682 288 741 ιζ.
329 681 454 746 Περὶ
489 676 562 730 ὦν
590 678 857 742 Ἰουστῐνος
901 681 955 732 ἐν
990 684 1098 750 ἰδίῳ
1142 683 1481 749 συγγραμματι
1524 683 1827 748 μνημονεύει

286 753 567 818 μαρτύρων.

217 823 298 886 ιη’
343 822 484 881 Τίνες
512 823 580 882 εἰς
607 818 739 887 ἡμας
765 816 927 887 ἦλθον
952 843 1052 873 των
1072 821 1346 872 Ἰουστίνου
1371 823 1546 889 λόγων.

217 893 304 940 ιθῖ
349 892 491 951 Τίνες
527 891 607 941 ἐπὶ
649 900 734 958 τῆς
771 889 973 959 Οὕήρου
1016 894 1267 958 βασιλείας
1315 901 1402 958 τῆς
1441 891 1695 958 Ῥωμαίων
1741 892 1825 942 καὶ

283 960 644 1027 Ἀλεξανδρέων
669 962 928 1027 ἐκκλησίας
953 964 1284 1030 προύστησαν.

218 1034 278 1080 κ’.
324 1033 466 1092 Τίνες
493 1034 545 1082 οἱ
564 1039 652 1098 τῆς
675 1031 978 1097 Ἀντιοχέων.

218 1103 312 1150 κα’.
354 1103 479 1168 Περὶ
499 1111 599 1152 τῶν
623 1102 747 1153 κατὰ
763 1104 966 1164 τούτους
988 1105 1383 1168 διαλαμψοὲντων
1402 1103 1823 1169 ἐκκλησιαστικῶν

291 1171 634 1260 συγγραφέων.

222 1244 315 1308 κβ.
345 1243 473 1309 Περὶ
490 1241 811 1309 Ηγησίππου
837 1244 921 1294 καὶ
945 1248 1018 1294 ὠν
1044 1239 1188 1303 οὗτος
1213 1245 1555 1318 μνημονεύει.

219 1314 311 1379 κγ’.
352 1313 479 1380 Περὶ
500 1315 772 1364 Διονυσίου
793 1315 1083 1381 Κορινθίων
1109 1314 1380 1364 ἐπισκόπου
1405 1315 1488 1364 καὶ
1513 1335 1587 1364 ων
1613 1314 1831 1381 ἔγραψεν

293 1381 576 1434 ἐπιστολων.

221 1454 298 1502 κδ’
305 1491 314 1501 .
356 1453 481 1520 Περὶ
512 1455 757 1517 Θεοφίλου
779 1452 1068 1518 Ἀντιοχέων
1094 1453 1378 1503 ἐπισκόπου.

221 1524 306 1572 κε’.
348 1524 475 1589 Περὶ
501 1525 753 1573 Φιλίππου
779 1524 863 1573 καὶ
889 1522 1173 1574 Μοδέστου.

221 1594 314 1652 κς’.
353 1594 480 1660 Περὶ
506 1595 795 1654 Μελίτωνος
821 1595 904 1644 καὶ
928 1590 1003 1644 ὦν
1027 1592 1176 1654 αὐτὸς
1204 1593 1584 1659 ἐμνημόνευσεν.

221 1664 310 1723 κζ’.
351 1664 478 1729 Περὶ
491 1662 835 1730 Ἀπολιναριόυ
861 1673 951 1714 τοῦ
975 1672 1062 1730 τῆς
1076 1661 1420 1730 Ἱεραπολιτιόν
1440 1663 1698 1729 ἐκκλησίας
1726 1664 1830 1715 ἐπι-

295 1734 500 1783 σκόπου.

223 1805 315 1867 κη’.
357 1804 482 1870 Περὶ
508 1807 794 1854 Μουσανοῦ
819 1803 902 1854 καὶ
927 1799 968 1853 06
976 1824 1001 1853 v
1026 1798 1169 1864 οὗτος
1197 1805 1560 1871 συνεγράψατο.

225 1875 327 1922 κθ’.
369 1874 495 1940 Περὶ
520 1881 607 1939 τῆς
633 1873 759 1924 κατὰ
791 1874 1040 1924 Τατιανόν
1065 1873 1312 1941 αἱρέσεως.

224 1945 281 1992 λ’.
322 1944 448 2011 Περὶ
467 1944 795 2011 Βαρδησάνου
821 1953 907 1994 τοῦ
927 1945 1097 2011 Σύρου
1124 1944 1206 1994 καὶ
1239 1953 1339 1995 τῶν
1365 1944 1649 2011 φερομένων
1678 1943 1834 1995 αὐτοῦ

296 2015 470 2079 λόγων.

882 2141 1089 2183 ΛΟΓΟΣ
1118 2143 1170 2186 Ε.

226 2225 288 2274 α’.
314 2224 459 2274 ’Ὅσοι
483 2223 567 2273 καὶ
594 2222 727 2284 ὅπως
753 2223 877 2274 κατὰ
905 2223 1107 2291 Ούῆρον
1142 2224 1220 2274 ἐπὶ
1245 2233 1331 2290 τῆς
1361 2226 1569 2285 Γαλλίας
1597 2224 1683 2277 τὸν
1708 2223 1834 2292 ὑπὲρ

300 2303 387 2360 τῆς
416 2292 667 2359 εὐσεβείας
694 2296 960 2360 ὃιεξηλθον
983 2292 1171 2361 ἆγωνα.

226 2366 290 2432 β’.
330 2363 419 2425 Ως
455 2367 505 2414 οἵ
541 2369 795 2428 θεοφιλεῖς
835 2385 1076 2432 μαρτυρες
1120 2363 1234 2424 τοὺς
1272 2363 1326 2415 ἐν
1373 2372 1439 2435 τῷ
1482 2367 1687 2436 ὃιωγμῳ
1724 2367 1830 2415 δια-

296 2435 611 2494 πεπτωκότας
639 2435 948 2502 ἐθεράπευον
973 2435 1289 2499 δεξιούμενοι.

226 2507 284 2573 γ.
317 2504 487 2556 Ὁποία
508 2512 579 2556 ταῖ
594 2525 802 2572 μαρτυρι
812 2503 1021 2573 Ἀτταλῳ
1041 2503 1106 2554 δι’
1132 2503 1325 2571 ὀνείρου
1343 2504 1543 2572 γέγονεν
1555 2505 1832 2571 ἐπιφανεια.

227 2577 287 2626 6'.
312 2576 480 2635 ’Ὀπως
507 2578 558 2626 οῖ
576 2595 815 2642 μαρτυρες
842 2574 927 2626 τὸν
954 2577 1228 2642 Εἰρηναῖον
1254 2573 1321 2624 δι’
1353 2575 1609 2642 ἐπιστολῆς
1635 2578 1831 2643 παρετί-

299 2652 465 2698 θεντο.

228 2717 281 2768 ε’.
314 2714 400 2777 ,Ως
424 2716 626 2803 Μαρκῳ
641 2713 876 2783 Αύρηλίῳ
896 2716 1111 2781 Καίσαρι
1136 2721 1242 2775 ταῖς
1268 2736 1368 2765 των
1393 2713 1640 2781 ἡμετέρων
1665 2714 1833 2781 εὐχαῖς

300 2785 582 2854 οὐρανόθεν
606 2784 631 2836 6
657 2786 776 2846 θεὸς
805 2785 1083 2845 ἐπακούσας
1109 2783 1318 2835 ὑέτισεν.

233 2858 288 2919 ς’.
333 2862 446 2907 Τῶν
473 2856 550 2906 ἐπὶ
569 2854 756 2921 Ῥώμης
784 2855 1248 2929 ἐπισκοπευσαντων
1273 2856 1554 2922 καταλογος.
