2032 3174
824 112 948 154 CAP.
983 115 1021 154 2.
1590 113 1717 154 XLV

107 223 452 277 multitudine
507 222 682 275 malae
738 223 1071 291 voluntatiS,
1129 224 1486 293 omnibusque
1541 230 1722 276 conta-

108 308 497 362 minationibus
547 307 758 361 animos
808 326 933 360 suos
981 307 1277 374 dederunt,
1337 308 1416 360 ita
1461 315 1522 359 ut
1578 325 1723 358 nunc

110 412 230 446 sese
282 392 518 444 invicem
573 391 860 458 vitiarent,
917 409 1063 443 nunc
1117 392 1510 457 interficerent,
1578 408 1722 442 nunc.

108 478 371 530 humanas
430 494 618 529 carnes
665 476 887 528 ederent
934 483 988 528 et
1035 474 1195 528 bellis
1245 476 1531 545 gigantum
1578 474 1723 545 apud

111 580 295 615 omnes
359 559 598 613 celebres
662 568 879 612 essent:
943 561 1119 629 quid?
1182 559 1326 630 quod
1387 561 1551 612 etiam
1612 568 1723 611 tur-

109 646 213 698 rim
259 646 388 698 inde
435 663 467 697 a
512 654 659 697 terra
703 662 878 714 usque
915 643 987 696 ad
1031 642 1241 696 coelum
1286 652 1566 696 exstruere
1617 651 1722 695 sta-

109 737 332 783 tuerunt
378 737 431 781 et
475 747 572 799 per
608 729 878 780 insaniam
914 730 1110 781 mentis
1148 746 1279 780 suae
1318 728 1390 780 ad
1428 747 1578 791 eum,
1630 727 1724 798 qui

110 815 262 866 Deus
313 813 551 866 omnium
598 821 705 880 est,
757 812 1212 883 propugnandum
1260 830 1317 864 se
1364 830 1724 882 praeparave-

110 899 273 950 runt?
358 901 391 964 ξ
431 897 515 949 20.
583 896 766 963 Quum
813 915 945 951 vero
994 897 1094 950 hoc
1140 896 1301 950 modo
1349 914 1407 948 se
1454 904 1721 965 gererent,

110 981 318 1036 diluvio
360 982 443 1051 [B.
471 980 713 1050 diluviis]
755 999 1019 1052 aquarum
1057 990 1111 1034 et
1147 981 1292 1050 ignis
1318 980 1471 1032 Deus
1511 998 1603 1033 eos
1640 988 1723 1031 ut-

110 1075 236 1136 pote
274 1065 443 1119 silvas
481 1068 657 1136 campi
695 1084 794 1136 per
829 1066 1150 1118 universum
1188 1073 1366 1117 terrae
1403 1064 1591 1118 orbem
1618 1064 1724 1116 dis-

109 1169 328 1222 persaS,
366 1150 584 1221 punivit
623 1158 677 1203 et
714 1151 860 1202 fame
898 1158 952 1203 et
989 1148 1324 1203 mortalitate
1363 1150 1432 1218 (i.
1463 1167 1509 1200 6.
1539 1150 1724 1218 peste)

108 1244 165 1288 et
201 1233 359 1287 bellis
398 1242 452 1287 et
487 1235 613 1303 igne
650 1233 875 1287 coelitus
923 1235 1092 1286 misso
1138 1252 1230 1287 eos
1275 1232 1504 1285 succidit
1542 1241 1594 1285 et
1633 1250 1724 1284 ex-

112 1319 333 1383 stinxit,
382 1327 436 1371 et
482 1336 680 1386 pravas
725 1318 1083 1387 cogitationes
1131 1318 1462 1371 cruciatibus
1511 1317 1724 1370 acerbis

110 1402 390 1454 vindictae
427 1402 681 1454 coercuit.
755 1404 787 1467 ξ
813 1402 900 1453 21.
955 1402 1136 1468 Quum
1172 1421 1303 1455 vero
1343 1421 1505 1472 super
1539 1419 1724 1453 omnes

111 1486 354 1539 homines
404 1485 615 1538 malitia
650 1486 852 1538 sensim
890 1485 1063 1538 effusa
1097 1494 1240 1539 esset
1277 1494 1330 1538 et
1364 1486 1522 1556 quasi
1555 1485 1724 1538 ebrie-

110 1578 193 1622 tas
232 1571 415 1638 gravis
454 1578 658 1622 mentes
685 1569 962 1622 hominum
988 1577 1043 1622 et
1079 1572 1407 1641 opprimeret
1443 1579 1497 1623 et
1535 1570 1726 1622 obscu-

111 1662 280 1719 raret,
332 1692 515 1705 .....
563 1654 759 1707 iccirco
809 1654 1077 1724 sapientia
1113 1654 1246 1720 Dei,
1294 1655 1476 1724 ipsum
1520 1652 1726 1705 scilicet

111 1738 356 1791 Verbum
402 1746 526 1790 ante
574 1739 754 1789 omnia
795 1739 1060 1805 existens,
1114 1739 1183 1791 ab
1222 1738 1368 1789 omni
1404 1737 1726 1790 aeternitate

111 1823 379 1888 existenS,
429 1840 526 1892 pro
575 1841 785 1875 summa
823 1842 922 1875 sua
957 1822 1334 1875 misericordia
1371 1840 1502 1890 erga
1539 1839 1724 1874 omnes

111 1907 356 1960 homines
404 1924 548 1958 nunc
595 1907 697 1959 sub
745 1907 926 1978 specie
969 1906 1310 1976 angelorum,
1357 1924 1501 1959 nunc
1537 1913 1727 1975 utpote

113 1989 364 2042 salutaris
420 1991 528 2043 Dei
591 1989 881 2043 salvatoris
945 1991 1118 2045 nostri
1177 1990 1426 2061 potentia
1485 1990 1582 2042 uni
1637 1988 1727 2041 vel

113 2075 272 2127 alteri
320 2091 389 2127 ex
444 2075 548 2144 piis
597 2093 630 2127 a
675 2075 794 2129 Deo
847 2074 1058 2128 dilectis
1109 2075 1211 2128 sub
1261 2075 1438 2145 specie
1492 2074 1724 2128 hominis

113 2160 366 2229 apparuit
410 2191 479 2197 --
526 2158 686 2212 aliter
733 2159 877 2212 enim
933 2161 1246 2230 conspicere
1300 2177 1409 2212 non
1454 2166 1724 2230 poterant.

113 2246 147 2310 ἓ
184 2243 270 2294 22.
343 2242 525 2308 Quum
579 2261 710 2297 vero
757 2261 855 2314 per
908 2242 1031 2298 illos
1091 2244 1301 2297 semina
1360 2245 1570 2298 timoris
1619 2244 1727 2296 Dei

114 2325 173 2395 (i.
201 2344 247 2378 6.
273 2325 576 2397 religionis)
613 2327 669 2379 in
705 2326 904 2396 vulgus
944 2346 1137 2398 sparsa
1174 2337 1357 2381 essent
1393 2328 1556 2380 unica
1592 2346 1726 2397 gens

115 2416 230 2462 tota
282 2410 660 2463 Hebraeorum
720 2413 990 2466 convertit
1051 2432 1108 2465 se
1163 2412 1234 2465 ad
1295 2413 1546 2466 timorem
1600 2413 1725 2464 Dei.

115 2493 283 2563 Apud
328 2493 425 2547 hos
473 2512 629 2562 vero,
678 2515 845 2566 quum
891 2496 1173 2568 hucusque
1216 2515 1313 2567 per
1350 2496 1550 2549 multas
1590 2497 1726 2548 anti-

115 2595 248 2646 quas
303 2577 624 2648 populorum
674 2580 1045 2633 institutiones
1101 2581 1310 2634 versati
1365 2589 1575 2648 essent,
1631 2598 1728 2648 per

115 2660 432 2732 prophetam
469 2662 677 2716 Mosem
722 2663 1015 2733 imaginem
1059 2673 1114 2717 et
1149 2665 1473 2735 mysterium
1511 2664 1727 2717 sabbati

117 2752 171 2796 et
215 2746 638 2799 circumcisionis
686 2747 1021 2818 aliorumque
1068 2748 1442 2818 symbolorum
1483 2746 1725 2800 introdu-

115 2828 224 2894 xit,
262 2847 371 2882 non
407 2848 536 2883 vero
569 2832 744 2901 ipsam
778 2833 1024 2901 mysterii
1060 2832 1347 2885 veritatem
1383 2832 1450 2883 iis
1477 2830 1724 2884 tradidit.
