1986 3152
263 111 370 162 230
938 110 1185 151 EUSEssn

262 232 309 283 4.
344 229 422 302 τῷ
454 224 505 280 δ’
535 223 880 302 Ἀλεξάνδρῳ
912 232 1308 298 παραπλησίως
1353 229 1413 283 ἐν
1440 223 1740 304 Ἀντιοχείᾳ
1773 233 1877 288 τοῦ

262 308 490 379 Βαβῦλα
530 307 665 382 μετὰ
706 309 809 380 τὴν
850 307 1152 382 ὁμολογίαν
1193 313 1254 367 έν
1287 314 1644 389 δεσμωτηρίῳ
1674 322 1871 386 μεταλ-

261 392 523 461 λάξαντος
566 391 774 465 Φάβιος
814 397 910 465 τῆς
942 390 1142 451 αὐτόθι
1184 399 1508 466 προΐσταται
1561 400 1866 470 ἐκκλησιᾞας

260 481 307 534 5.
350 476 414 534 τά
444 478 546 550 μὲν
576 480 680 533 οὐν
706 473 979 549 Ὠριγένει
1009 501 1145 534 κατα
1175 477 1274 535 τὸν
1306 479 1552 552 διωγμὸν
1583 483 1875 554 συμβάντα

219 579 238 609 5
261 557 349 618 οἶα
381 563 471 618 καὶ
502 557 624 633 ὅσα,
656 562 747 617 καὶ
777 560 972 629 οποίας
1004 567 1161 635 ἔτυχε
1189 566 1464 637 τελευτῆς,
1495 568 1594 620 τοῦ
1624 573 1877 639 πονηροῦ

260 651 519 719 δαίμονος
551 648 863 719 ἐφαμίλλως
893 648 971 723 τῷ
999 645 1165 718 ἀνδρὶ
1196 651 1540 723 πανστρατιᾷ
1561 653 1873 722 παραταξα·

257 730 447 802 μένου,
479 728 629 804 πάσῃ
660 754 718 788 τε
741 734 961 805 μηχανῇ
983 733 1075 788 καὶ
1100 730 1334 804 δυνάμει
1358 731 1477 789 κατ’
1507 728 1681 790 αὐτοῦ
1707 751 1871 808 στρα-

256 814 623 887 τηγήσαντος,
667 815 816 886 παρὰ
847 813 1058 883 πάντας
1087 839 1147 872 τε
1175 813 1305 882 τοῦς
1335 815 1597 889 τηνικάδε
1627 825 1868 892 πολεμη-

256 901 458 966 θέντας
498 898 874 972 διαφερόντως
914 898 1318 973 ἐπισκήψαντος
1349 899 1527 978 αῦτςό,
1570 898 1659 958 οἶά
1689 926 1747 960 τε
1779 904 1871 960 καὶ

195 1000 235 1031 10
258 981 361 1039 ὅσα
405 980 496 1039 δια
535 981 632 1039 τὸν
663 988 905 1056 Χριστοῦ
945 983 1110 1056 λόγον
1149 980 1178 1040 ὁ
1222 981 1366 1060 ἀνὴρ
1396 981 1661 1058 ὑπέμεινε
1694 986 1875 1060 δεσμὰ

256 1070 348 1123 καὶ
397 1065 676 1138 βασάνους
726 1066 822 1134 τὰς
875 1067 1012 1125 κατά
1051 1072 1151 1125 τοῦ
1194 1067 1469 1142 σώματος,
1523 1068 1619 1136 τάς
1659 1093 1719 1127 τε
1757 1067 1872 1128 ὑπὸ

257 1156 465 1228 σιδηρῷ
505 1154 671 1227 κλοιῷ
710 1154 803 1208 καὶ
840 1166 1035 1226 μυχοῖς
1078 1155 1292 1225 εἱρκτῆς
1333 1159 1624 1226 τιμωρίας,
1667 1158 1758 1211 καὶ
1794 1152 1869 1222 ὦς

257 1237 345 1291 ἐπὶ
385 1241 667 1301 πλείσταις
709 1234 936 1309 ἡμέραις
975 1236 1104 1303 τοὺς
1146 1237 1320 1303 πόδας
1357 1235 1469 1294 ὑπὸ
1500 1239 1738 1311 τέσσαρα
1767 1243 1873 1297 τοῦ

254 1325 618 1392 κολαστηρίου
677 1318 848 1387 ξύλου
907 1323 1251 1395 παραταθεὶς
1307 1319 1646 1394 διαστήματα
1699 1346 1869 1380 κατα-

191 1419 231 1450 15
254 1402 541 1476 σπώμενος
581 1403 756 1478 πυρός
795 1428 855 1462 τε
895 1402 1124 1472 ἀπειλὰς
1164 1407 1256 1462 καὶ
1285 1403 1389 1464 ὅσα
1419 1404 1558 1463 ἄλλα
1588 1404 1725 1481 πρὸς
1754 1413 1874 1465 τῶν

255 1491 473 1560 ἐχθρῶν
515 1491 883 1561 ἐπενεχθέντα
925 1491 1200 1563 καρτερῶς
1240 1487 1504 1562 ἤνεγκεν,
1547 1496 1670 1548 οἵου
1712 1515 1770 1549 τε
1800 1491 1869 1550 τά

253 1571 375 1628 κατ’
420 1571 595 1629 αὐτὸν
648 1580 805 1646 ἔτυχε
851 1576 1070 1646 τέλους,
1123 1579 1386 1648 μηδαμῶς
1432 1573 1604 1632 αὐτὸν
1644 1574 1871 1634 ἀνελεῖν

253 1658 417 1713 παντὶ
470 1658 662 1714 σθένει
711 1661 812 1714 τοῦ
864 1663 1128 1715 δικαστοῦ
1177 1666 1506 1730 φιλονείκως
1553 1659 1868 1733 ἐνστάντος,

249 1736 442 1807 ὁποίας
481 1764 539 1797 τε
578 1740 711 1814 μετὰ
752 1745 926 1799 ταῦτα
956 1749 1271 1800 καταλείπει
1303 1743 1527 1816 φωνάς,
1571 1747 1662 1800 καὶ
1693 1744 1869 1811 αὐτὰς

188 1841 229 1873 20
253 1823 482 1898 πλήρεις
523 1840 638 1893 τοῖς
676 1823 1005 1899 ἀναλήψεως
1049 1830 1328 1900 δεομένοις
1368 1826 1669 1900 ὠφελείας,
1713 1837 1866 1887 πλεῖ-

252 1930 373 1966 σται
404 1908 530 1967 ὅσαι
559 1907 795 1983 τάνδρὸς
827 1914 1107 1969 ἐπιστολαὶ
1137 1909 1375 1984 τάληθὲς
1406 1909 1546 1986 ὁμοῦ
1579 1915 1671 1969 καὶ
1701 1911 1862 1988 ἀκρι-

250 1994 343 2063 βὲς
374 1997 705 2067 περιέχουσι.

377 2089 471 2137 XL.
531 2089 657 2154 [Nic.
687 2091 744 2139 H.
775 2090 826 2139 E.
860 2093 912 2147 V,
939 2088 1051 2156 28]
1134 2080 1214 2138 Τά
1256 2084 1324 2154 γέ
1358 2105 1441 2138 τοι
1482 2081 1618 2139 κατὰ
1651 2081 1854 2139 Διονύ-

251 2179 373 2217 σιον
416 2164 475 2217 ἐκ
512 2165 608 2234 τῆς
648 2162 783 2235 πρὸς
812 2163 1104 2235 Γερμανὸν
1144 2167 1431 2237 ἐπιστολῆς
1473 2163 1646 2222 αὐτοῦ
1686 2189 1860 2239 παρα-

186 2258 227 2291 25
249 2243 521 2318 θήσομαι,
577 2252 718 2303 ἔνθα
767 2251 965 2303 τοῦτον
1014 2250 1141 2319 περὶ
1194 2251 1397 2306 ἑαυτοῦ
1436 2253 1614 2321 λέγων
1657 2253 1869 2322 ἱστορεῖ

248 2327 346 2386 τὸν
375 2328 581 2403 τρόπον
605 2326 750 2402 “έγι·ὁ
783 2331 843 2387 δὲ
873 2332 965 2387 καὶ
998 2330 1237 2390 ἐντόπιον
1266 2338 1364 2391 τοῦ
1394 2339 1533 2391 θεοῦ
1565 2339 1732 2407 λαλῶ,
1766 2337 1863 2391 καὶ

238 2408 444 2480 “αῦτός
485 2413 639 2471 οἶδεν
678 2413 761 2471 ὅτι
791 2413 858 2471 οὐ
891 2414 1189 2489 ψεύδομαι·
1234 2414 1368 2475 οῦδὲ
1395 2423 1531 2491 μιάν
1565 2417 1650 2475 ἐπ’
1689 2421 1863 2492 ἐμαυ-

245 2492 379 2554 “tofi
419 2497 755 2572 βαλλόμενος
797 2496 931 2556 οὐδὲ
974 2498 1132 2558 ἀθεεὶ
1173 2508 1473 2576 πεποίημαι
1511 2501 1613 2572 τὴν
1651 2501 1857 2576 φυγήν.

242 2576 328 2639 “.2
362 2580 502 2638 ἄλλα
532 2585 621 2639 καὶ
654 2582 923 2657 πρότερον
951 2589 1049 2642 τοῦ
1088 2610 1224 2642 κατα
1255 2589 1462 2645 Δέκιον
1491 2590 1860 2661 προτεθέντος

182 2664 253 2712 30
256 2664 525 2740 οδιωγμοῦ
554 2675 800 2740 Σαβῖνος
840 2665 1010 2741 αὐτῆς
1043 2667 1188 2744 ω’ρας
1219 2670 1663 2778 φρουμεντάριον
1695 2677 1856 2744 ἔπεμ·

239 2745 382 2853 :ww
423 2757 499 2818 εἰς
542 2748 879 2825 άναζήτησίν
911 2777 1049 2825 μου,
1092 2751 1242 2826 κάγώ
1272 2780 1376 2828 μεν
1404 2753 1691 2829 τεσσάρων
1721 2751 1859 2828 ἡμε-

239 2832 393 2904 “ρων
436 2837 522 2893 ἐπὶ
565 2839 660 2909 τῆς
700 2842 878 2903 οἰκίας
922 2844 1136 2911 ἔμεινα,
1179 2839 1281 2911 τὴν
1322 2837 1514 2913 άφιξιν
1552 2843 1650 2897 τοῦ
1681 2863 1855 2913 φρου-
