1986 3152
538 157 694 197 HIST.
723 155 975 197 ECOLES.
997 157 1083 196 111.
1106 157 1177 197 36.
1567 153 1668 205 129

51 270 345 346 “μην’τῶν
374 277 594 346 θηρίων
623 275 735 329 τῶν
776 274 892 345 ἐμοὶ
927 274 1187 344 ἑτοίμων,
1231 267 1267 326 α’
1306 273 1398 327 καὶ
1442 268 1667 344 εὔχομαι

48 355 339 429 “συ’ντομά
363 380 454 428 μοι
486 352 811 429 εὑρεθῆναι,
845 352 880 412 ὁὶ
912 357 1002 412 καὶ
1033 354 1351 412 κολακεύσω
1382 354 1667 428 συντόμως

41 439 155 513 “με
184 453 561 513 καταφαγεῖν,
604 437 704 513 οὐχ
736 439 919 512 ὥσπερ
950 443 1119 497 τινῶν
1153 437 1536 512 δειλαινόμενα
1566 438 1667 512 οὐχ

49 520 327 595 “ἤψαντο’
371 520 477 582 κόὶν
518 522 655 581 αὐτὰ
699 525 759 580 δὲ
799 522 1001 580 ἄκοντα
1032 523 1106 595 μὴ
1137 528 1312 596 θέλῃ,
1357 523 1462 595 ε’γώ
1494 542 1668 597 προσ-

48 604 360 682 “βιοὲσομαι.
424 613 472 664 9.
506 605 841 680 συγγνώμην
870 631 962 679 μοι
1006 614 1168 679 ἔχετε.
1229 613 1286 663 τί
1322 631 1413 678 μοι
1453 610 1668 679 συμφέ-

41 689 172 765 “ρει
203 692 309 764 ἐγω
339 690 610 763 γινώσκω.
686 694 793 748 νῦν
822 688 1055 762 ἄρχομαι
1079 688 1331 762 μαθητὴς
1357 691 1513 748 εἶναι.
1569 715 1669 763 μη-

42 774 185 833 “δε’ν
214 800 281 848 με
313 773 546 846 ζηλώσαι
577 780 687 831 τῶν
709 771 925 846 ὁρατῶν
949 776 1040 829 καὶ
1064 771 1334 845 ἀοράτων,
1368 778 1463 831 ἵνα
1487 773 1669 845 Ἰησοῦ

44 855 330 932 ’ςςΧριστοῦ
363 857 629 931 ἐπιτύχω”
665 861 776 929 πῦρ
808 859 899 914 καὶ
933 855 1200 929 σταυρὸς,
1232 864 1453 930 θηρίων
1483 881 1543 914 τε
1574 876 1670 914 συ-

43 938 332 1046 Σστασεις,
365 944 696 1015 σκορπισμοὶ
727 939 963 1014 ὀστέων,
998 944 1272 1013 συγκοπαὶ
1302 947 1516 1013 μελων,
1549 939 1671 998 ἀλε-

43 1024 213 1130 Ξίσμοὶ
228 1025 361 1083 όλου
384 1030 480 1083 τοῦ
505 1025 774 1133 σώματος,
795 1023 1044 1091 κολασεις
1066 1027 1166 1082 τοῦ
1191 1024 1454 1097 διαβόλου
1478 1031 1554 1091 εἰς
1581 1026 1671 1098 ἐμὲ

43 1106 473 1183 “ε’ρχέσθωσαν,
526 1108 699 1183 μόνον
749 1115 843 1166 ἵνα
878 1107 1060 1181 Ἰησοῦ
1098 1112 1344 1183 Χριστου
1384 1108 1651 1182 ἐπιτύχωῖ

60 1198 140 1250 10.
187 1196 279 1250 καὶ
319 1197 491 1251 ταῦτα
534 1218 636 1266 μεν
666 1191 773 1250 απὸ
803 1197 899 1266 τῆς
931 1199 1281 1265 δηλωθείσης
1312 1191 1523 1260 πόλεως
1553 1207 1671 1258 ταῖς

56 1284 513 1350 καταλεχθείσαις
545 1281 856 1350 ἐκκλησίαις
890 1276 1280 1336 διετυπεόσατο.
1335 1276 1444 1349 ἤδη
1469 1275 1522 1333 δ’
1551 1279 1672 1333 ἐπέ-

60 1384 217 1418 κεινα
247 1367 344 1433 τῆς
371 1359 635 1434 Σμύρνης
657 1360 951 1433 γενόμενος
973 1359 1079 1417 ἀπὸ
1114 1359 1369 1434 Τρωάδος
1391 1375 1504 1428 τοῖς
1527 1384 1586 1417 τε
1611 1363 1672 1417 ἐν

67 1450 447 1519 Φιλαδελφεία
479 1436 645 1511 αυθις
679 1442 768 1501 δια
799 1448 1014 1518 γραφῆς
1046 1444 1228 1517 ὁμιλεῖ
1256 1447 1347 1501 καὶ
1378 1448 1446 1518 τῇ
1476 1455 1672 1517 Σμυρ-

58 1534 239 1586 ναίων
282 1532 571 1603 ἐκκλησία,
626 1534 782 1594 ἰδίως
822 1537 881 1585 τε
921 1532 995 1585 τω
1035 1527 1236 1600 ταύτης
1274 1531 1673 1604 προηγουμένῳ

62 1610 442 1688 Πολυκαρπω,
485 1608 551 1669 ὃν
590 1609 681 1669 οἶα
722 1612 790 1685 δὴ
833 1610 1196 1669 ἄποστολικὸν
1226 1610 1405 1684 ανδρα
1437 1614 1498 1670 εὐ
1528 1610 1674 1685 μαλα

55 1702 375 1770 γνωρίζων,
405 1695 510 1768 τὴν
539 1695 660 1752 κατ’
691 1694 1033 1769 Ἀντιόχειαν
1064 1695 1215 1772 αὐτῷ
1248 1703 1490 1769 ποίμνην
1522 1692 1674 1753 ωσάν

59 1777 285 1851 γνήσιος
326 1781 418 1836 καὶ
459 1777 671 1851 ἀγαθὸς
714 1779 920 1853 ποιμὴν
959 1755 1352 1854 παρατίθεται,
1405 1779 1507 1852 τὴν
1545 1782 1671 1852 περὶ

61 1860 229 1935 αὐτῆς
259 1869 532 1936 φροντίδα
566 1862 656 1920 διὰ
689 1868 937 1936 σπουδῆς
969 1870 1114 1937 ἔχειν
1144 1861 1313 1921 αὐτὸν
1343 1865 1527 1931 ἀξιῶν.
1591 1868 1671 1920 11.

58 1945 89 2003 ὁ
123 1943 178 2003 δ’
211 1943 376 2012 αὐτὸς
406 1953 750 2022 Σμυρναίοις
780 1947 1015 2022 γράφων
1045 1945 1148 2005 οὐκ
1189 1945 1298 2004 οἷδ’
1332 1944 1543 2006 ὁπόθεν
1575 1951 1676 2021 ρη-

57 2043 172 2096 τοῖς
194 2033 577 2104 συγκέχρηται,
593 2031 819 2089 τοιαῦτά
840 2056 967 2089 τινα
989 2033 1116 2106 περὶ
1139 2034 1240 2089 τοῦ
1262 2035 1506 2105 Χριστοῦ
1531 2035 1678 2099 διεξ-

62 2112 164 2171 ιών
186 2112 333 2186 “e'ycb
366 2115 428 2170 δὲ
458 2118 550 2172 καὶ
580 2115 715 2188 μετὰ
744 2115 846 2189 τὴν
875 2112 1180 2173 ἀνάστασιν
1214 2118 1274 2172 ἐν
1308 2118 1471 2188 σαρκὶ
1504 2112 1675 2173 αὐτὸν

50 2193 218 2300 ῐοῖδα
249 2200 340 2254 καὶ
371 2197 614 2256 πιστεύω
644 2197 792 2256 όντα.
855 2202 947 2256 καὶ
976 2224 1067 2257 οτε
1090 2199 1225 2274 πρὸς
1249 2197 1377 2266 τούς
1401 2201 1531 2273 περὶ
1561 2203 1676 2257 Πέ-

55 2278 225 2388 Στρον
257 2280 552 2355 ἐλήλυθεν,
584 2289 690 2384 ἔφη
721 2297 940 2356 αυτοις,
973 2282 1188 2357 λάβετε,
1220 2282 1588 2356 ψηλαφήσατέ
1606 2308 1673 2357 με
1696 2308 1714 2338 2

57 2361 190 2419 “καὶ
232 2369 405 2436 ἴδετε,
448 2364 532 2423 ὅτι
572 2364 675 2423 οὐκ
717 2368 827 2440 εἰμὶ
875 2365 1164 2439 δαιμόνιον
1213 2365 1531 2440 ἀσώματον·
1586 2370 1676 2424 καὶ

59 2442 273 2514 “εὐθυς
306 2446 480 2504 αὐτοῦ
516 2448 729 2522 ηψαντο
769 2453 861 2507 καὶ
894 2447 1271 2508 ἐπίστευσαν.”
1339 2455 1420 2508 12.
1464 2451 1582 2508 οἶδε
1615 2451 1677 2507 δε

67 2526 240 2586 αὐτοῦ
271 2528 330 2587 τὸ
361 2531 665 2607 μαρτύριον
705 2536 799 2590 καὶ
838 2530 1228 2609 ὁΕίρηναῖος,
1270 2536 1360 2591 καὶ
1401 2540 1515 2591 τῶν
1559 2538 1678 2591 ἐπι-

59 2619 279 2714 ὲστολῶν
319 2612 491 2672 αὐτοῦ
521 2615 856 2688 μνημονεύει
886 2620 1064 2690 λέγων
1094 2615 1267 2684 οὕτως
1292 2613 1405 2684 τ’ὠς
1436 2618 1561 2675 εἶπέ
1595 2642 1676 2684 τις

1695 1054 1735 1084 10

1695 1471 1736 1504 15

1698 1891 1739 1922 20

98 2698 211 2754 τῶν
238 2693 522 2773 ἡμετέρων
555 2699 645 2756 διὰ
675 2699 778 2772 τὴν
808 2698 943 2774 πρὸς
985 2701 1125 2759 θεὸν
1163 2708 1474 2776 μαρτυρίαν
1505 2725 1670 2758 κατα-
1694 2724 1736 2755 30

183 2890 236 2928 23
267 2889 422 2941 Ignat.
444 2890 527 2942 Ep.
553 2891 609 2931 ad
633 2891 807 2944 Smyrn.
832 2905 869 2932 c.
890 2894 931 2932 4.
1074 2895 1127 2934 28
1147 2894 1268 2935 Iren.
1293 2895 1332 2944 5,
1358 2894 1428 2943 28,
1448 2894 1488 2931 4.
1512 2905 1554 2944 p.
1577 2894 1672 2932 327.

154 2967 382 2999 nusumns
413 2971 476 2999 IV.
1391 2959 1423 3009 9
