1986 3152
634 97 796 139 HIST.
829 96 1078 138 ECOLES.
1114 97 1170 138 X.
1203 99 1242 137 4.
1643 97 1747 149 471

140 215 374 269 ἕκαστον
406 210 612 269 αὐτῶν.
659 217 743 269 67.
776 208 904 269 ἀλλ’
932 215 991 270 ἐν
1021 213 1126 286 μὲν
1155 218 1233 290 τῷ
1264 212 1492 271 πάντων
1522 213 1750 289 ἄρχοντι
1791 242 1799 248 “

142 306 275 362 ἴσως
307 294 475 362 αὐτὸς
507 296 634 363 ὅλος
667 297 967 369 ἐγκάθηται
1000 297 1259 371 Χριστὸς,
1293 301 1352 355 ἐν
1385 298 1446 355 δὲ
1475 312 1594 365 τοῖς
1624 297 1744 372 μετ’

140 378 319 437 αὐτὸν
349 381 776 455 δευτερεύουσιν
818 380 1137 454 ἀναλόγως,
1181 381 1314 438 καθ’
1352 382 1487 440 ὅσον
1518 386 1747 450 ἕκαστος

142 477 316 539 χωρεῖ
341 471 586 539 Χριστοῦ
618 466 909 539 δυνάμεως
950 467 1044 522 καὶ
1084 466 1399 540 πνεύματος
1441 462 1606 538 ἀγίου
1646 491 1746 541 με-

140 549 387 623 ρισμούς.
433 549 621 624 βάθρα
652 549 706 607 δ’
733 549 805 607 ἂν
836 549 947 607 εἷεν
979 552 1070 607 καὶ
1102 549 1357 623 ἀγγέλων
1379 553 1473 608 καὶ
1497 556 1560 608 αἵ
1578 576 1746 609 τινων

142 635 346 706 ψυχαὶ,
390 639 503 690 τῶν
545 640 622 701 εἰς
664 639 1051 707 παιδαγωγίαν
1101 637 1194 692 καὶ
1235 635 1493 710 φρουράν
1538 636 1748 714 ἑκάστω

147 720 637 791 παραδεδομένων.
695 724 778 775 68.
827 719 1037 792 σεμνὸν
1069 720 1130 776 δὲ
1159 721 1253 776 καὶ
1282 721 1421 793 μέγα
1452 722 1544 776 καὶ
1574 743 1747 794 μονο-

144 826 300 874 γενες
332 802 737 876 θυσιαστήριον
768 816 931 859 ποῖον
962 801 1034 860 ἂν
1066 813 1150 875 εἴη
1200 802 1234 875 ἢ
1278 810 1375 875 τῆς
1417 810 1516 861 τοῦ
1557 810 1750 862 κοινοῦ

142 887 370 944 πάντων
412 888 603 959 ιερέως
642 891 739 958 τῆς
779 892 962 959 ψυχῆς
1003 887 1065 943 τὸ
1108 888 1394 962 εἰλικρινὲς
1436 890 1530 944 καὶ
1573 884 1750 960 ἁγίων

140 971 329 1042 ἅγιονς
364 973 406 1026 ῶ
439 971 726 1073 παρεστώς
759 974 847 1027 ἐπὶ
880 970 1090 1046 ὃεξιᾷ“
1064 995 1092 1028 ο
1123 972 1294 1045 μέγας
1323 977 1436 1029 τῶν
1459 969 1607 1029 ὅλων
1638 971 1742 1046 ἀρ-

144 1077 363 1129 χιερευς
404 1053 577 1121 αὐτὸς
621 1054 866 1128 Ἰησοῦς,
910 1054 938 1112 ὁ
983 1056 1291 1129 μονογενὴς
1335 1061 1436 1113 τοῦ
1474 1063 1645 1128 θεοῦ,
1686 1057 1748 1114 τὸ

147 1139 296 1210 παρὰ
339 1139 566 1196 πάντων
616 1138 826 1206 εὐῶδες
869 1146 1126 1213 θυμίαμα
1176 1141 1270 1197 καὶ
1307 1140 1404 1207 τὰς
1445 1139 1521 1197 δι’
1566 1140 1751 1214 εὐχῶν

143 1223 424 1297 ἀναίμους
467 1225 560 1279 καὶ
602 1223 811 1290 ἀῦλους
850 1231 1056 1290 θυσίας
1106 1229 1327 1301 φαιδρῷ
1368 1230 1445 1301 τῶ
1485 1226 1752 1298 βλέμματι

142 1310 237 1364 καὶ
277 1306 498 1374 ὑπτίαις
537 1306 946 1381 ὑποδεχόμενος
996 1310 1180 1382 χερσὶ,
1221 1315 1299 1386 τῶ
1338 1308 1459 1365 κατ’
1503 1309 1752 1384 οὐρανὸν

143 1394 311 1467 πατρὶ
341 1394 434 1449 καὶ
463 1398 582 1469 θεῶ
612 1398 726 1450 τῶν
757 1393 905 1450 ὅλων
936 1395 1374 1468 παραπέμπεται,
1400 1399 1615 1467 πρῶτος
1640 1396 1750 1450 αύ-

146 1477 242 1544 τός
273 1483 633 1551 προσκυνῶν,
675 1479 768 1534 καὶ
809 1477 978 1551 μόνος
1008 1483 1085 1553 τῷ
1129 1481 1298 1551 πατρὶ
1336 1478 1398 1535 τὸ
1430 1478 1552 1534 κατ’
1588 1474 1752 1546 ἀξίαν

141 1561 440 1636 ἀπονέμων
493 1563 690 1634 σέβας,
746 1561 863 1619 εἶτα
914 1563 976 1618 δὲ
1027 1563 1118 1618 καὶ
1160 1567 1330 1619 πᾶσιν
1368 1558 1505 1636 ἡμῖν
1546 1559 1752 1636 εὐμενῆ

146 1648 430 1720 διαμένειν
461 1648 554 1702 καὶ
586 1645 770 1715 δεξιὸν
802 1652 881 1713 εἰς
913 1645 1000 1703 ἀεὶ
1023 1647 1482 1722 παραιτούμενος.
1530 1651 1613 1703 69.
1638 1670 1752 1702 τοι-

144 1736 308 1797 οῦτος
352 1729 380 1787 ὁ
423 1733 596 1804 μέγας
635 1730 804 1803 νεῶς,
857 1728 925 1788 ὃν
961 1730 1099 1787 καθ
1145 1731 1276 1803 ὅλης
1314 1737 1410 1803 τῆς
1452 1730 1549 1802 ὑφ’
1596 1731 1754 1803 ἥλιον

144 1817 474 1888 οἰκουμένης
526 1814 554 1872 6
607 1818 780 1888 μέγας
830 1817 944 1872 τῶν
996 1813 1144 1872 όλων
1196 1815 1534 1890 δημιουργὸς
1589 1815 1793 1886 λόγοςε

143 1900 551 1972 συνεστήσατο,
583 1905 698 1957 τῶν
730 1901 984 1956 ἐπέκεινα
1015 1898 1303 1974 ουρανίων
1334 1899 1558 1968 ἀψίδων
1588 1899 1754 1955 πάλιν

146 1986 240 2041 καὶ
270 1983 441 2051 αὐτὸς
472 1984 676 2057 νοεράν
705 1985 915 2057 ταύτην
948 1986 1039 2041 ἐπὶ
1062 1990 1163 2057 γῆς
1195 1984 1382 2041 εἰκόνα
1407 1982 1749 2058 κατεργασά-

148 2093 343 2142 μενος,
377 2065 451 2136 ῶς
483 2068 554 2126 ἂν
586 2069 675 2125 διά
710 2070 889 2141 πάσης
918 2075 1016 2141 τῆς
1047 2075 1278 2135 κτίσεως
1308 2074 1420 2125 τῶν
1443 2091 1501 2125 τε
1534 2069 1622 2124 ἐπὶ
1653 2074 1754 2139 γῆς

147 2159 390 2225 λογικῶν
421 2153 574 2230 ζῴων
609 2152 638 2210 ὁ
673 2153 855 2229 πατὴρ
896 2152 1048 2229 αὐτῷ
1081 2153 1284 2230 τιμῶτό
1314 2177 1370 2210 τε
1400 2154 1496 2209 καὶ
1526 2153 1754 2226 σέβοιτο.

151 2243 232 2294 70.
276 2237 375 2295 τὸν
420 2237 469 2294 δ’
519 2237 938 2313 ὑπερουράνιον
978 2243 1163 2311 χῶρον
1205 2239 1298 2294 καὶ
1337 2237 1404 2294 τὰ
1438 2240 1613 2294 ἐκεῖσε
1642 2242 1795 2292 τῶν-ε

146 2326 282 2395 τῇδε
313 2327 755 2396 παραδείγματα,
780 2322 884 2395 τήν
913 2345 972 2379 τε
1002 2322 1120 2379 ἅνω
1145 2323 1450 2396 λεγομένην
1472 2320 1756 2396 Ἰερουσα-

149 2406 259 2507 λημ
290 2407 382 2462 καὶ
413 2406 473 2462 τὸ
502 2406 657 2464 Σιῶν
688 2407 816 2480 ὅρος
845 2406 908 2463 τὸ
943 2407 1302 2479 ἐπουράνιον,
1327 2408 1421 2462 καὶ
1443 2406 1548 2479 τὴν
1577 2427 1756 2478 υπερ-

148 2492 383 2563 κόσμιον
435 2490 600 2548 πόλιν
649 2497 751 2547 τοῦ
803 2495 1002 2559 ζῶντος
1053 2496 1225 2562 θεοῦ,
1292 2492 1353 2547 ἐν
1403 2485 1441 2564 ᾖ
1492 2489 1756 2564 μυριάδες

147 2574 403 2647 ἀγγέλων
434 2574 771 2648 πανηγύρεις
801 2576 894 2630 καὶ
926 2577 1188 2647 ἐκκλησία
1218 2574 1688 2648 πρωτοτόκωνπο-
1721 2571 1754 2627 ἀ

148 2661 552 2733 γεγραμμένων
585 2662 644 2715 ἐν
675 2659 937 2733 οὐρανοῖς
967 2672 1086 2725 ταῖς
1128 2657 1385 2733 ἀρρήτοις
1425 2660 1518 2714 καὶ
1559 2654 1753 2713 ἀνεπι-

150 2751 425 2816 λογίστοις
478 2742 614 2817 ἡμῖν
667 2749 986 2814 θεολογίαις
1037 2742 1136 2799 τὸν
1182 2749 1344 2815 σφῶν
1390 2740 1619 2813 ποιητὴν
1663 2742 1756 2796 καὶ

149 2828 511 2903 πανηγεμόνα
551 2833 666 2885 τῶν
715 2825 864 2884 ὅλων
908 2833 1296 2902 γεραίρουσιν,
1350 2826 1499 2893 οὔτις
1549 2824 1757 2898 θνητὸς

1774 1000 1812 1030 10

1780 1419 1815 1449 15

1778 2680 1819 2710 50
