2032 3174
301 192 407 232 XVI
915 190 1284 234 ΚΕΦΑΛΑΙΩΝ

299 305 384 354 κε’.
424 302 550 370 Περὶ
574 311 660 368 τῆς
681 299 922 352 Ἰωάννου
948 300 1328 366 ἀποκαλύψεως.

383 373 557 440 ,Περὶ
583 393 684 423 των
710 372 979 423 ἐπιστολῶν
1005 375 1291 423 Διονυσίου.

300 445 387 505 κζ’.
428 444 554 531 Περὶ
581 443 787 493 Παύλου
823 451 911 493 τοῦ
948 443 1281 509 Σαμοσατέως
1315 443 1397 494 καὶ
1433 452 1519 510 τῆς
1555 444 1610 495 ἐν
1642 442 1909 515 Ἀντιοχεία

373 516 622 578 συστάσης
648 511 740 563 υπ’
770 510 928 564 αὐτοῦ
953 513 1196 580 αἱρέσεως.

301 586 395 649 κη’.
436 585 562 651 Περὶ
588 592 686 634 τῶν
711 585 815 634 τότε
841 583 1210 651 γνωριζομένων
1235 585 1501 648 διαφανων
1527 585 1823 636 ἐπισκόπων.

300 656 401 706 κθῖ
427 652 632 714 ”Ὀπως
613 674 637 704 ο
656 658 858 714 Παῦλος
879 652 1196 720 ἆπελεγχθεὶς
1217 652 1316 705 υπὸ
1336 656 1638 720 Μαλχίωνός
1659 674 1789 716 τινος
1810 653 1910 707 απὸ

373 733 627 788 σοφιστῶν
653 723 984 791 πρεσβυτέρου
1012 724 1333 791 ἐξεκηρύχθη.

302 796 358 845 λ’.
399 795 524 861 Περὶ
549 803 634 861 τῆς
661 793 785 844 κατὰ
815 797 1023 845 Παύλου
1052 794 1306 861 ἐπιστολῆς
1334 803 1434 845 τῶν
1461 795 1758 845 ἐπισκόπων.

303 866 393 915 λα’.
434 865 559 931 Περὶ
584 873 669 931 τῆς
705 872 805 916 τῶν
831 867 1134 930 Μανιχαίων
1160 865 1442 933 ἕτεροδόξου
1469 867 1772 933 διαστροφῆς
1800 865 1914 932 ὅίρτι

378 937 485 987 τότε
510 933 801 1002 ἀρξαμένης.

304 1007 394 1073 λβ’.
435 1006 560 1073 Περὶ
585 1014 684 1056 τῶν
709 1003 834 1055 καθ’
863 1003 996 1070 ἡμοῒς
1031 1003 1211 1066 αὐτοὺς
1240 1006 1626 1072 διαπρεψᾶντων
1653 1004 1912 1070 ἐκκλησια-·

377 1085 561 1138 στικῶν
585 1074 787 1142 ἀνδρῶν
813 1077 940 1136 τίνες
972 1096 1020 1126 τε
1046 1073 1218 1126 αὐτῶν
1242 1077 1378 1142 μέχρι
1402 1084 1488 1142 τῆς
1516 1084 1616 1126 τῶν
1642 1074 1914 1141 ἐκκλησιῶν

377 1148 657 1213 πολιορκίας
685 1146 896 1211 ἔμειναν.

962 1273 1169 1315 ΛΟΓΟΣ
1199 1274 1259 1314 Η.

307 1359 368 1406 α’.
410 1356 537 1424 Περὶ
562 1365 662 1407 τῶν
687 1355 782 1423 πρὸ
809 1364 895 1407 τοῦ
921 1353 1046 1405 καθ’
1075 1353 1205 1421 ἡμᾶς
1232 1358 1467 1423 διωγμοῦ.

307 1428 370 1494 β.
411 1427 537 1494 Περὶ
562 1435 648 1494 τῆς
676 1435 775 1477 τῶν
802 1426 1075 1490 ἐκκλησιῶν
1099 1426 1455 1492 καθαιρέσεως.

307 1499 366 1564 γ’.
406 1497 532 1564 Περὶ
557 1506 643 1548 τοῦ
670 1499 851 1563 τρόπου
878 1504 978 1547 τῶν
1001 1495 1124 1546 κατὰ
1150 1496 1236 1547 τὸν
1263 1496 1479 1562 διωγμὸν
1504 1492 1869 1562 ἠγωνισμένων.

308 1569 367 1617 δ’.
409 1567 534 1634 Περὶ
559 1575 659 1618 τῶν
684 1565 923 1632 αοιδίμων
949 1585 1034 1615 του
1072 1572 1199 1618 θεοῦ
1224 1567 1512 1633 μαρτύρων·
1549 1586 1617 1626 ως
1643 1566 1807 1615 παντα
1833 1565 1915 1616 τό·

378 1656 474 1688 πον
499 1638 718 1703 ε’πλησαν
754 1645 840 1703 τῆς
876 1637 1070 1687 ἓαυτων
1099 1639 1321 1721 μνήμης,
1357 1637 1612 1696 ποικίλους
1647 1635 1763 1696 τοὺς
1789 1633 1915 1701 ὑπὲρ

381 1705 635 1774 εὐσεβείας
662 1707 1031 1772 ἄναδησαμενοι
1058 1707 1353 1771 στεφανους

310 1778 362 1826 ε’.
403 1778 530 1843 Περὶ
554 1785 654 1827 τῶν
679 1796 802 1826 κατα
830 1776 1188 1841 Νικομηδειαν.

310 1848 367 1905 ς’.
407 1847 534 1913 Περὶ
559 1855 659 1896 τῶν
685 1846 807 1896 κατὰ
834 1846 949 1906 τοὺς
975 1846 1261 1912 βασιλικοὺς
1289 1847 1472 1906 οἴκους.

309 1917 363 1977 ζ’.
403 1917 529 1983 Περὶ
555 1925 655 1967 τῶν
679 1916 801 1966 κατὰ
828 1917 1072 1981 Φοινίκην
1097 1918 1400 1983 Αἰγυπτίων.

309 1988 372 2050 η’.
413 1986 538 2053 Περὶ
563 1995 662 2037 τῶν
686 2007 809 2036 κατα
836 2006 926 2051 την
951 1987 1228 2052 Αίγυπτον.

309 2058 379 2105 θ’.
421 2057 546 2143 Περὶ
572 2076 674 2107 των
698 2076 820 2106 κατα
849 2058 1097 2122 Θηβαΐδα.

310 2129 357 2176 ι’.
397 2126 577 2177 Φιλέου
602 2128 846 2193 μα’ρτυρος
882 2127 993 2193 περὶ
1027 2135 1127 2177 τῶν
1152 2125 1261 2176 κατ’
1295 2124 1669 2194 Ἀλεξάνδρειαν
1695 2144 1915 2193 πεπραγ·ς

381 2196 551 2262 μένων
577 2197 812 2264 ἔγγραφοι
837 2198 1166 2247 διδασκαλίαι.

311 2269 391 2316 ια’.
431 2267 558 2333 Περὶ
582 2277 680 2318 τῶν
706 2267 830 2317 κατὰ
857 2268 1098 2355 Φρυγίαν.

312 2338 395 2403 ιβ.
435 2338 561 2422 Περὶ
585 2339 826 2388 πλείστων
852 2337 1026 2403 ἑτέρων
1050 2335 1253 2402 ἀνδρῶν
1272 2355 1320 2385 τε
1346 2335 1428 2386 καὶ
1453 2342 1708 2401 γυναικῶν
1734 2336 1914 2399 διαφό-

383 2427 480 2473 ρως
505 2405 868 2473 ἠγωνισμένων.

312 2477 391 2541 ιγ.
431 2476 556 2541 Περὶ
580 2485 681 2525 τῶν
706 2484 792 2540 τῆς
819 2475 1077 2539 ἐκκλησίας
1103 2473 1380 2541 προέδρων,
1417 2494 1518 2524 των
1544 2475 1596 2524 τὸ
1623 2476 1829 2542 γνήσιον
1854 2497 1914 2541 ης

387 2543 684 2610 ἐπρέσβευον
719 2542 972 2610 εὐσεβείας
1007 2543 1090 2593 διὰ
1126 2553 1212 2595 τοῦ
1247 2552 1392 2607 σφων
1415 2545 1619 2610 αι’ματος
1647 2545 1915 2612 ἐπιδεδειγ-

385 2612 563 2678 μένων.

315 2684 394 2733 ιδ’.
435 2683 560 2749 Περὶ
586 2691 671 2733 τοῦ
698 2685 880 2750 τρόπου
906 2703 1007 2733 των
1032 2692 1119 2753 τῇς
1145 2681 1398 2750 εὐσεβείας
1426 2685 1636 2752 ἐχθρων.

315 2755 386 2803 ιε’.
428 2753 555 2820 Περὶ
580 2761 679 2803 τῶν
706 2760 804 2813 τοῖς
833 2752 968 2813 ε’κτὸς
998 2756 1396 2820 συμβεβηκότων.

367 2823 563 2890 ’.Περὶ
588 2831 675 2888 τῆς
704 2823 782 2873 ἐπὶ
807 2822 859 2874 τὸ
885 2829 1105 2891 κρεῖττον
1129 2844 1229 2875 των
1252 2845 1553 2893 πραγματων
1578 2829 1864 2893 μεταβολῆς.

318 2894 394 2954 ιζ’.
435 2893 561 2960 Περὶ
588 2901 674 2959 τῆς
702 2901 800 2944 τῶν
824 2895 1141 2960 κρατούντων
1166 2898 1482 2964 παλινῳδίας.
