1986 3152
562 110 719 154 HIST.
753 110 1002 153 EchEs.
1034 113 1088 154 x.
1121 115 1158 157 6.
1194 116 1232 155 7.
1615 115 1712 167 481

108 220 335 288 ἐντολάς
381 226 712 297 δεδωκέναι,
764 226 841 283 ἵν’
888 230 947 283 ἐν
989 242 1106 294 τοῖς
1151 237 1362 296 λοιποῖς
1415 229 1584 287 ἅπασι
1627 234 1719 288 καὶ

101 305 306 362 τούτου
336 306 570 379 μάλιστα
593 309 695 381 τὴν
719 311 1117 384 προσήκουσαν
1139 319 1412 387 φροντίδα
1435 315 1714 387 ποιήσων-

104 413 220 461 ται,
252 391 347 446 καὶ
377 385 451 463 μὴ
485 391 834 465 άνάσχωνται
863 402 1134 469 περιορᾶν
1163 403 1379 454 τοιοῦτο
1403 400 1714 471 γινόμενον.

103 478 152 530 5.
206 474 399 549 διόπερ
457 486 513 534 εἴ
549 501 701 544 τινας
741 479 1029 546 τοιούτους
1075 479 1414 554 ἀνθρώπους
1466 486 1526 539 ἐν
1571 482 1716 557 αὐτῇ

102 563 172 632 τῇ
202 566 375 634 μανία
411 563 686 633 ἐπιμένειν
716 569 988 635 κατίδοις,
1031 564 1169 621 ἄνευ
1203 565 1351 632 τινὸς
1382 564 1714 639 ἀμφιβολίας
1738 591 1759 622 5

100 655 218 709 τοῖς
271 648 684 718 προειρημένοις
738 652 1019 714 δικασταῖς
1070 649 1378 722 πρόσελθε,
1431 652 1525 706 καὶ
1575 649 1711 707 αὐτὸ

99 732 265 783 τοῦτο
296 731 734 802 προσανένεγκε,
767 731 915 797 ὅπως
947 731 1156 798 αὐτούς
1189 736 1416 806 ἐκεῖνοι,
1457 735 1714 807 καθάπερ

100 809 296 878 αὐτοῖς
327 819 604 887 παροῦσιν
638 815 930 886 ἐκέλευσα,
966 818 1382 889 ἐπιστρέψωσιν.
1428 814 1462 889 ἦ
1494 819 1714 890 θειότης

98 901 201 951 τοῦ
231 897 480 968 μεγάλου
511 903 655 954 θεοῦ
689 916 751 954 σε
775 898 1101 971 διαφυλάξοι
1126 901 1216 956 ἐπὶ
1239 908 1464 966 πολλοῖς
1489 902 1712 958 gnam?

244 991 339 1039 vn.
418 991 546 1055 [Nic.
589 993 645 1041 H.
686 993 735 1041 E.
777 993 872 1051 vn,
910 992 1019 1058 42]
1093 981 1466 1057 Ἀντίγραφον
1494 992 1710 1057 βασιλι-
1739 1011 1776 1040 10

97 1069 200 1134 κῆς
233 1066 547 1138 ἐπιστολῆς,
592 1065 664 1122 δι’
697 1060 763 1139 ἧς
791 1066 925 1134 τούς
966 1073 1318 1141 προεστῶτας
1358 1074 1471 1125 τῶν
1514 1072 1711 1140 ἐκκλη-

184 1154 321 1205 σιῶν
350 1148 530 1222 πάσης
562 1146 948 1208 ἀπολελύσθαι
978 1157 1074 1223 τῆς
1106 1153 1231 1224 περὶ
1262 1152 1328 1207 τα
1359 1153 1612 1209 πολιτικά

546 1241 892 1308 λειτουργίας
923 1235 1258 1308 προστάττει.

217 1311 246 1332 “
262 1325 465 1390 Χαῖρε,
507 1317 790 1391 Ἀνυλῖνε,
842 1321 1128 1392 τιμιῶτατε
1177 1315 1327 1392 ἡμῖν.
1407 1319 1591 1391 ἐπειδὴ
1651 1324 1710 1376 ἐκ

97 1401 374 1458 πλειόνων
415 1403 757 1475 πραγμάτων
786 1410 1072 1475 φαίνεται,
1114 1407 1706 1476 παρεξουθενηθεῖσαν
1731 1428 1770 1459 15

95 1483 198 1556 τὴν
245 1493 585 1559 θρησκείαν,
643 1490 702 1544 ἐν
754 1482 792 1562 ᾗ
843 1484 876 1560 ἦ
929 1495 1210 1561 κορυφαία
1259 1494 1355 1560 τῆς
1401 1483 1708 1560 ἁγιωτάτης

102 1571 441 1643 ἐπουρανίου
485 1571 655 1638 αἰδῶς
687 1572 1049 1643 φυλάττεται,
1090 1572 1365 1644 μεγάλους
1406 1570 1710 1648 κινδύνους

99 1655 421 1726 ἐνηνοχέναι
450 1668 567 1722 τοῖς
599 1660 880 1728 δημοσίοις
913 1657 1249 1730 πράγμασιν,
1274 1653 1451 1727 αὐτήν
1481 1679 1540 1712 τε
1568 1655 1706 1711 ταύ-

95 1760 197 1809 την
229 1740 515 1812 ἐνθέσμως
545 1738 972 1811 ἀναληφθεῖσαν
1015 1742 1108 1796 καὶ
1144 1742 1568 1813 φυλαττομένην
1607 1741 1708 1812 μέ-

95 1827 294 1894 γίστην
325 1821 591 1896 εὐτυχίαν
619 1830 695 1900 τῷ
721 1820 999 1901 Ῥωμαϊκῷ
1041 1823 1298 1897 ὀνόματι,
1341 1827 1433 1880 καὶ
1465 1824 1709 1896 σύμπασι
1731 1847 1772 1878 20

95 1919 211 1973 τοῖς
243 1913 355 1964 τῶν
399 1907 722 1981 ἀνθρώπων
763 1909 1082 1982 πράγμασιν
1124 1912 1400 1981 ἐξαίρετον
1443 1905 1707 1980 εὐδαιμο-

95 1997 227 2047 νίαν
278 1995 710 2064 παρεσχηκέναι,
762 1999 877 2049 τῶν
927 1999 1104 2050 θείων
1158 1991 1490 2065 εὐεργεσιῶν
1542 1997 1707 2047 τοῦτο

95 2082 482 2148 παρεχουσῶν,
525 2080 714 2145 ἔδοξεν
757 2080 1005 2143 ἐκείνους
1046 2077 1179 2143 τούς
1220 2076 1426 2148 ἄνδρας
1467 2075 1598 2141 τούς
1638 2081 1708 2148 τῇ

95 2157 433 2236 ὀφειλομένη
466 2156 713 2234 ἁγιότητι
743 2163 836 2217 καὶ
865 2167 934 2236 τῇ
967 2166 1066 2217 τοῦ
1095 2160 1273 2234 νόμου
1314 2161 1515 2216 τούτου
1561 2181 1707 2231 παρ-

96 2248 256 2318 εδρίᾳ
306 2244 402 2311 τοὶς
441 2241 750 2319 ὑπηρεσίας
801 2245 899 2312 τας
942 2248 994 2313 ἐξ
1039 2248 1255 2302 ἑαυτῶν
1303 2250 1370 2317 τῇ
1411 2248 1506 2316 τῆς
1547 2249 1706 2309 θείας
1730 2266 1770 2298 25

93 2335 398 2400 θρησκείας
427 2338 705 2405 θεραπείᾳ
735 2331 1106 2403 παρέχοντας,
1146 2336 1260 2386 τῶν
1299 2329 1560 2401 καμάτων
1595 2333 1708 2383 τῶν

97 2417 259 2469 ἰδίων
309 2412 375 2469 τά
423 2419 642 2470 ἔπαθλα
693 2421 1057 2487 κομίσασθαι,
1099 2413 1355 2470 Ἀνυλῖνε
1404 2410 1703 2484 τιμιῶτατε.

94 2501 143 2553 2.
187 2497 378 2571 διόπερ
422 2500 668 2564 ἐκείνους
710 2498 841 2564 τούς
887 2507 1019 2555 εἴσω
1060 2503 1156 2570 τῆς
1199 2501 1461 2570 ἐπαρχίας
1491 2501 1588 2567 τῆς
1620 2516 1706 2552 σοι

94 2583 532 2654 πεπιστευμένης
580 2585 639 2638 ἐν
677 2588 748 2656 τῇ
790 2587 1062 2655 καθολικῇ
1104 2585 1396 2654 ἐκκλησία,
1443 2574 1478 2654 ᾗ
1509 2586 1704 2636 Καικι-

95 2665 281 2732 λιανός
317 2669 607 2738 ἐφέστηκε,
655 2666 758 2739 τὴν
791 2669 844 2734 ἐξ
879 2669 1093 2723 ἑαυτῶν
1123 2661 1437 2740 ὑπηρεσίαν
1467 2668 1536 2737 τῇ
1568 2659 1702 2735 ἁγίᾳ
1725 2684 1766 2716 30

93 2749 268 2824 ταύτῃ
300 2758 576 2826 θρησκεία
605 2753 973 2824 παρέχοντας,
1015 2750 1223 2822 οὕσπερ
1264 2746 1558 2821 κληρικούς
1604 2749 1702 2802 ἐπ·

95 2836 380 2907 ονομάζειν
425 2835 725 2906 εἰώθασιν,
779 2834 888 2891 ἀπὸ
939 2833 1167 2891 πάντων
1215 2829 1550 2900 ἁπαξαπλῶς
1590 2835 1704 2885 τῶν

183 2944 417 2973 EUSEBIUS
450 2945 512 2974 IV.
1379 2925 1444 2976 3]-
