1986 3152
263 121 368 172 488
632 119 880 161 Ensmssn
913 118 1068 160 HIST.
1099 117 1349 159 ECGLES.
1382 120 1438 169 x,
1470 122 1509 159 9.

265 238 354 293 ἐπὶ
392 236 493 292 τὸν
548 244 671 291 ἴσον
721 232 911 300 αὐτοῖς
956 236 1189 299 ἐνδίκως
1230 235 1567 306 περιηνέχθη
1611 235 1882 309 κρημνόν.

264 326 311 376 6.
344 296 472 375 ἀλλ’
508 313 671 384 οὗτος
702 319 806 387 μὲν
836 316 1012 391 ταύτῃ
1044 339 1119 389 πη
1148 321 1488 390 βεβλημένος
1520 324 1723 391 ἔκειτο,
1756 319 1785 378 ὁ
1819 319 1874 378 δ’

263 404 431 478 ἀρετῇ
486 403 638 477 πάσῃ
691 408 1017 474 θεοσεβείας
1073 403 1363 472 ἐκπρέπων
1413 406 1668 475 μέγιστος
1721 428 1881 478 νικη-

259 488 355 560 τὴς
391 497 819 552 Κωνσταντῐνος
865 486 974 542 σύν
1013 487 1169 542 παιδὶ
1207 492 1447 563 Κρίσπῳ
1485 493 1709 559 βασιλεῖ
1743 497 1874 546 θεο-

218 593 237 623 5
262 572 568 648 φιλεστάτῳ
608 572 701 627 καὶ
741 571 882 627 κατὰ
935 570 1118 627 πάντα
1157 575 1259 626 τοῦ
1303 571 1511 646 πατρὸς
1565 567 1739 648 ὁμοίῳ
1777 573 1882 646 τὴν

260 662 475 714 οἰκείαν
509 655 654 731 ἑῴαν
684 652 1098 728 ἀπελάμβανον,
1131 655 1225 710 καὶ
1265 661 1401 727 μίαν
1443 653 1741 729 ἡνωμένην
1779 658 1881 730 τὴν

254 738 537 814 Ῥωμαίων
567 739 705 796 κατὰ
738 739 799 795 τὸ
827 739 1065 796 παλαιὸν
1096 752 1366 813 παρεῖχον
1396 735 1602 814 ἀρχὴν,
1643 740 1747 814 τὴν
1778 739 1875 799 ἀπ’

260 824 586 898 ἀνίσχοντος
617 823 780 896 ἡλίου
823 829 1009 881 πᾶσαν
1052 826 1112 880 ἐν
1151 822 1340 899 κύκλῳ
1373 825 1511 881 κατὰ
1542 825 1754 898 θάτερα
1784 832 1881 899 τῆς
1962 824 1965 882 s

259 911 614 982 οἰκουμένης,
669 908 875 981 ἄρκτον
926 932 984 964 τε
1035 903 1179 980 ὁμοῦ
1231 910 1325 963 καὶ
1376 916 1746 983 μεσημβρίαν,
1800 917 1880 977 εἰς

197 1011 235 1042 10
261 1000 462 1067 ἔσχατα
494 995 770 1065 δυομένης
800 988 1007 1065 ἡμέρας
1041 990 1156 1048 ὑπὸ
1189 991 1292 1064 τὴν
1322 991 1511 1050 αὐτῶν
1534 992 1763 1065 ἄγοντες
1795 1001 1878 1052 εί-

257 1079 450 1151 ρήνην.
511 1082 556 1133 7.
601 1076 856 1150 ἀφῄρητο
898 1074 954 1133 δ’
989 1071 1095 1132 οὐν
1139 1078 1192 1143 ἐξ
1233 1074 1558 1150 ἀνθρώπων
1598 1084 1712 1134 πᾶν
1754 1081 1880 1146 δέος
1962 1146 1965 1150 ,

255 1168 369 1218 τῶν
401 1162 535 1234 πρὶν
567 1159 777 1226 αὐτούς
809 1159 1127 1231 πιεζόντων,
1160 1160 1416 1233 λαμπράς
1441 1161 1498 1217 δ’
1527 1163 1754 1219 ἐτέλουν
1784 1165 1878 1220 καὶ

255 1245 641 1318 πανηγυρικοὲς
685 1247 895 1317 ἑορτῶν
933 1240 1168 1319 ἡμέρας·
1222 1238 1295 1317 ἦν
1337 1245 1401 1302 δὲ
1441 1245 1626 1318 φωτὸς
1668 1252 1878 1320 ἔμπλεα

254 1332 466 1401 πάντα,
499 1331 592 1385 καὶ
621 1334 870 1402 μειδιῶσι
899 1329 1246 1402 προσώποις,
1279 1329 1500 1402 ὅμμασί
1524 1353 1583 1388 τε
1613 1337 1880 1406 φαιδροῖς
1963 1366 1965 1393 ;

194 1435 233 1466 15
258 1421 314 1472 οί
342 1416 476 1487 πρὶν
507 1427 772 1486 κατηφεῖς
814 1412 1090 1486 ἀλλήλους
1122 1420 1386 1487 ἔβλεπον,
1427 1428 1638 1488 χορεῖαι
1679 1415 1731 1472 δ’
1767 1415 1876 1474 αὐ-

252 1514 366 1566 τοῖς
410 1500 501 1555 καὶ
541 1498 709 1572 ὕμνοι
761 1498 899 1555 κατά
943 1498 1127 1565 πόλεις
1173 1493 1317 1570 ὁμοῦ
1358 1501 1452 1555 καὶ
1493 1498 1728 1572 ἀγρούς·
1778 1501 1878 1558 τὸν
1963 1552 1965 1554 ,

254 1584 602 1657 παμβασιλέα
631 1581 774 1639 θεὸν
798 1583 1077 1656 πρώτιστα
1100 1583 1347 1655 πάντων,
1372 1583 1458 1641 ὅτι
1482 1583 1551 1656 δὴ
1576 1583 1727 1641 τοῦτ’
1761 1589 1867 1642 ἐδι-

253 1669 574 1741 δάχθησαν,
617 1666 853 1724 κᾶπειτα
894 1667 993 1724 τὸν
1023 1666 1227 1740 εὐσεβῆ
1267 1669 1495 1739 βασιλέα
1536 1671 1731 1726 παισὶν
1762 1670 1876 1743 ἅμα
1959 1663 1965 1706 ·.‡

250 1754 572 1824 θεοφιλέσιν
598 1755 899 1825 ἐγέραιρον.
947 1756 995 1808 8.
1026 1757 1216 1809 κακῶν
1241 1749 1296 1808 δ’
1324 1751 1599 1825 ἀμνηστία
1623 1760 1877 1812 παλαιῶν

187 1857 228 1887 20
250 1831 354 1908 ἦν,
387 1838 480 1893 καὶ
511 1837 658 1909 λήθη
690 1836 869 1909 πάσης
900 1841 1260 1908 δυσσεβείας,
1303 1837 1598 1911 παρόντων
1639 1835 1695 1894 δ’
1729 1837 1870 1910 ἀγα--

250 1927 375 1977 θῶν
407 1920 742 1993 ἀπόλαυσις,
775 1923 867 1977 καὶ
899 1923 1125 1994 προσέτι
1165 1922 1486 1994 μελλόντων
1524 1927 1870 1995 προσδοκίαι.

247 2006 508 2077 ἤπλωντο
541 2004 595 2062 δ’
625 2000 732 2062 οὐν
757 2005 895 2063 κατά
927 2006 1107 2062 πάντα
1130 2006 1304 2062 τόπον
1325 2012 1428 2062 τοῦ
1452 2013 1681 2079 νικητοῦ
1704 2014 1870 2079 βασι-

250 2091 384 2155 λέως
398 2097 828 2163 φιλανθρωπίας
845 2095 1070 2162 ἔμπλεοι
1084 2090 1368 2161 διατάξεις,
1382 2089 1543 2164 νόμοι
1557 2114 1615 2147 τε
1629 2099 1870 2164 μεγαλο-

251 2178 462 2246 δωρεᾶς
489 2175 581 2230 καὶ
607 2172 858 2245 ἀληθοῦς
882 2170 1169 2245 εὐσεβείας
1195 2182 1556 2247 γνωρίσματα
1581 2177 1869 2247 περιέχον-

185 2276 226 2307 25
250 2280 353 2323 τες.
412 2262 460 2314 9.
495 2258 644 2314 οὕτω
668 2262 807 2328 δῆτα
841 2258 1019 2329 πάσης
1040 2263 1376 2331 τυραννίδος
1404 2261 1870 2332 ἐκκαθαρθείσης,

248 2341 439 2414 μόνοις
466 2341 799 2414 ἐφυλάττετο
833 2340 899 2397 τοὶ
923 2347 1020 2413 τῆς
1045 2343 1436 2415 προσηκούσης
1464 2349 1747 2414 βασιλείας
1770 2346 1866 2416 βέ-

247 2425 378 2497 βαιά
400 2449 458 2482 τε
489 2427 581 2482 καὶ
605 2423 963 2498 ἀνεπίφθονα
988 2433 1397 2504 Κωνσταντίνῳ
1422 2429 1515 2484 καὶ
1544 2441 1658 2494 τοῖς
1691 2427 1871 2485 αὐτοῦ

249 2511 461 2581 παισὶν,
476 2515 658 2566 οἳτῶν
676 2510 928 2583 πρόσθεν
945 2511 1172 2567 πάντων
1189 2509 1604 2584 ἀποσμήξαντες
1618 2511 1720 2584 τὴν
1733 2522 1863 2569 θεο-

248 2602 485 2666 στυγίαν
508 2599 609 2651 τοῦ
632 2601 781 2666 βίου,
804 2600 917 2650 τῶν
944 2598 1004 2651 ἐκ
1027 2600 1170 2652 θεοῦ
1191 2597 1702 2668 πρυτανευθέντων
1724 2595 1867 2668 ἀγα-

183 2695 222 2727 30
246 2674 374 2735 θῶν
398 2675 1007 2753 αὐτοῑςῂσθημένοι,τὸ
1023 2680 1323 2753 φιλάρετον
1345 2681 1710 2752 καὶθεοφιλὲς
1731 2681 1794 2738 τό
1808 2703 1866 2737 τε
1936 2726 1955 2751 4

247 2762 386 2836 πρὸς
408 2762 467 2819 τὸ
494 2772 655 2821 θεῖον
680 2761 906 2835 εὐσεβὲς
922 2764 1014 2819 καὶ
1031 2760 1360 2837 εὐχάριστον
1387 2765 1459 2821 δι’
1483 2760 1562 2821 ὦν
1586 2770 1663 2831 εἰς
1681 2770 1864 2838 προῦ-

246 2868 385 2903 πτον
416 2847 623 2904 ἅπασιν
655 2846 979 2920 ἀνθρώποις
1011 2850 1291 2920 παρέσχον
1321 2844 1461 2931 ὁράν
1495 2853 1862 2916 ἐπεδείξαντο.
