1986 3152
634 113 792 155 HIST.
826 113 1075 158 ECCLES.
1109 114 1186 155 VI.
1209 116 1276 155 43.
1658 112 1762 164 293

143 227 292 288 “τώ’ν
333 227 638 302 διακόνων,
698 227 773 287 ἵν’
825 229 1071 297 ἐξελθών
1113 233 1212 287 τοῦ
1264 235 1545 302 οἰκίσκον,
1609 231 1668 286 ἐν
1721 222 1765 306 ᾦ

139 313 474 387 “καθεῖρξεν
533 312 732 371 ἑαυτὸν
746 360 761 386 ,
822 312 1078 388 βοηθήσῃ
1143 328 1257 381 τοῖς
1327 311 1592 387 ἀδελφοῖς
1660 311 1764 372 ὅσα

139 395 336 472 “θε’μις
376 400 468 454 καὶ
512 396 615 455 ὅσα
659 398 902 456 δυνατὸν
940 401 1296 475 πρεσβυτέρῳ
1328 397 1763 457 κινδυνεύουσιν

138 479 440 556 ’(άδελφοῖς
471 484 562 540 καὶ
597 485 914 555 ἐπικουρίας
948 485 1226 556 δεομένοις
1258 489 1521 556 βοηθεῖν,
1567 487 1759 541 τοσοῦ-

138 566 272 625 “tow
314 566 516 640 ἀπέσχε
556 571 655 624 τοῦ
679 573 1054 640 ’πειθαρχῆσαι
1085 571 1468 641 παρακαλοῦσι
1498 581 1612 634 τοῖς
1644 573 1760 625 δια·
1786 585 1806 618 5

137 648 360 718 “κο’νοις
411 648 483 718 ὥς
520 653 612 708 καὶ
654 659 1057 724 χαλεπαίνοντα
1098 650 1319 710 ἀπιέναι
1367 655 1458 709 καὶ
1489 649 1766 709 ἀπαλλάτ-

138 733 394 794 “τεσθαι·
448 735 521 808 μὴ
567 734 671 810 γαρ
715 741 794 792 ἔτι
836 734 1143 807 βούλεσθαι
1195 736 1567 809 πρεσβύτερος
1622 737 1766 794 εἶναι

137 817 308 894 “ἕφη·
337 822 524 892 ἑτέρας
539 818 644 893 γὰρ
664 819 806 877 εἶναι
822 825 1156 891 φιλοσοφίας
1176 818 1450 893 ἐραστής.”
1499 825 1579 877 17.
1599 819 1765 891 ὑπερ-

145 903 246 975 βάς
271 903 317 961 δ’
344 901 504 976 ὀλίγα
525 902 738 969 τούτοις
755 903 922 961 πάλιν
941 905 1190 977 ἐπιφέρει
1214 905 1393 976 λέγων
1411 900 1766 961 “καταλιπών

138 984 338 1063 “γο“ερὸ
379 987 625 1061 λαμπρὸς
666 980 827 1056 οὗτος
867 987 967 1062 τὴν
1011 992 1308 1062 ἐκκλησίαν
1347 994 1445 1046 τοῦ
1482 994 1654 1061 θεοῦ,
1703 991 1761 1046 ἐν
1786 1006 1826 1038 10

140 1066 212 1148 “ᾗ
267 1071 563 1140 πιστεύσας
625 1070 942 1146 κατηξιώθη
1002 1077 1100 1130 τοῦ
1160 1079 1565 1147 πρεσβυτερίου
1626 1072 1764 1130 κατὰ

137 1156 339 1231 “χάριν
379 1162 477 1214 τοῦ
523 1156 824 1215 ἐπισκόπου
863 1160 964 1215 τοῦ
997 1159 1284 1224 ἐπιθέντος
1317 1156 1468 1234 αὐτῷ
1499 1172 1656 1231 χεῖρα
1689 1164 1765 1224 εἰς

140 1239 585 1316 “πρεσβυτερίου
610 1245 833 1315 κλῆρον,
866 1239 926 1308 ὃς
956 1241 1397 1315 διακωλυόμενος
1420 1241 1531 1299 ὑπὸ
1558 1241 1765 1308 παντὸς

139 1323 275 1384 “tofi
307 1325 534 1399 κλήρου,
573 1323 710 1383 ἀλλὰ
743 1329 834 1383 καὶ
866 1330 1075 1384 λαϊκῶν
1105 1331 1347 1399 πολλῶν,
1374 1329 1509 1384 ’ἐπεὶ
1538 1324 1612 1400 μὴ
1646 1324 1766 1395 ἐξὸν

138 1404 249 1483 “ἧν
288 1409 386 1468 τόν
427 1413 514 1468 ἐπὶ
559 1417 750 1484 κλίνης
792 1409 883 1467 διὰ
922 1410 1093 1468 νόσον
1133 1415 1535 1485 περιχυθέντα,
1579 1408 1765 1485 ὥσπερ
1790 1427 1830 1460 15

139 1494 268 1553 “noel
301 1487 489 1568 οὗτος,
534 1502 611 1562 εἰς
643 1494 849 1569 κλῆρόν
885 1520 1009 1553 τινα
1050 1499 1343 1568 γενέσθαι,
1390 1495 1591 1568 ἠξίωσε
1632 1514 1766 1568 συγ-

141 1577 503 1655 ((χωρηθῆναι
521 1579 669 1657 αὐτῷ
685 1583 883 1638 τοῦτον
899 1579 1073 1653 μόνον
1094 1579 1521 1654 χειροτονῆσαι.”
1572 1586 1651 1637 18.
1674 1578 1763 1636 εἴτ’

147 1663 280 1722 ἄλλο
310 1689 362 1721 τι
391 1671 670 1738 χείριστον
699 1663 911 1731 τούτοις
942 1671 1276 1739 προστίθησι
1306 1669 1420 1722 τῶν
1442 1670 1539 1722 τοῦ
1564 1662 1767 1739 ἀνδρὸς

147 1746 542 1823 άτοπημάτων,
586 1751 766 1821 λέγων
805 1747 979 1815 οὕτως
1013 1745 1283 1822 ι’(ποιήσας
1322 1749 1427 1823 γὰρ
1458 1749 1554 1815 τὰς
1595 1769 1768 1822 προσ-

142 1830 378 1907 “φορὰς,
410 1837 502 1890 καὶ
535 1836 813 1908 διανέμων
847 1832 1057 1910 ἑκάστῳ
1081 1835 1140 1891 τὸ
1179 1835 1342 1908 μέρος
1373 1836 1464 1891 καὶ
1485 1831 1766 1900 ἐπιδιδοὺς
1789 1850 1831 1881 20

141 1914 360 1990 “τοῦτο,
391 1916 622 1991 ὀμνύειν
644 1915 768 1976 άντὶ
803 1923 901 1976 τοῦ
938 1917 1190 1991 εὐλογεῖν
1223 1917 1352 1986 τοῦς
1385 1917 1767 1989 ταλαιπώρους

143 1999 521 2076 “οἰνθρω’πους
573 2000 893 2076 ἀναγκάζει,
954 2006 1199 2077 κατέχων
1257 2001 1591 2078 ἀμφοτέραις
1649 2016 1768 2069 ταῖς

141 2083 333 2161 “χερσὶ
385 2085 479 2155 τὰς
530 2091 631 2145 τοῦ
683 2086 978 2160 λαβόντος,
1039 2091 1131 2145 καὶ
1182 2081 1255 2162 μὴ
1308 2085 1469 2161 ἀφεὶς
1523 2083 1637 2145 ἔστ’
1699 2083 1769 2144 ἂν

143 2167 482 2245 “ὀμνύοντες
516 2180 712 2230 εἴπωσι
743 2178 917 2230 ταῦτα
943 2168 1078 2252 (τοῖς
1110 2172 1215 2247 γὰρ
1249 2176 1466 2230 ἐκείνου
1498 2170 1769 2246 χρήσομαι

142 2251 419 2330 “λόγοις)”
482 2253 688 2330 ὅμοσόν
738 2282 831 2331 μοι
883 2256 1020 2315 κατὰ
1071 2261 1170 2314 τοῦ
1221 2255 1471 2331 σώματος
1524 2258 1616 2314 καὶ
1667 2261 1768 2313 τοῦ
1792 2270 1833 2303 25

140 2339 405 2414 “αἴματος
435 2347 534 2398 τοῦ
565 2347 765 2415 κυρίου
797 2341 964 2415 ,ἡμῶν
998 2338 1175 2414 Ἰησοῦ
1217 2346 1460 2416 Χριστοῦ
1497 2342 1776 2416 μηδέποτέ

145 2423 252 2498 “ys
313 2434 636 2483 καταλιπεῖν
695 2428 787 2483 καὶ
848 2429 1169 2500 ἐπιστρέψαι
1242 2425 1377 2500 πρὸς
1436 2424 1765 2499 Κορνήλιον.

149 2505 270 2568 “19.
313 2513 407 2567 καὶ
447 2509 475 2567 ὁ
519 2508 713 2578 ἅθλιος
756 2504 1054 2585 ἅνθρωπος
1094 2509 1161 2568 οὐ
1212 2510 1482 2585 πρότερον
1530 2509 1767 2583 γεύεται,

147 2589 240 2651 “ei
278 2594 353 2668 μὴ
400 2595 670 2669 πρότερον
711 2593 861 2672 αὐτῷ
905 2593 1286 2670 καταράσαιτο.
1324 2597 1451 2673 γκαὶ
1502 2593 1623 2652 ἀντὶ
1672 2597 1771 2650 τοῦ

146 2673 362 2736 ηεἰπεῖν
387 2678 742 2752 λαμβάνοντα
766 2677 864 2736 τὸν
898 2677 1066 2753 ἄρτον
1096 2683 1311 2738 ἐκεῖνον
1340 2678 1401 2738 τὸ
1437 2678 1583 2753 ἀμήν
1615 2674 1767 2735 εοῦκ·
1791 2690 1832 2723 ³0

151 2757 266 2820 κέτι
311 2762 494 2836 ἀνήξω
554 2763 689 2836 πρὸς
731 2763 1057 2839 Κορνήλιον’
1116 2763 1308 2837 λέγει.”
1378 2769 1462 2821 20.
1504 2765 1596 2820 καὶ
1634 2757 1764 2834 μεθ’

157 2848 314 2922 ἕτερα
345 2847 513 2906 πάλιν
542 2847 716 2906 ταῦτά
744 2868 918 2922 φησιν
950 2845 1095 2922 “ἤὸ“η
1130 2850 1188 2906 δὲ
1221 2857 1340 2906 ἴσθι
1372 2849 1768 2920 γεγυμνῶσθαι
