2032 3174
346 157 476 199 XLII
1050 157 1175 198 CAP.
1208 159 1246 199 2.

344 269 626 322 mandavit
674 276 727 321 et
773 275 957 320 creata
1004 269 1188 319 sunt.“
1260 267 1431 321 Hicce
1478 277 1560 322 est
1602 271 1694 341 qui
1732 271 1955 340 conjun-

346 361 464 405 ctus
503 361 586 405 est
623 371 743 404 cum
780 351 892 403 filio
931 358 984 404 et
1020 359 1176 422 patre
1210 351 1391 422 quoad
1417 352 1767 407 voluntatem.
1842 357 1875 421 ἓ
1903 354 1955 407 6.

343 437 505 489 Hunc
552 444 755 501 autem,
814 435 1115 506 principem
1165 437 1529 505 generationis
1580 477 1592 490 .
1623 477 1635 490 .
1667 478 1678 490 .
1708 478 1720 491 .
1768 457 1953 492 omnes

345 522 437 590 qui
485 521 771 592 justitiae,
835 520 1053 589 pietatis
1122 528 1176 572 et
1234 519 1525 589 religiosae
1584 522 1732 574 vitae
1791 522 1954 575 laude

343 605 669 672 floruerunt,
727 603 968 657 asseclae
1013 604 1184 656 Mosis
1233 612 1286 656 et
1333 612 1458 657 ante
1506 624 1629 658 eum
1674 606 1955 659 Abraham

344 697 397 741 et
433 688 533 740 filii
579 690 696 760 ejus
746 698 800 741 et
837 689 1144 759 quicunque
1182 697 1372 759 postea
1410 690 1785 743 excelluerunt
1816 691 1956 760 justi

345 781 397 826 et
433 772 729 844 prophetae
767 774 916 844 puris
953 775 1148 825 mentis
1187 772 1357 825 oculis
1398 774 1751 846 contemplati
1789 792 1954 844 agno-

341 865 539 910 verunt
576 857 729 928 eique
767 865 1026 928 tanquam
1063 856 1174 909 filio
1201 858 1306 909 Dei
1342 858 1588 911 debitum
1625 858 1827 911 cultum
1865 877 1956 911 ex-

319 942 648 995 hibuerunt.
745 943 777 1008 ξ
817 942 864 994 7.
939 941 1172 1012 Ipseque
1218 941 1314 994 hos
1362 961 1543 995 omnes
1591 942 1770 996 Patris
1818 942 1955 994 noti-

342 1027 471 1078 tiam
513 1026 715 1080 docuit.
791 1026 952 1078 Dixit
990 1027 1158 1079 enim:
1211 1027 1373 1094 (Gen.
1404 1027 1486 1093 18,
1518 1027 1590 1095 1.)
1631 1026 1957 1097 „Apparuit

343 1108 592 1163 dominus
631 1111 783 1162 Deus
831 1111 933 1164 sub
981 1110 1242 1181 simplicis
1287 1110 1519 1163 hominis
1560 1111 1739 1181 specie
1777 1109 1954 1162 Abra-

341 1195 527 1262 hamO,
575 1194 702 1247 dum
741 1194 883 1247 sedit
921 1194 992 1247 ad
1029 1213 1287 1265 quercum
1323 1195 1550 1247 Mamre.
1625 1195 1733 1246 Hic
1771 1202 1953 1246 autem

341 1278 627 1349 prolapsus
676 1279 952 1346 adoravit,
1003 1279 1250 1349 quamvis
1297 1279 1432 1350 ipsis
1477 1279 1646 1331 oculis
1684 1279 1954 1330 hominem

339 1363 700 1433 conspiceret,
751 1364 1002 1416 adoravit
1048 1381 1171 1415 eum
1216 1370 1475 1433 tanquam
1511 1363 1692 1415 Deum
1739 1370 1793 1414 et
1838 1370 1953 1413 tan-

338 1466 501 1517 quam
540 1447 780 1500 Domino
829 1446 1187 1519 supplicavit,
1236 1446 1480 1500 indicans
1531 1465 1588 1499 se
1627 1447 1831 1517 optime
1869 1463 1953 1498 co-

338 1532 599 1600 gnovisse
624 1531 872 1602 quisnam
896 1531 988 1584 ille
1016 1533 1103 1599 sit,
1129 1531 1278 1584 hisce
1304 1531 1513 1584 verbis:
1550 1531 1710 1599 (Gen.
1735 1531 1818 1598 18,
1838 1529 1951 1600 25.)

340 1616 622 1683 „Domine
661 1616 754 1686 qui
790 1624 963 1669 totam
998 1625 1202 1669 terram
1221 1615 1465 1686 judicas:
1508 1614 1638 1682 „Ne
1664 1614 1761 1667 fiat
1786 1615 1950 1667 hocce

331 1700 666 1770 judicium.“
741 1703 772 1766 ξ
800 1701 849 1752 8.
906 1699 1056 1751 Deus
1097 1717 1226 1752 vero
1265 1706 1318 1751 et
1340 1699 1611 1752 Dominus
1623 1739 1638 1767 ,
1678 1699 1772 1768 qui
1803 1699 1950 1770 judi-

341 1791 429 1835 cat
483 1791 655 1836 totam
709 1791 935 1850 terram,
994 1785 1248 1854 apparuit
1305 1783 1405 1836 sub
1463 1783 1642 1854 specie
1698 1782 1949 1835 hominis.

341 1867 477 1934 Quis
518 1866 660 1918 enim
697 1866 835 1919 alius
873 1866 1136 1937 appellari
1174 1867 1348 1938 possit
1385 1868 1538 1920 Deus
1576 1867 1682 1919 nisi
1708 1866 1951 1919 Verbum

339 1951 486 2021 quod
541 1970 574 2003 a
618 1950 885 2022 principio
930 1952 1062 2017 fuit,
1121 1951 1188 2003 de
1244 1969 1348 2022 quo
1405 1952 1570 2005 etiam
1625 1953 1683 2004 in
1731 1950 1948 2003 Psalmo

339 2053 515 2088 sermo
543 2043 650 2088 est:
693 2035 806 2105 (Ps.
834 2035 951 2102 107,
978 2035 1088 2105 20.)
1126 2035 1324 2102 „Misit
1348 2036 1513 2089 etiam
1538 2035 1767 2089 verbum
1792 2053 1951 2087 suum

339 2127 392 2171 et
440 2119 655 2172 sanavit
702 2138 794 2172 eos
851 2127 904 2171 et
954 2121 1096 2172 eruit
1143 2138 1234 2173 eos
1283 2139 1311 2172 e
1359 2121 1752 2191 corruptione“
1806 2119 1951 2171 hunc

336 2203 512 2273 ipsum
561 2220 756 2255 revera
802 2204 1100 2255 Dominum
1146 2223 1263 2257 esse
1310 2223 1421 2256 una
1466 2223 1584 2257 cum
1624 2212 1806 2275 patre,
1857 2221 1949 2255 ex·

338 2305 524 2358 presse
550 2287 827 2340 contendit
850 2287 1058 2340 Moses:
1092 2287 1253 2357 (Gen.
1285 2289 1367 2354 19,
1395 2288 1506 2357 28.)
1546 2288 1790 2357 „Pluere
1817 2286 1948 2339 fecit

338 2389 501 2441 super
536 2370 734 2424 Sodom
775 2379 827 2423 et
854 2371 1160 2424 Gomorrha
1195 2374 1377 2442 ignem
1415 2380 1470 2425 et
1507 2370 1734 2442 sulphur
1772 2390 1804 2423 a
1837 2371 1948 2423 Do-

337 2455 544 2508 mino.“
617 2455 892 2522 Eundem,
933 2455 1026 2527 qui
1060 2457 1314 2526 apparuit
1339 2456 1547 2510 Jacobo
1586 2456 1688 2508 sub
1714 2456 1946 2509 hominis

338 2541 542 2610 specie,
582 2539 760 2591 Deum
787 2539 1026 2610 appellat
1061 2541 1356 2610 scriptura,
1398 2540 1664 2595 allocutus
1696 2541 1839 2592 enim
1865 2547 1948 2591 est

337 2623 636 2676 Jacobum:
681 2622 851 2692 (Gen.
880 2625 974 2690 32,
1002 2624 1086 2676 28.
1113 2625 1231 2695 30.)
1272 2625 1444 2692 „Non
1482 2623 1713 2694 amplius
1750 2641 1948 2676 nomen

335 2715 490 2760 tuum
527 2708 816 2760 vocabitur
842 2707 1039 2774 Jacob,
1081 2709 1176 2760 sed
1214 2728 1411 2762 nomen
1447 2717 1602 2762 tuum
1638 2707 1740 2761 erit
1774 2706 1948 2759 Israel

336 2791 465 2861 quia
501 2790 860 2861 praevaluisti
905 2811 1024 2844 cum
1063 2792 1200 2845 Deo.
1276 2793 1350 2845 Et
1386 2793 1606 2846 vocavit
1643 2791 1816 2844 Jacob
1854 2808 1948 2842 no—

335 2894 456 2927 men
511 2875 675 2947 hujus
732 2875 836 2928 loci
889 2882 1177 2940 „visionem
1233 2881 1391 2928 Dei“.
1480 2876 1650 2946 (Gen.
1689 2875 1786 2942 32,
1825 2875 1943 2943 30.)
