<?xml version="1.0" encoding="UTF-8"?>
<!DOCTYPE html PUBLIC "-//W3C//DTD XHTML 1.0 Transitional//EN"
    "http://www.w3.org/TR/xhtml1/DTD/xhtml1-transitional.dtd">
<html xmlns="http://www.w3.org/1999/xhtml" xml:lang="en" lang="en">
 <head>
  <title>
</title>
<meta http-equiv="Content-Type" content="text/html;charset=utf-8" />
  <meta name='ocr-system' content='tesseract 3.04.00' />
  <meta name='ocr-capabilities' content='ocr_page ocr_carea ocr_par ocr_line ocrx_word'/>
</head>
<body>
  <div class='ocr_page' id='page_1' title='image "./operaeusebius04euseuoft_0207.png"; bbox 0 0 1986 3152; ppageno 0'>
   <div class='ocr_carea' id='block_1_1' title="bbox 52 1748 160 1775">
    <p class='ocr_par' dir='ltr' id='par_1_1' title="bbox 52 1748 160 1775">
     <span class='ocr_line' id='line_1_1' title="bbox 52 1748 160 1775; baseline -0.015 0"><span class='ocrx_word' id='word_1_1' title='bbox 52 1748 160 1775; x_wconf 64' lang='lat' dir='ltr'><em>&#39;t‘3</em></span> 
     </span>
    </p>
   </div>
   <div class='ocr_carea' id='block_1_2' title="bbox 538 126 1722 178">
    <p class='ocr_par' dir='ltr' id='par_1_2' title="bbox 538 126 1722 178">
     <span class='ocr_line' id='line_1_2' title="bbox 538 126 1722 178; baseline 0.01 -12"><span class='ocrx_word' id='word_1_2' title='bbox 538 127 698 167; x_wconf 73' lang='lat' dir='ltr'><strong>Hls&#39;r.</strong></span> <span class='ocrx_word' id='word_1_3' title='bbox 730 126 979 170; x_wconf 81' lang='lat' dir='ltr'><strong>ECCLES.</strong></span> <span class='ocrx_word' id='word_1_4' title='bbox 1015 128 1094 168; x_wconf 87' lang='lat' dir='ltr'><em>IV.</em></span> <span class='ocrx_word' id='word_1_5' title='bbox 1128 130 1281 168; x_wconf 86' lang='lat'><strong>9—11.</strong></span> <span class='ocrx_word' id='word_1_6' title='bbox 1624 127 1722 178; x_wconf 83' lang='lat'><em>147</em></span> 
     </span>
    </p>
   </div>
   <div class='ocr_carea' id='block_1_3' title="bbox 40 238 1779 2794">
    <p class='ocr_par' dir='ltr' id='par_1_3' title="bbox 40 238 1779 2762">
     <span class='ocr_line' id='line_1_3' title="bbox 107 238 1722 316; baseline 0.001 -18"><span class='ocrx_word' id='word_1_7' title='bbox 107 238 258 313; x_wconf 52' lang='grc' dir='ltr'><em>τετας,</em></span> <span class='ocrx_word' id='word_1_8' title='bbox 283 238 455 308; x_wconf 77' lang='grc' dir='ltr'><em>οὕτως</em></span> <span class='ocrx_word' id='word_1_9' title='bbox 478 238 622 316; x_wconf 75' lang='grc' dir='ltr'><em>ὅριζε</em></span> <span class='ocrx_word' id='word_1_10' title='bbox 645 240 782 298; x_wconf 76' lang='grc' dir='ltr'><em>κατα</em></span> <span class='ocrx_word' id='word_1_11' title='bbox 803 241 906 315; x_wconf 86' lang='grc' dir='ltr'><em>τὴν</em></span> <span class='ocrx_word' id='word_1_12' title='bbox 930 241 1172 315; x_wconf 84' lang='grc' dir='ltr'><em>δύναμιν</em></span> <span class='ocrx_word' id='word_1_13' title='bbox 1194 249 1290 300; x_wconf 87' lang='grc' dir='ltr'><em>τοῦ</em></span> <span class='ocrx_word' id='word_1_14' title='bbox 1314 239 1696 316; x_wconf 78' lang='grc' dir='ltr'><strong><em>ἁμαρτήματος</em></strong></span> <span class='ocrx_word' id='word_1_15' title='bbox 1711 260 1722 270; x_wconf 87' lang='grc'><em>·</em></span> 
     </span>
     <span class='ocr_line' id='line_1_4' title="bbox 107 317 1722 400; baseline 0.003 -19"><span class='ocrx_word' id='word_1_16' title='bbox 107 317 219 393; x_wconf 67' lang='lat'><em>“⁶59</em></span> <span class='ocrx_word' id='word_1_17' title='bbox 248 324 323 398; x_wconf 78' lang='grc' dir='ltr'><em>μὰ</em></span> <span class='ocrx_word' id='word_1_18' title='bbox 354 325 451 382; x_wconf 86' lang='grc' dir='ltr'><em>τὸν</em></span> <span class='ocrx_word' id='word_1_19' title='bbox 474 324 744 398; x_wconf 65' lang='grc' dir='ltr'><em>“Ηρακλέα</em></span> <span class='ocrx_word' id='word_1_20' title='bbox 778 336 832 383; x_wconf 75' lang='grc' dir='ltr'><em>εἴ</em></span> <span class='ocrx_word' id='word_1_21' title='bbox 855 351 936 392; x_wconf 87' lang='grc' dir='ltr'><em>τις</em></span> <span class='ocrx_word' id='word_1_22' title='bbox 967 333 1345 399; x_wconf 81' lang='grc' dir='ltr'><strong><em>συκοφαντίας</em></strong></span> <span class='ocrx_word' id='word_1_23' title='bbox 1377 326 1539 400; x_wconf 93' lang='grc' dir='ltr'><em>χάριν</em></span> <span class='ocrx_word' id='word_1_24' title='bbox 1560 332 1722 386; x_wconf 81' lang='grc' dir='ltr'><em>τοῦτο</em></span> 
     </span>
     <span class='ocr_line' id='line_1_5' title="bbox 106 406 1721 485; baseline 0.001 -18"><span class='ocrx_word' id='word_1_25' title='bbox 106 406 452 484; x_wconf 44' lang='grc' dir='ltr'><em>’(προτείνοι,</em></span> <span class='ocrx_word' id='word_1_26' title='bbox 508 409 852 483; x_wconf 89' lang='grc' dir='ltr'><em>διαλάμβανε</em></span> <span class='ocrx_word' id='word_1_27' title='bbox 904 407 1046 485; x_wconf 74' lang='grc' dir='ltr'><em>ὑπὲρ</em></span> <span class='ocrx_word' id='word_1_28' title='bbox 1089 415 1185 482; x_wconf 85' lang='grc' dir='ltr'><em>τῆς</em></span> <span class='ocrx_word' id='word_1_29' title='bbox 1234 410 1575 484; x_wconf 83' lang='grc' dir='ltr'><em>δεινότητος,</em></span> <span class='ocrx_word' id='word_1_30' title='bbox 1629 415 1721 470; x_wconf 82' lang='grc' dir='ltr'><em>καὶ</em></span> 
     </span>
     <span class='ocr_line' id='line_1_6' title="bbox 101 492 1719 569; baseline 0.002 -19"><span class='ocrx_word' id='word_1_31' title='bbox 101 492 395 567; x_wconf 82' lang='grc' dir='ltr'><em>“φρόντιζε</em></span> <span class='ocrx_word' id='word_1_32' title='bbox 434 493 582 560; x_wconf 78' lang='grc' dir='ltr'><em>ὅπως</em></span> <span class='ocrx_word' id='word_1_33' title='bbox 634 493 706 552; x_wconf 74' lang='grc' dir='ltr'><em>ἂν</em></span> <span class='ocrx_word' id='word_1_34' title='bbox 750 493 1151 567; x_wconf 83' lang='grc' dir='ltr'><em>ἐκδικήσειας.”</em></span> <span class='ocrx_word' id='word_1_35' title='bbox 1234 499 1324 552; x_wconf 81' lang='grc' dir='ltr'><em>καὶ</em></span> <span class='ocrx_word' id='word_1_36' title='bbox 1364 494 1429 552; x_wconf 78' lang='grc' dir='ltr'><em>τὰ</em></span> <span class='ocrx_word' id='word_1_37' title='bbox 1479 496 1584 569; x_wconf 75' lang='grc' dir='ltr'><em>μὲν</em></span> <span class='ocrx_word' id='word_1_38' title='bbox 1623 501 1719 569; x_wconf 85' lang='grc' dir='ltr'><em>τῆς</em></span> 
     </span>
     <span class='ocr_line' id='line_1_7' title="bbox 103 576 1758 653; baseline 0.001 -17"><span class='ocrx_word' id='word_1_39' title='bbox 103 576 400 653; x_wconf 79' lang='grc' dir='ltr'><em>Ἀδριανοῦ</em></span> <span class='ocrx_word' id='word_1_40' title='bbox 429 577 772 651; x_wconf 74' lang='grc' dir='ltr'><em>ἀντιγραφῆς</em></span> <span class='ocrx_word' id='word_1_41' title='bbox 803 582 1044 635; x_wconf 82' lang='grc' dir='ltr'><em>τοιαῦτα.</em></span> <span class='ocrx_word' id='word_1_42' title='bbox 1708 578 1758 637; x_wconf 74' lang='grc'><em>’5</em></span> 
     </span>
     <span class='ocr_line' id='line_1_8' title="bbox 237 662 1719 740; baseline -0.001 -16"><span class='ocrx_word' id='word_1_43' title='bbox 237 675 293 724; x_wconf 89' lang='grc' dir='ltr'><em>Χ.</em></span> <span class='ocrx_word' id='word_1_44' title='bbox 349 674 476 740; x_wconf 78' lang='lat' dir='ltr'><strong>[Nic.</strong></span> <span class='ocrx_word' id='word_1_45' title='bbox 506 675 564 722; x_wconf 90' lang='lat' dir='ltr'><em>H.</em></span> <span class='ocrx_word' id='word_1_46' title='bbox 593 674 647 722; x_wconf 87' lang='grc' dir='ltr'><em>Ε.</em></span> <span class='ocrx_word' id='word_1_47' title='bbox 677 674 766 729; x_wconf 87' lang='grc' dir='ltr'><strong>ΙΙΙ,</strong></span> <span class='ocrx_word' id='word_1_48' title='bbox 795 671 905 738; x_wconf 65' lang='grc'><em>25]</em></span> <span class='ocrx_word' id='word_1_49' title='bbox 971 662 1182 720; x_wconf 82' lang='grc' dir='ltr'><strong>Τούτου</strong></span> <span class='ocrx_word' id='word_1_50' title='bbox 1209 664 1269 721; x_wconf 78' lang='grc' dir='ltr'><em>δὲ</em></span> <span class='ocrx_word' id='word_1_51' title='bbox 1292 663 1352 720; x_wconf 82' lang='grc' dir='ltr'><em>τὸ</em></span> <span class='ocrx_word' id='word_1_52' title='bbox 1383 664 1562 737; x_wconf 79' lang='grc' dir='ltr'><em>χρεων</em></span> <span class='ocrx_word' id='word_1_53' title='bbox 1583 665 1719 738; x_wconf 72' lang='grc' dir='ltr'><em>μετὰ</em></span> 
     </span>
     <span class='ocr_line' id='line_1_9' title="bbox 106 744 1717 819; baseline 0.003 -17"><span class='ocrx_word' id='word_1_54' title='bbox 106 751 327 819; x_wconf 79' lang='grc' dir='ltr'><em>πρῶτον</em></span> <span class='ocrx_word' id='word_1_55' title='bbox 366 749 457 804; x_wconf 81' lang='grc' dir='ltr'><em>καὶ</em></span> <span class='ocrx_word' id='word_1_56' title='bbox 500 744 748 804; x_wconf 82' lang='grc' dir='ltr'><em>εἰκοστὸν</em></span> <span class='ocrx_word' id='word_1_57' title='bbox 788 754 904 812; x_wconf 86' lang='grc' dir='ltr'><em>ἔτος</em></span> <span class='ocrx_word' id='word_1_58' title='bbox 955 750 1269 813; x_wconf 85' lang='grc' dir='ltr'><em>ἐκτίσαντος</em></span> <span class='ocrx_word' id='word_1_59' title='bbox 1316 747 1643 816; x_wconf 82' lang='grc' dir='ltr'><em>Ἀντωνῖνος</em></span> <span class='ocrx_word' id='word_1_60' title='bbox 1688 748 1717 807; x_wconf 84' lang='grc' dir='ltr'>ὁ</span> 
     </span>
     <span class='ocr_line' id='line_1_10' title="bbox 106 828 1713 905; baseline 0.002 -18"><span class='ocrx_word' id='word_1_61' title='bbox 106 833 333 902; x_wconf 81' lang='grc' dir='ltr'><em>κληθεὶς</em></span> <span class='ocrx_word' id='word_1_62' title='bbox 372 828 627 903; x_wconf 79' lang='grc' dir='ltr'><em>Εὐσεβὴς</em></span> <span class='ocrx_word' id='word_1_63' title='bbox 678 828 781 902; x_wconf 82' lang='grc' dir='ltr'><em>τὴν</em></span> <span class='ocrx_word' id='word_1_64' title='bbox 825 829 1110 903; x_wconf 89' lang='grc' dir='ltr'><em>Ῥωμαίων</em></span> <span class='ocrx_word' id='word_1_65' title='bbox 1161 830 1336 904; x_wconf 76' lang='grc' dir='ltr'><em>ἀρχὴν</em></span> <span class='ocrx_word' id='word_1_66' title='bbox 1385 835 1713 905; x_wconf 78' lang='grc' dir='ltr'><em>διαδέχεται.</em></span> 
     </span>
     <span class='ocr_line' id='line_1_11' title="bbox 103 913 1716 991; baseline 0.002 -20"><span class='ocrx_word' id='word_1_67' title='bbox 103 913 303 971; x_wconf 84' lang='grc' dir='ltr'><em>τούτου</em></span> <span class='ocrx_word' id='word_1_68' title='bbox 338 916 398 971; x_wconf 73' lang='grc' dir='ltr'><em>δὲ</em></span> <span class='ocrx_word' id='word_1_69' title='bbox 430 917 490 972; x_wconf 88' lang='grc' dir='ltr'><em>ἐν</em></span> <span class='ocrx_word' id='word_1_70' title='bbox 522 921 629 972; x_wconf 83' lang='grc' dir='ltr'><em>ἔτει</em></span> <span class='ocrx_word' id='word_1_71' title='bbox 660 913 860 991; x_wconf 75' lang='grc' dir='ltr'><em>πρώτῳ</em></span> <span class='ocrx_word' id='word_1_72' title='bbox 894 915 1246 990; x_wconf 81' lang='grc' dir='ltr'><em>Τελεσφόρου</em></span> <span class='ocrx_word' id='word_1_73' title='bbox 1276 913 1374 972; x_wconf 85' lang='grc' dir='ltr'><em>τὸν</em></span> <span class='ocrx_word' id='word_1_74' title='bbox 1405 922 1532 987; x_wconf 86' lang='grc' dir='ltr'><em>βίον</em></span> <span class='ocrx_word' id='word_1_75' title='bbox 1565 919 1716 974; x_wconf 83' lang='grc' dir='ltr'><em>ἑνδε-</em></span> 
     </span>
     <span class='ocr_line' id='line_1_12' title="bbox 104 997 1779 1075; baseline 0.001 -20"><span class='ocrx_word' id='word_1_76' title='bbox 104 997 249 1075; x_wconf 76' lang='grc' dir='ltr'><em>κάτῳ</em></span> <span class='ocrx_word' id='word_1_77' title='bbox 273 1002 369 1070; x_wconf 83' lang='grc' dir='ltr'><em>τῆς</em></span> <span class='ocrx_word' id='word_1_78' title='bbox 393 1006 737 1073; x_wconf 81' lang='grc' dir='ltr'><em>λειτουργίας</em></span> <span class='ocrx_word' id='word_1_79' title='bbox 775 1002 1010 1075; x_wconf 74' lang='grc' dir='ltr'><em>ἐνιαυτῷ</em></span> <span class='ocrx_word' id='word_1_80' title='bbox 1042 999 1478 1072; x_wconf 80' lang='grc' dir='ltr'><em>μεταλλάξαντος</em></span> <span class='ocrx_word' id='word_1_81' title='bbox 1503 997 1717 1074; x_wconf 60' lang='grc' dir='ltr'><em>’Τγῖνος</em></span> <span class='ocrx_word' id='word_1_82' title='bbox 1743 1026 1779 1056; x_wconf 86' lang='lat'><em>10</em></span> 
     </span>
     <span class='ocr_line' id='line_1_13' title="bbox 104 1082 1712 1158; baseline 0.002 -18"><span class='ocrx_word' id='word_1_83' title='bbox 104 1082 201 1140; x_wconf 87' lang='grc' dir='ltr'><em>τὸν</em></span> <span class='ocrx_word' id='word_1_84' title='bbox 231 1089 439 1157; x_wconf 84' lang='grc' dir='ltr'><em>κλῆρον</em></span> <span class='ocrx_word' id='word_1_85' title='bbox 479 1088 576 1156; x_wconf 85' lang='grc' dir='ltr'><em>τῆς</em></span> <span class='ocrx_word' id='word_1_86' title='bbox 609 1082 892 1156; x_wconf 86' lang='grc' dir='ltr'><em>Ῥωμαίων</em></span> <span class='ocrx_word' id='word_1_87' title='bbox 933 1088 1232 1157; x_wconf 77' lang='grc' dir='ltr'><em>ἐπισκοπῆς</em></span> <span class='ocrx_word' id='word_1_88' title='bbox 1273 1084 1712 1158; x_wconf 87' lang='grc' dir='ltr'><em>παραλαμβάνει.</em></span> 
     </span>
     <span class='ocr_line' id='line_1_14' title="bbox 106 1166 1716 1243; baseline 0.002 -19"><span class='ocrx_word' id='word_1_89' title='bbox 106 1172 316 1241; x_wconf 78' lang='grc' dir='ltr'><em>ἱστορεῖ</em></span> <span class='ocrx_word' id='word_1_90' title='bbox 341 1191 405 1240; x_wconf 86' lang='grc' dir='ltr'><em>γε</em></span> <span class='ocrx_word' id='word_1_91' title='bbox 434 1168 546 1241; x_wconf 88' lang='grc' dir='ltr'><em>μὴν</em></span> <span class='ocrx_word' id='word_1_92' title='bbox 580 1166 608 1225; x_wconf 85' lang='grc' dir='ltr'>ὁ</span> <span class='ocrx_word' id='word_1_93' title='bbox 641 1174 943 1241; x_wconf 79' lang='grc' dir='ltr'><em>Εἰρηναῖος</em></span> <span class='ocrx_word' id='word_1_94' title='bbox 984 1168 1082 1226; x_wconf 83' lang='grc' dir='ltr'><em>τὸν</em></span> <span class='ocrx_word' id='word_1_95' title='bbox 1122 1169 1472 1242; x_wconf 86' lang='grc' dir='ltr'><em>Τελεσφόρον</em></span> <span class='ocrx_word' id='word_1_96' title='bbox 1511 1195 1716 1243; x_wconf 89' lang='grc' dir='ltr'><em>μαρτυ-</em></span> 
     </span>
     <span class='ocr_line' id='line_1_15' title="bbox 107 1250 1716 1330; baseline 0.002 -22"><span class='ocrx_word' id='word_1_97' title='bbox 107 1258 208 1328; x_wconf 79' lang='grc' dir='ltr'><em>ρίῳ</em></span> <span class='ocrx_word' id='word_1_98' title='bbox 240 1250 344 1325; x_wconf 82' lang='grc' dir='ltr'><em>τὴν</em></span> <span class='ocrx_word' id='word_1_99' title='bbox 373 1252 636 1325; x_wconf 89' lang='grc' dir='ltr'><em>τελευτὴν</em></span> <span class='ocrx_word' id='word_1_100' title='bbox 671 1256 1000 1325; x_wconf 84' lang='grc' dir='ltr'><em>διαπρέψαι,</em></span> <span class='ocrx_word' id='word_1_101' title='bbox 1034 1256 1222 1326; x_wconf 80' lang='grc' dir='ltr'><em>δηλῶν</em></span> <span class='ocrx_word' id='word_1_102' title='bbox 1255 1257 1314 1311; x_wconf 87' lang='grc' dir='ltr'><em>ἐν</em></span> <span class='ocrx_word' id='word_1_103' title='bbox 1344 1254 1544 1330; x_wconf 75' lang='grc' dir='ltr'><em>ταύτῷ,</em></span> <span class='ocrx_word' id='word_1_104' title='bbox 1578 1254 1716 1312; x_wconf 77' lang='grc' dir='ltr'><em>κατὰ</em></span> 
     </span>
     <span class='ocr_line' id='line_1_16' title="bbox 100 1335 1716 1410; baseline 0.002 -17"><span class='ocrx_word' id='word_1_105' title='bbox 100 1337 196 1393; x_wconf 89' lang='grc' dir='ltr'><em>τὸν</em></span> <span class='ocrx_word' id='word_1_106' title='bbox 222 1335 569 1409; x_wconf 83' lang='grc' dir='ltr'><em>δηλούμενον</em></span> <span class='ocrx_word' id='word_1_107' title='bbox 591 1335 875 1410; x_wconf 90' lang='grc' dir='ltr'><em>Ῥωμαίων</em></span> <span class='ocrx_word' id='word_1_108' title='bbox 900 1340 1203 1395; x_wconf 80' lang='grc' dir='ltr'><em>ἐπίσκοπον</em></span> <span class='ocrx_word' id='word_1_109' title='bbox 1219 1337 1444 1409; x_wconf 71' lang='grc' dir='ltr'><em>Ὑγῖνον</em></span> <span class='ocrx_word' id='word_1_110' title='bbox 1471 1335 1716 1397; x_wconf 81' lang='grc' dir='ltr'><em>Οὐαλεν-</em></span> 
     </span>
     <span class='ocr_line' id='line_1_17' title="bbox 100 1421 1776 1496; baseline 0 -20"><span class='ocrx_word' id='word_1_111' title='bbox 100 1434 256 1478; x_wconf 83' lang='grc' dir='ltr'><em>τῐνον</em></span> <span class='ocrx_word' id='word_1_112' title='bbox 303 1426 448 1487; x_wconf 80' lang='grc' dir='ltr'><em>ἰδίας</em></span> <span class='ocrx_word' id='word_1_113' title='bbox 487 1425 750 1493; x_wconf 75' lang='grc' dir='ltr'><em>αἱρέσεως</em></span> <span class='ocrx_word' id='word_1_114' title='bbox 800 1421 1125 1494; x_wconf 82' lang='grc' dir='ltr'><em>εἰσηγητὴν,</em></span> <span class='ocrx_word' id='word_1_115' title='bbox 1167 1425 1259 1478; x_wconf 81' lang='grc' dir='ltr'><em>καὶ</em></span> <span class='ocrx_word' id='word_1_116' title='bbox 1299 1425 1577 1493; x_wconf 80' lang='grc' dir='ltr'><em>Κέρδωνα</em></span> <span class='ocrx_word' id='word_1_117' title='bbox 1615 1427 1711 1496; x_wconf 85' lang='grc' dir='ltr'><em>τῆς</em></span> <span class='ocrx_word' id='word_1_118' title='bbox 1738 1445 1776 1477; x_wconf 88' lang='lat'><em>15</em></span> 
     </span>
     <span class='ocr_line' id='line_1_18' title="bbox 100 1503 1713 1581; baseline 0.003 -21"><span class='ocrx_word' id='word_1_119' title='bbox 100 1503 236 1561; x_wconf 70' lang='grc' dir='ltr'><em>κατὰ</em></span> <span class='ocrx_word' id='word_1_120' title='bbox 289 1513 603 1577; x_wconf 84' lang='grc' dir='ltr'><em>Μαρκίωνα</em></span> <span class='ocrx_word' id='word_1_121' title='bbox 654 1503 865 1578; x_wconf 83' lang='grc' dir='ltr'><em>πλάνης</em></span> <span class='ocrx_word' id='word_1_122' title='bbox 918 1504 1164 1579; x_wconf 79' lang='grc' dir='ltr'><em>ἀρχηγὸν</em></span> <span class='ocrx_word' id='word_1_123' title='bbox 1217 1508 1307 1563; x_wconf 86' lang='grc' dir='ltr'><em>ἐπὶ</em></span> <span class='ocrx_word' id='word_1_124' title='bbox 1359 1511 1455 1579; x_wconf 82' lang='grc' dir='ltr'><em>τῆς</em></span> <span class='ocrx_word' id='word_1_125' title='bbox 1506 1506 1713 1581; x_wconf 75' lang='grc' dir='ltr'><em>Ῥώμης</em></span> 
     </span>
     <span class='ocr_line' id='line_1_19' title="bbox 97 1586 1260 1663; baseline 0.003 -19"><span class='ocrx_word' id='word_1_126' title='bbox 97 1586 262 1661; x_wconf 74' lang='grc' dir='ltr'><em>ἄμφω</em></span> <span class='ocrx_word' id='word_1_127' title='bbox 292 1596 676 1662; x_wconf 79' lang='grc' dir='ltr'><em>γνωρίζεσθαι.</em></span> <span class='ocrx_word' id='word_1_128' title='bbox 741 1589 944 1663; x_wconf 87' lang='grc' dir='ltr'><em>γράφει</em></span> <span class='ocrx_word' id='word_1_129' title='bbox 978 1592 1039 1647; x_wconf 90' lang='grc' dir='ltr'><em>δε</em></span> <span class='ocrx_word' id='word_1_130' title='bbox 1068 1587 1260 1657; x_wconf 79' lang='grc' dir='ltr'><em>οὕτως·</em></span> 
     </span>
     <span class='ocr_line' id='line_1_20' title="bbox 222 1672 1710 1750; baseline -0.001 -17"><span class='ocrx_word' id='word_1_131' title='bbox 222 1685 304 1734; x_wconf 88' lang='lat' dir='ltr'><em>XI.</em></span> <span class='ocrx_word' id='word_1_132' title='bbox 371 1683 498 1750; x_wconf 83' lang='lat' dir='ltr'><strong>[Nic.</strong></span> <span class='ocrx_word' id='word_1_133' title='bbox 536 1685 593 1734; x_wconf 92' lang='lat' dir='ltr'><em>H.</em></span> <span class='ocrx_word' id='word_1_134' title='bbox 634 1685 687 1734; x_wconf 89' lang='lat' dir='ltr'><em>E.</em></span> <span class='ocrx_word' id='word_1_135' title='bbox 727 1686 816 1742; x_wconf 86' lang='grc' dir='ltr'><strong>ΙΙΙ,</strong></span> <span class='ocrx_word' id='word_1_136' title='bbox 866 1683 940 1750; x_wconf 87' lang='lat'><em>4].</em></span> <span class='ocrx_word' id='word_1_137' title='bbox 999 1672 1414 1742; x_wconf 78' lang='grc' dir='ltr'><em>“Οὗαλεντῖνος</em></span> <span class='ocrx_word' id='word_1_138' title='bbox 1453 1700 1557 1748; x_wconf 90' lang='grc' dir='ltr'><em>μεν</em></span> <span class='ocrx_word' id='word_1_139' title='bbox 1605 1676 1710 1750; x_wconf 81' lang='grc' dir='ltr'><em>γὰρ</em></span> 
     </span>
     <span class='ocr_line' id='line_1_21' title="bbox 126 1756 1707 1833; baseline 0.003 -19"><span class='ocrx_word' id='word_1_140' title='bbox 126 1757 304 1828; x_wconf 80' lang='grc' dir='ltr'><em>ἦλθεν</em></span> <span class='ocrx_word' id='word_1_141' title='bbox 335 1764 412 1824; x_wconf 85' lang='grc' dir='ltr'><em>εἰς</em></span> <span class='ocrx_word' id='word_1_142' title='bbox 435 1756 649 1832; x_wconf 78' lang='grc' dir='ltr'><em>Ρώμην</em></span> <span class='ocrx_word' id='word_1_143' title='bbox 682 1761 772 1815; x_wconf 88' lang='grc' dir='ltr'><em>ἐπὶ</em></span> <span class='ocrx_word' id='word_1_144' title='bbox 808 1757 1050 1831; x_wconf 80' lang='grc' dir='ltr'><em>Τγίνου,</em></span> <span class='ocrx_word' id='word_1_145' title='bbox 1082 1757 1295 1832; x_wconf 79' lang='grc' dir='ltr'><em>ἤκμασε</em></span> <span class='ocrx_word' id='word_1_146' title='bbox 1328 1761 1388 1817; x_wconf 90' lang='grc' dir='ltr'><em>δε</em></span> <span class='ocrx_word' id='word_1_147' title='bbox 1421 1763 1508 1817; x_wconf 88' lang='grc' dir='ltr'><em>ἐπὶ</em></span> <span class='ocrx_word' id='word_1_148' title='bbox 1538 1769 1707 1833; x_wconf 90' lang='grc' dir='ltr'><em>Πιου,</em></span> 
     </span>
     <span class='ocr_line' id='line_1_22' title="bbox 40 1839 1770 1952; baseline 0.001 -54"><span class='ocrx_word' id='word_1_149' title='bbox 40 1886 44 1890; x_wconf 75' lang='lat'><strong>.</strong></span> <span class='ocrx_word' id='word_1_150' title='bbox 88 1839 217 1898; x_wconf 64' lang='lat' dir='ltr'><em>“aaz</em></span> <span class='ocrx_word' id='word_1_151' title='bbox 258 1844 595 1916; x_wconf 83' lang='grc' dir='ltr'><em>παρέμεινεν</em></span> <span class='ocrx_word' id='word_1_152' title='bbox 636 1846 739 1909; x_wconf 84' lang='grc' dir='ltr'><em>ε’ως</em></span> <span class='ocrx_word' id='word_1_153' title='bbox 773 1842 1078 1952; x_wconf 14' lang='grc' dir='ltr'><em>ᾈΑνικητου.</em></span> <span class='ocrx_word' id='word_1_154' title='bbox 1150 1848 1389 1919; x_wconf 87' lang='grc' dir='ltr'><em>Κέρδων</em></span> <span class='ocrx_word' id='word_1_155' title='bbox 1436 1846 1495 1901; x_wconf 86' lang='grc' dir='ltr'><em>δε</em></span> <span class='ocrx_word' id='word_1_156' title='bbox 1539 1841 1567 1901; x_wconf 86' lang='grc' dir='ltr'>ὁ</span> <span class='ocrx_word' id='word_1_157' title='bbox 1599 1843 1706 1917; x_wconf 75' lang='grc' dir='ltr'><em>πρὸ</em></span> <span class='ocrx_word' id='word_1_158' title='bbox 1729 1866 1770 1899; x_wconf 83' lang='lat'><em>20</em></span> 
     </span>
     <span class='ocr_line' id='line_1_23' title="bbox 86 1921 1709 2002; baseline 0.002 -19"><span class='ocrx_word' id='word_1_159' title='bbox 86 1923 463 2002; x_wconf 60' lang='lat' dir='ltr'><em>“Mapm&#39;covog</em></span> <span class='ocrx_word' id='word_1_160' title='bbox 514 1930 606 1984; x_wconf 80' lang='grc' dir='ltr'><em>καὶ</em></span> <span class='ocrx_word' id='word_1_161' title='bbox 660 1924 825 1995; x_wconf 86' lang='grc' dir='ltr'><em>αυτὸς</em></span> <span class='ocrx_word' id='word_1_162' title='bbox 872 1931 957 1985; x_wconf 80' lang='grc' dir='ltr'><em>ἐπὶ</em></span> <span class='ocrx_word' id='word_1_163' title='bbox 1005 1927 1247 2001; x_wconf 70' lang='grc' dir='ltr'><em>Ὑγίνου,</em></span> <span class='ocrx_word' id='word_1_164' title='bbox 1299 1954 1358 1995; x_wconf 89' lang='grc' dir='ltr'><em>ος</em></span> <span class='ocrx_word' id='word_1_165' title='bbox 1403 1921 1474 2000; x_wconf 79' lang='grc' dir='ltr'><em>ἦν</em></span> <span class='ocrx_word' id='word_1_166' title='bbox 1520 1937 1709 1996; x_wconf 83' lang='grc' dir='ltr'><em>ἔνατος</em></span> 
     </span>
     <span class='ocr_line' id='line_1_24' title="bbox 87 2009 1708 2086; baseline 0.001 -18"><span class='ocrx_word' id='word_1_167' title='bbox 87 2009 448 2084; x_wconf 78' lang='grc' dir='ltr'><em>“ἐπίσκοπος,</em></span> <span class='ocrx_word' id='word_1_168' title='bbox 510 2018 588 2079; x_wconf 87' lang='grc' dir='ltr'><em>είς</em></span> <span class='ocrx_word' id='word_1_169' title='bbox 638 2011 741 2085; x_wconf 84' lang='grc' dir='ltr'><em>τὴν</em></span> <span class='ocrx_word' id='word_1_170' title='bbox 795 2015 1091 2085; x_wconf 82' lang='grc' dir='ltr'><em>ἐκκλησίαν</em></span> <span class='ocrx_word' id='word_1_171' title='bbox 1144 2013 1330 2070; x_wconf 77' lang='grc' dir='ltr'><em>ἐλθων</em></span> <span class='ocrx_word' id='word_1_172' title='bbox 1382 2015 1473 2069; x_wconf 82' lang='grc' dir='ltr'><em>καὶ</em></span> <span class='ocrx_word' id='word_1_173' title='bbox 1528 2017 1708 2086; x_wconf 81' lang='grc' dir='ltr'><em>ἐξομο-</em></span> 
     </span>
     <span class='ocr_line' id='line_1_25' title="bbox 86 2093 1708 2171; baseline 0.002 -20"><span class='ocrx_word' id='word_1_174' title='bbox 86 2093 455 2169; x_wconf 78' lang='grc' dir='ltr'><em>“λογούμενος</em></span> <span class='ocrx_word' id='word_1_175' title='bbox 516 2093 661 2154; x_wconf 77' lang='grc' dir='ltr'><em>οὕτω</em></span> <span class='ocrx_word' id='word_1_176' title='bbox 727 2100 1029 2170; x_wconf 86' lang='grc' dir='ltr'><em>διετέλεσε,</em></span> <span class='ocrx_word' id='word_1_177' title='bbox 1094 2099 1227 2154; x_wconf 72' lang='grc' dir='ltr'><em>ποτὲ</em></span> <span class='ocrx_word' id='word_1_178' title='bbox 1286 2099 1387 2171; x_wconf 74' lang='grc' dir='ltr'><em>μὲν</em></span> <span class='ocrx_word' id='word_1_179' title='bbox 1446 2103 1708 2171; x_wconf 83' lang='grc' dir='ltr'><em>λαθροδι-</em></span> 
     </span>
     <span class='ocr_line' id='line_1_26' title="bbox 86 2177 1708 2256; baseline 0.002 -20"><span class='ocrx_word' id='word_1_180' title='bbox 86 2177 449 2251; x_wconf 73' lang='grc' dir='ltr'><em>“δασκαλών,</em></span> <span class='ocrx_word' id='word_1_181' title='bbox 504 2182 635 2239; x_wconf 71' lang='grc' dir='ltr'><em>ποτε</em></span> <span class='ocrx_word' id='word_1_182' title='bbox 678 2182 740 2238; x_wconf 76' lang='grc' dir='ltr'><em>δὲ</em></span> <span class='ocrx_word' id='word_1_183' title='bbox 792 2181 960 2239; x_wconf 86' lang='grc' dir='ltr'><em>πάλιν</em></span> <span class='ocrx_word' id='word_1_184' title='bbox 1003 2181 1520 2256; x_wconf 84' lang='grc' dir='ltr'><em>ἐξομολογούμενος,</em></span> <span class='ocrx_word' id='word_1_185' title='bbox 1575 2184 1708 2239; x_wconf 78' lang='grc' dir='ltr'><em>ποτὲ</em></span> 
     </span>
     <span class='ocr_line' id='line_1_27' title="bbox 87 2259 1770 2339; baseline 0.001 -18"><span class='ocrx_word' id='word_1_186' title='bbox 87 2259 186 2321; x_wconf 60' lang='grc' dir='ltr'><em>’Ὃὲ</em></span> <span class='ocrx_word' id='word_1_187' title='bbox 229 2263 581 2338; x_wconf 87' lang='grc' dir='ltr'><em>ἐλεγχόμενος</em></span> <span class='ocrx_word' id='word_1_188' title='bbox 623 2265 711 2339; x_wconf 86' lang='grc' dir='ltr'><em>ἐφ’</em></span> <span class='ocrx_word' id='word_1_189' title='bbox 763 2262 844 2333; x_wconf 83' lang='grc' dir='ltr'><em>οἷς</em></span> <span class='ocrx_word' id='word_1_190' title='bbox 889 2269 1150 2324; x_wconf 84' lang='grc' dir='ltr'><em>ἐδίδασκε</em></span> <span class='ocrx_word' id='word_1_191' title='bbox 1188 2273 1398 2339; x_wconf 75' lang='grc' dir='ltr'><em>κακῶς,</em></span> <span class='ocrx_word' id='word_1_192' title='bbox 1440 2270 1531 2324; x_wconf 85' lang='grc' dir='ltr'><em>καὶ</em></span> <span class='ocrx_word' id='word_1_193' title='bbox 1573 2265 1704 2339; x_wconf 79' lang='grc' dir='ltr'><em>άφι-</em></span> <span class='ocrx_word' id='word_1_194' title='bbox 1730 2285 1770 2317; x_wconf 77' lang='lat'><em>25</em></span> 
     </span>
     <span class='ocr_line' id='line_1_28' title="bbox 85 2345 1712 2423; baseline 0.002 -18"><span class='ocrx_word' id='word_1_195' title='bbox 85 2345 390 2422; x_wconf 80' lang='grc' dir='ltr'><em>“στάμενος</em></span> <span class='ocrx_word' id='word_1_196' title='bbox 431 2355 528 2422; x_wconf 83' lang='grc' dir='ltr'><em>τῆς</em></span> <span class='ocrx_word' id='word_1_197' title='bbox 568 2353 680 2407; x_wconf 76' lang='grc' dir='ltr'><em>τῶν</em></span> <span class='ocrx_word' id='word_1_198' title='bbox 719 2347 983 2423; x_wconf 69' lang='grc' dir='ltr'><em>ἀδελφοῖν</em></span> <span class='ocrx_word' id='word_1_199' title='bbox 1031 2348 1351 2418; x_wconf 87' lang='grc' dir='ltr'><em>συνοδίας.”</em></span> <span class='ocrx_word' id='word_1_200' title='bbox 1421 2358 1598 2408; x_wconf 80' lang='grc' dir='ltr'><em>ταῦτα</em></span> <span class='ocrx_word' id='word_1_201' title='bbox 1646 2354 1712 2408; x_wconf 88' lang='grc' dir='ltr'><em>δέ</em></span> 
     </span>
     <span class='ocr_line' id='line_1_29' title="bbox 93 2434 1705 2511; baseline 0.001 -21"><span class='ocrx_word' id='word_1_202' title='bbox 93 2452 264 2504; x_wconf 88' lang='grc' dir='ltr'><em>φησιν</em></span> <span class='ocrx_word' id='word_1_203' title='bbox 317 2436 377 2491; x_wconf 91' lang='grc' dir='ltr'><em>ἐν</em></span> <span class='ocrx_word' id='word_1_204' title='bbox 419 2442 586 2511; x_wconf 79' lang='grc' dir='ltr'><em>τρίτῳ</em></span> <span class='ocrx_word' id='word_1_205' title='bbox 628 2439 741 2492; x_wconf 77' lang='grc' dir='ltr'><em>τῶν</em></span> <span class='ocrx_word' id='word_1_206' title='bbox 781 2434 918 2508; x_wconf 88' lang='grc' dir='ltr'><em>πρὸς</em></span> <span class='ocrx_word' id='word_1_207' title='bbox 957 2434 1052 2502; x_wconf 77' lang='grc' dir='ltr'><em>τὰς</em></span> <span class='ocrx_word' id='word_1_208' title='bbox 1105 2437 1356 2510; x_wconf 76' lang='grc' dir='ltr'><em>αἱρέσεις.</em></span> <span class='ocrx_word' id='word_1_209' title='bbox 1445 2440 1494 2493; x_wconf 73' lang='lat'><em>2.</em></span> <span class='ocrx_word' id='word_1_210' title='bbox 1539 2441 1600 2493; x_wconf 84' lang='grc' dir='ltr'><em>ε”ν</em></span> <span class='ocrx_word' id='word_1_211' title='bbox 1643 2460 1705 2507; x_wconf 90' lang='grc' dir='ltr'><em>γε</em></span> 
     </span>
     <span class='ocr_line' id='line_1_30' title="bbox 93 2511 1703 2596; baseline 0.001 -22"><span class='ocrx_word' id='word_1_212' title='bbox 93 2515 202 2590; x_wconf 78' lang='grc' dir='ltr'><em>μὴν</em></span> <span class='ocrx_word' id='word_1_213' title='bbox 231 2522 308 2594; x_wconf 77' lang='grc' dir='ltr'><em>τῷ</em></span> <span class='ocrx_word' id='word_1_214' title='bbox 340 2518 539 2596; x_wconf 75' lang='grc' dir='ltr'><em>πρώτω</em></span> <span class='ocrx_word' id='word_1_215' title='bbox 571 2511 738 2586; x_wconf 77' lang='grc' dir='ltr'><em>αὖθις</em></span> <span class='ocrx_word' id='word_1_216' title='bbox 769 2522 895 2592; x_wconf 90' lang='grc' dir='ltr'><em>περὶ</em></span> <span class='ocrx_word' id='word_1_217' title='bbox 926 2523 1334 2594; x_wconf 85' lang='grc' dir='ltr'><em>τοῦΚέρδωνος</em></span> <span class='ocrx_word' id='word_1_218' title='bbox 1362 2523 1535 2577; x_wconf 79' lang='grc' dir='ltr'><em>ταῦτα</em></span> <span class='ocrx_word' id='word_1_219' title='bbox 1566 2523 1703 2588; x_wconf 79' lang='grc' dir='ltr'><em>διέξ-</em></span> 
     </span>
     <span class='ocr_line' id='line_1_31' title="bbox 94 2599 1704 2678; baseline 0.002 -21"><span class='ocrx_word' id='word_1_220' title='bbox 94 2618 197 2658; x_wconf 84' lang='grc' dir='ltr'><em>εισι</em></span> <span class='ocrx_word' id='word_1_221' title='bbox 242 2600 516 2675; x_wconf 81' lang='grc' dir='ltr'><em>“Κε’ρδων</em></span> <span class='ocrx_word' id='word_1_222' title='bbox 549 2606 615 2660; x_wconf 84' lang='grc' dir='ltr'><em>δέ</em></span> <span class='ocrx_word' id='word_1_223' title='bbox 639 2629 720 2670; x_wconf 89' lang='grc' dir='ltr'><em>τις</em></span> <span class='ocrx_word' id='word_1_224' title='bbox 750 2599 857 2660; x_wconf 81' lang='grc' dir='ltr'><em>άπὸ</em></span> <span class='ocrx_word' id='word_1_225' title='bbox 897 2607 1008 2661; x_wconf 75' lang='grc' dir='ltr'><em>τῶν</em></span> <span class='ocrx_word' id='word_1_226' title='bbox 1049 2607 1177 2678; x_wconf 91' lang='grc' dir='ltr'><em>περὶ</em></span> <span class='ocrx_word' id='word_1_227' title='bbox 1205 2602 1303 2662; x_wconf 85' lang='grc' dir='ltr'><em>τὸν</em></span> <span class='ocrx_word' id='word_1_228' title='bbox 1337 2611 1570 2677; x_wconf 90' lang='grc' dir='ltr'><em>Σίμωνα</em></span> <span class='ocrx_word' id='word_1_229' title='bbox 1609 2604 1704 2671; x_wconf 76' lang='grc' dir='ltr'><em>τὰς</em></span> 
     </span>
     <span class='ocr_line' id='line_1_32' title="bbox 86 2679 1768 2794; baseline 0.001 -53"><span class='ocrx_word' id='word_1_230' title='bbox 86 2679 116 2703; x_wconf 76' lang='grc'><strong><em>“</em></strong></span> <span class='ocrx_word' id='word_1_231' title='bbox 124 2682 374 2759; x_wconf 81' lang='grc' dir='ltr'><em>ἄφορμας</em></span> <span class='ocrx_word' id='word_1_232' title='bbox 406 2687 613 2794; x_wconf 87' lang='grc' dir='ltr'><em>λαβων,</em></span> <span class='ocrx_word' id='word_1_233' title='bbox 645 2691 737 2745; x_wconf 80' lang='grc' dir='ltr'><em>καὶ</em></span> <span class='ocrx_word' id='word_1_234' title='bbox 771 2687 1112 2762; x_wconf 84' lang='grc' dir='ltr'><em>ἐπιδημήσας</em></span> <span class='ocrx_word' id='word_1_235' title='bbox 1146 2695 1222 2757; x_wconf 86' lang='grc' dir='ltr'><em>εἰς</em></span> <span class='ocrx_word' id='word_1_236' title='bbox 1253 2687 1355 2760; x_wconf 83' lang='grc' dir='ltr'><em>τὴν</em></span> <span class='ocrx_word' id='word_1_237' title='bbox 1377 2688 1587 2762; x_wconf 76' lang='grc' dir='ltr'><em>Ῥώμην</em></span> <span class='ocrx_word' id='word_1_238' title='bbox 1613 2690 1701 2744; x_wconf 83' lang='grc' dir='ltr'><em>ἐπὶ</em></span> <span class='ocrx_word' id='word_1_239' title='bbox 1727 2713 1768 2744; x_wconf 87' lang='lat'><strong>30</strong></span> 
     </span>
    </p>
   </div>
   <div class='ocr_carea' id='block_1_4' title="bbox 262 2791 416 2795">
    <p class='ocr_par' dir='ltr' id='par_1_4' title="bbox 262 2791 416 2795">
     <span class='ocr_line' id='line_1_33' title="bbox 262 2791 416 2795; baseline 0 0"><span class='ocrx_word' id='word_1_240' title='bbox 262 2791 416 2795; x_wconf 95' lang='lat' dir='ltr'><em> </em></span> 
     </span>
    </p>
   </div>
   <div class='ocr_carea' id='block_1_5' title="bbox 92 2825 1699 2934">
    <p class='ocr_par' dir='ltr' id='par_1_5' title="bbox 92 2825 1699 2934">
     <span class='ocr_line' id='line_1_34' title="bbox 208 2825 1699 2878; baseline 0 -15"><span class='ocrx_word' id='word_1_241' title='bbox 208 2826 258 2863; x_wconf 95' lang='grc'><em>12</em></span> <span class='ocrx_word' id='word_1_242' title='bbox 290 2825 413 2868; x_wconf 85' lang='lat' dir='ltr'><strong>Ir.en</strong></span> <span class='ocrx_word' id='word_1_243' title='bbox 442 2826 525 2876; x_wconf 91' lang='lat' dir='ltr'>III,</span> <span class='ocrx_word' id='word_1_244' title='bbox 560 2828 601 2877; x_wconf 88' lang='lat'><em>3,</em></span> <span class='ocrx_word' id='word_1_245' title='bbox 634 2828 675 2866; x_wconf 98' lang='lat'><strong>3.</strong></span> <span class='ocrx_word' id='word_1_246' title='bbox 709 2839 752 2878; x_wconf 90' lang='grc' dir='ltr'><em>Ρ.</em></span> <span class='ocrx_word' id='word_1_247' title='bbox 791 2827 881 2869; x_wconf 84' lang='grc'><em>176.</em></span> <span class='ocrx_word' id='word_1_248' title='bbox 1028 2828 1079 2867; x_wconf 90' lang='grc'><em>18</em></span> <span class='ocrx_word' id='word_1_249' title='bbox 1110 2827 1230 2867; x_wconf 80' lang='lat' dir='ltr'><strong>Iren.</strong></span> <span class='ocrx_word' id='word_1_250' title='bbox 1264 2827 1349 2877; x_wconf 89' lang='grc' dir='ltr'><em>ΙΙΙ,</em></span> <span class='ocrx_word' id='word_1_251' title='bbox 1382 2828 1420 2872; x_wconf 83' lang='grc'><em>4,</em></span> <span class='ocrx_word' id='word_1_252' title='bbox 1454 2829 1493 2866; x_wconf 88' lang='lat'><strong>3.</strong></span> <span class='ocrx_word' id='word_1_253' title='bbox 1526 2839 1568 2878; x_wconf 87' lang='lat' dir='ltr'><em>p.</em></span> <span class='ocrx_word' id='word_1_254' title='bbox 1605 2826 1699 2865; x_wconf 81' lang='lat'><strong>178.</strong></span> 
     </span>
     <span class='ocr_line' id='line_1_35' title="bbox 92 2877 743 2934; baseline 0.008 -17"><span class='ocrx_word' id='word_1_255' title='bbox 92 2877 145 2918; x_wconf 86' lang='grc'><em>29</em></span> <span class='ocrx_word' id='word_1_256' title='bbox 176 2879 296 2922; x_wconf 87' lang='lat' dir='ltr'><strong>Iren</strong></span> <span class='ocrx_word' id='word_1_257' title='bbox 331 2881 365 2931; x_wconf 94' lang='lat'><em>1,</em></span> <span class='ocrx_word' id='word_1_258' title='bbox 399 2883 465 2927; x_wconf 80' lang='lat'><em>27,</em></span> <span class='ocrx_word' id='word_1_259' title='bbox 502 2883 537 2921; x_wconf 95' lang='lat'>1</span> <span class='ocrx_word' id='word_1_260' title='bbox 571 2894 614 2934; x_wconf 88' lang='lat' dir='ltr'><em>p.</em></span> <span class='ocrx_word' id='word_1_261' title='bbox 650 2883 743 2922; x_wconf 85' lang='lat'><strong>105.</strong></span> 
     </span>
    </p>
   </div>
   <div class='ocr_carea' id='block_1_6' title="bbox 1334 2948 1438 2999">
    <p class='ocr_par' dir='ltr' id='par_1_6' title="bbox 1334 2948 1438 2999">
     <span class='ocr_line' id='line_1_36' title="bbox 1334 2948 1438 2999; baseline 0.01 -1"><span class='ocrx_word' id='word_1_262' title='bbox 1334 2948 1438 2999; x_wconf 66' lang='lat'><em>10*</em></span> 
     </span>
    </p>
   </div>
  </div>
 </body>
</html>
