2032 3174
814 103 937 145 CAP.
971 107 1007 144 3.
1560 105 1599 145 X
1608 103 1713 144 LIX

106 221 221 266 stus
270 214 488 266 Domini
546 213 966 285 comprehensus
1022 220 1104 265 est
1158 214 1214 265 in
1270 213 1711 283 corruptionibus

107 317 321 364 eorum,
363 299 408 349 is
448 298 515 350 de
554 317 658 368 quo
699 297 962 349 diximus:
1004 299 1059 349 in
1097 298 1292 351 umbra
1318 299 1436 368 ejus
1464 297 1711 350 vivemus

106 385 161 435 in
199 382 377 434 medio
415 383 720 452 gentium.“
793 383 976 451 Atque
1013 382 1208 434 iterum
1234 381 1418 434 David
1446 382 1593 434 hisce
1621 381 1713 435 ob-

104 474 420 537 stupescens
449 467 591 518 dixit
618 467 732 535 (Ps.
758 466 819 534 2,
850 467 895 517 1.
922 466 997 536 2.)
1039 465 1200 532 „Cur
1225 467 1562 518 fremuerunt
1587 484 1711 535 gen-

101 560 183 604 tes
222 559 276 604 et
312 551 496 622 populi
534 550 866 603 meditantur
892 549 1113 602 inania?
1167 550 1531 603 Surrexerunt
1556 568 1710 619 reges

100 644 155 688 et
200 637 471 707 principes
520 644 695 688 terrae
743 641 798 686 et
844 643 1213 687 convenerunt
1251 634 1410 687 simul
1449 634 1711 688 adversus

101 721 378 773 dominum
426 727 478 772 et
520 722 640 790 ejus
679 717 958 772 Christum
974 722 1020 785 (ί,
1069 719 1264 789 quibus
1314 720 1447 771 haec
1485 720 1710 790 subjun-

101 806 184 857 xit
221 805 378 875 quasi·
414 822 482 856 ex
520 821 750 875 persona
788 803 1029 855 Christi:
1089 804 1358 855 Dominus
1403 804 1535 854 mihi
1574 804 1712 855 dixit

102 889 223 958 (ΡΒ.
262 889 321 955 2,
367 891 410 941 1.
449 889 567 958 2.;)
625 889 757 955 „Tu
796 907 852 940 es
893 887 1037 940 filius
1075 907 1245 954 meUS,
1286 906 1385 958 ego
1424 888 1584 940 hodie
1622 906 1710 957 ge-

99 973 191 1025 nui
237 981 306 1026 te.
382 974 605 1026 Postula
650 992 683 1025 a
728 991 812 1024 me
863 981 916 1025 et
969 973 1111 1026 dabo
1162 973 1260 1026 tibi
1308 972 1536 1043 populos
1586 973 1709 1024 hae-

98 1058 385 1111 reditatem
423 1065 574 1110 tuam
609 1065 661 1110 et
698 1059 1090 1127 possessionem
1124 1064 1269 1110 tuam
1306 1059 1568 1111 terminos
1604 1064 1708 1109 ter-

98 1145 249 1195 rae.“
325 1146 357 1208 §
385 1143 434 1195 7.
508 1142 697 1213 Neque
743 1142 846 1195 soli
895 1143 987 1213 qui
1033 1160 1242 1195 summo
1282 1143 1586 1195 sacerdotio
1627 1161 1707 1195 or-

98 1228 212 1280 nati
274 1234 454 1294 erant,
517 1235 571 1279 et
631 1227 816 1298 typice
879 1226 997 1280 oleo
1060 1228 1284 1281 odorato
1342 1227 1707 1297 ungebantur,

98 1311 392 1364 honorifico
442 1311 658 1363 nomine
707 1310 912 1363 Christi
963 1312 1373 1365 honorabantur
1421 1312 1564 1383 apud
1603 1312 1707 1364 He-

99 1395 322 1461 branS,
364 1394 460 1447 sed
499 1396 661 1447 etiam
700 1414 881 1463 regeS,
922 1413 1056 1466 quos
1095 1396 1394 1466 prophetae
1432 1397 1588 1468 quasi
1626 1415 1707 1448 ar-

98 1497 231 1532 cano
267 1479 373 1532 Dei
405 1480 567 1550 jussu
603 1487 900 1546 unxerant,
940 1488 1129 1550 utpote
1164 1480 1518 1535 adumbratos
1556 1481 1706 1532 Chri-

97 1572 207 1618 stos
246 1564 560 1616 effecerunt:
602 1583 725 1616 nam
762 1564 819 1615 hi
855 1565 963 1634 ipsi
997 1564 1289 1634 imaginem
1326 1566 1493 1618 solius
1532 1565 1703 1635 ipsius

95 1649 211 1702 veri
250 1648 482 1714 Christi,
533 1649 625 1719 qui
664 1649 844 1702 omnia
882 1649 1176 1718 gubernat,
1225 1651 1279 1702 in
1327 1668 1386 1702 se
1423 1650 1704 1718 gerebant,

19 1732 22 1734 ’
95 1733 434 1802 (imaginem)
473 1732 754 1802 dignitatis
793 1733 1000 1802 regiae,
1050 1741 1105 1786 et
1142 1734 1435 1804 potestatis
1476 1741 1528 1786 et
1564 1733 1705 1803 prin-

94 1819 318 1888 cipatus,
405 1820 438 1883 ἓ
476 1818 525 1870 8.
589 1818 794 1871 Iterum
842 1819 1007 1870 etiam
1057 1836 1086 1869 e
1133 1817 1411 1889 prophetis
1460 1816 1704 1869 nonnulli

93 1903 184 1972 qui
221 1901 372 1954 uncti
416 1910 594 1968 erant,
643 1903 827 1974 typice
874 1902 1172 1969 ,‚Christi“
1220 1903 1581 1966 vocabantur,
1630 1901 1705 1952 ita

93 1994 152 2038 ut
177 1986 230 2038 hi
259 1994 463 2057 typum,
491 2006 650 2057 quem
675 1986 997 2053 induerant,
1026 1987 1097 2039 ad
1125 1989 1306 2058 ipsum
1333 2005 1525 2040 verum
1552 1985 1704 2037 Chri-

92 2078 259 2138 stum⁷
301 2070 546 2124 divinum
583 2073 835 2137 verbum,
876 2072 1170 2139 referrent,
1208 2072 1279 2124 ad
1319 2090 1459 2138 eum,
1500 2071 1592 2140 qui
1620 2089 1701 2122 so-

90 2154 173 2207 lus
211 2156 327 2224 ipse
367 2175 606 2208 suminus
645 2157 894 2225 pontifex
906 2197 920 2224 ,
961 2158 1124 2209 etiam
1165 2156 1310 2209 solus
1338 2174 1436 2208 rex
1463 2155 1703 2207 omnium

47 2305 53 2309 ἣ
90 2247 486 2308 creaturarum,
536 2248 589 2293 et
634 2240 779 2293 solus
820 2242 1066 2294 dominus
1106 2240 1492 2311 prophetarum
1530 2239 1701 2309 patris

92 2331 192 2376 est.
275 2327 308 2390 ξ
347 2326 397 2377 9.
461 2325 633 2395 Cujus
683 2325 762 2377 rei
812 2333 1191 2395 argumentum
1243 2325 1342 2378 hoc
1392 2332 1501 2391 est,
1561 2324 1701 2394 quod

91 2406 268 2458 nullus
317 2427 386 2460 ex
432 2410 706 2463 veteribus
756 2411 848 2480 qui
896 2411 1077 2481 typice
1126 2411 1277 2463 uncti
1322 2416 1476 2474 sunt,
1526 2426 1701 2477 neque

91 2510 120 2542 e
158 2491 558 2560 sacerdotibUS,
607 2512 782 2564 neque
830 2513 858 2546 e
906 2495 1126 2563 regibus
1164 2513 1339 2564 neque
1379 2513 1407 2546 e
1444 2493 1701 2564 principi-

89 2575 189 2628 bus
219 2577 307 2643 (B.
334 2577 603 2647 principe)
630 2578 1019 2649 prophetarum
1052 2587 1261 2632 tantam
1299 2578 1520 2631 virtutis
1561 2577 1698 2629 divi-

88 2677 189 2711 nae
236 2662 535 2730 potentiam
584 2662 814 2733 adeptus
854 2672 964 2730 est,
1017 2671 1275 2734 quantam
1325 2668 1571 2715 servator
1608 2679 1698 2713 no-

90 2750 224 2810 ster,
263 2744 530 2798 Dominus
556 2753 742 2799 noster
769 2746 958 2814 JesuS,
998 2749 1044 2799 is
1083 2750 1176 2816 qui
1215 2747 1359 2800 solus
1392 2747 1509 2816 ipse
1536 2763 1696 2798 verus

89 2827 362 2895 Christus,
410 2830 666 2883 ostendit.
760 2834 792 2895 ξ
836 2832 915 2883 10.
979 2830 1172 2883 Nullus
1222 2849 1433 2895 eorum,
1484 2828 1695 2881 etiamsi

162 2927 386 2956 ansuinus
421 2929 482 2958 1v.
1414 2920 1440 2961 d
