<?xml version="1.0" encoding="UTF-8"?>
<!DOCTYPE html PUBLIC "-//W3C//DTD XHTML 1.0 Transitional//EN"
    "http://www.w3.org/TR/xhtml1/DTD/xhtml1-transitional.dtd">
<html xmlns="http://www.w3.org/1999/xhtml" xml:lang="en" lang="en">
 <head>
  <title>
</title>
<meta http-equiv="Content-Type" content="text/html;charset=utf-8" />
  <meta name='ocr-system' content='tesseract 3.04.00' />
  <meta name='ocr-capabilities' content='ocr_page ocr_carea ocr_par ocr_line ocrx_word'/>
</head>
<body>
  <div class='ocr_page' id='page_1' title='image "./operaeusebius04euseuoft_0042.png"; bbox 0 0 2032 3174; ppageno 0'>
   <div class='ocr_carea' id='block_1_1' title="bbox 415 700 1742 886">
    <p class='ocr_par' dir='ltr' id='par_1_1' title="bbox 415 700 1742 886">
     <span class='ocr_line' id='line_1_1' title="bbox 816 700 1416 755; baseline -0.003 0"><span class='ocrx_word' id='word_1_1' title='bbox 816 700 1063 755; x_wconf 81' lang='lat' dir='ltr'>CAPUT</span> <span class='ocrx_word' id='word_1_2' title='bbox 1103 701 1416 754; x_wconf 88' lang='lat' dir='ltr'><strong>PRIMUM.</strong></span> 
     </span>
     <span class='ocr_line' id='line_1_2' title="bbox 415 780 1742 886; baseline 0.001 -17"><span class='ocrx_word' id='word_1_3' title='bbox 415 798 417 800; x_wconf 43' lang='grc'><strong>’</strong></span> <span class='ocrx_word' id='word_1_4' title='bbox 486 813 736 881; x_wconf 77' lang='lat' dir='ltr'>Quaenam</span> <span class='ocrx_word' id='word_1_5' title='bbox 774 780 840 869; x_wconf 81' lang='lat' dir='ltr'>sit</span> <span class='ocrx_word' id='word_1_6' title='bbox 875 812 1087 869; x_wconf 83' lang='lat' dir='ltr'>historia</span> <span class='ocrx_word' id='word_1_7' title='bbox 1124 815 1260 869; x_wconf 85' lang='lat' dir='ltr'>initii</span> <span class='ocrx_word' id='word_1_8' title='bbox 1298 812 1471 885; x_wconf 84' lang='lat' dir='ltr'>(hujus</span> <span class='ocrx_word' id='word_1_9' title='bbox 1512 815 1742 886; x_wconf 84' lang='lat' dir='ltr'>operis)?</span> 
     </span>
    </p>
   </div>
   <div class='ocr_carea' id='block_1_2' title="bbox 308 953 1923 1698">
    <p class='ocr_par' dir='ltr' id='par_1_2' title="bbox 308 953 1923 1698">
     <span class='ocr_line' id='line_1_3' title="bbox 418 953 1923 1023; baseline -0.001 -16"><span class='ocrx_word' id='word_1_10' title='bbox 418 957 451 1021; x_wconf 63' lang='grc' dir='ltr'>ξ</span> <span class='ocrx_word' id='word_1_11' title='bbox 483 956 527 1007; x_wconf 92' lang='grc'>1.</span> <span class='ocrx_word' id='word_1_12' title='bbox 606 954 1016 1008; x_wconf 86' lang='lat' dir='ltr'>Successionem</span> <span class='ocrx_word' id='word_1_13' title='bbox 1042 953 1347 1023; x_wconf 86' lang='lat' dir='ltr'>legatorum</span> <span class='ocrx_word' id='word_1_14' title='bbox 1372 954 1498 1006; x_wconf 90' lang='lat' dir='ltr'>inde</span> <span class='ocrx_word' id='word_1_15' title='bbox 1536 973 1569 1006; x_wconf 89' lang='lat' dir='ltr'>a</span> <span class='ocrx_word' id='word_1_16' title='bbox 1603 954 1793 1008; x_wconf 88' lang='lat' dir='ltr'>diebus</span> <span class='ocrx_word' id='word_1_17' title='bbox 1822 955 1923 1007; x_wconf 86' lang='lat' dir='ltr'>sal-</span> 
     </span>
     <span class='ocr_line' id='line_1_4' title="bbox 309 1037 1923 1110; baseline -0.002 -17"><span class='ocrx_word' id='word_1_18' title='bbox 309 1039 518 1093; x_wconf 88' lang='lat' dir='ltr'>vatoris</span> <span class='ocrx_word' id='word_1_19' title='bbox 553 1039 725 1090; x_wconf 83' lang='lat' dir='ltr'>nostri</span> <span class='ocrx_word' id='word_1_20' title='bbox 761 1057 932 1110; x_wconf 89' lang='lat' dir='ltr'>usque</span> <span class='ocrx_word' id='word_1_21' title='bbox 967 1038 1038 1091; x_wconf 89' lang='lat' dir='ltr'>ad</span> <span class='ocrx_word' id='word_1_22' title='bbox 1074 1056 1170 1091; x_wconf 91' lang='lat' dir='ltr'>nos</span> <span class='ocrx_word' id='word_1_23' title='bbox 1206 1037 1345 1092; x_wconf 91' lang='lat' dir='ltr'>libro</span> <span class='ocrx_word' id='word_1_24' title='bbox 1374 1038 1684 1091; x_wconf 79' lang='lat' dir='ltr'>describere</span> <span class='ocrx_word' id='word_1_25' title='bbox 1709 1039 1923 1101; x_wconf 81' lang='lat' dir='ltr'>institui</span> 
     </span>
     <span class='ocr_line' id='line_1_5' title="bbox 311 1109 1921 1194; baseline 0 -18"><span class='ocrx_word' id='word_1_26' title='bbox 311 1132 364 1177; x_wconf 88' lang='lat' dir='ltr'>et</span> <span class='ocrx_word' id='word_1_27' title='bbox 412 1109 542 1193; x_wconf 78' lang='lat' dir='ltr'>quot</span> <span class='ocrx_word' id='word_1_28' title='bbox 589 1131 642 1176; x_wconf 89' lang='lat' dir='ltr'>et</span> <span class='ocrx_word' id='word_1_29' title='bbox 687 1121 873 1194; x_wconf 88' lang='lat' dir='ltr'>quales</span> <span class='ocrx_word' id='word_1_30' title='bbox 912 1141 998 1175; x_wconf 94' lang='lat' dir='ltr'>res</span> <span class='ocrx_word' id='word_1_31' title='bbox 1040 1130 1325 1175; x_wconf 81' lang='lat' dir='ltr'>enarratae</span> <span class='ocrx_word' id='word_1_32' title='bbox 1362 1122 1418 1174; x_wconf 93' lang='lat' dir='ltr'>in</span> <span class='ocrx_word' id='word_1_33' title='bbox 1456 1121 1611 1175; x_wconf 90' lang='lat' dir='ltr'>libris</span> <span class='ocrx_word' id='word_1_34' title='bbox 1651 1123 1921 1176; x_wconf 76' lang='lat' dir='ltr'>historicis</span> 
     </span>
     <span class='ocr_line' id='line_1_6' title="bbox 310 1205 1920 1277; baseline 0 -17"><span class='ocrx_word' id='word_1_35' title='bbox 310 1206 572 1260; x_wconf 90' lang='lat' dir='ltr'>ecclesiae</span> <span class='ocrx_word' id='word_1_36' title='bbox 601 1207 685 1275; x_wconf 86' lang='lat' dir='ltr'>[B.</span> <span class='ocrx_word' id='word_1_37' title='bbox 713 1205 1087 1276; x_wconf 79' lang='lat' dir='ltr'>ecclesiarum]</span> <span class='ocrx_word' id='word_1_38' title='bbox 1131 1213 1183 1258; x_wconf 91' lang='lat' dir='ltr'>et</span> <span class='ocrx_word' id='word_1_39' title='bbox 1219 1207 1311 1277; x_wconf 91' lang='lat' dir='ltr'>qui</span> <span class='ocrx_word' id='word_1_40' title='bbox 1345 1205 1582 1276; x_wconf 87' lang='lat' dir='ltr'>gloriose</span> <span class='ocrx_word' id='word_1_41' title='bbox 1617 1207 1673 1258; x_wconf 92' lang='lat' dir='ltr'>in</span> <span class='ocrx_word' id='word_1_42' title='bbox 1697 1225 1920 1277; x_wconf 87' lang='lat' dir='ltr'>congre-</span> 
     </span>
     <span class='ocr_line' id='line_1_7' title="bbox 309 1289 1921 1362; baseline 0 -18"><span class='ocrx_word' id='word_1_43' title='bbox 309 1291 624 1362; x_wconf 89' lang='lat' dir='ltr'>gationibus</span> <span class='ocrx_word' id='word_1_44' title='bbox 647 1291 959 1362; x_wconf 85' lang='lat' dir='ltr'>(paroeciis)</span> <span class='ocrx_word' id='word_1_45' title='bbox 983 1290 1350 1343; x_wconf 84' lang='lat' dir='ltr'>celeberrimis</span> <span class='ocrx_word' id='word_1_46' title='bbox 1378 1289 1649 1344; x_wconf 80' lang='lat' dir='ltr'>antistites</span> <span class='ocrx_word' id='word_1_47' title='bbox 1678 1299 1730 1344; x_wconf 91' lang='lat' dir='ltr'>et</span> <span class='ocrx_word' id='word_1_48' title='bbox 1757 1292 1921 1344; x_wconf 89' lang='lat' dir='ltr'>duces</span> 
     </span>
     <span class='ocr_line' id='line_1_8' title="bbox 309 1374 1922 1446; baseline 0.001 -18"><span class='ocrx_word' id='word_1_49' title='bbox 309 1376 515 1429; x_wconf 86' lang='lat' dir='ltr'>fuerint</span> <span class='ocrx_word' id='word_1_50' title='bbox 553 1384 607 1429; x_wconf 91' lang='lat' dir='ltr'>et</span> <span class='ocrx_word' id='word_1_51' title='bbox 643 1375 735 1446; x_wconf 91' lang='lat' dir='ltr'>qui</span> <span class='ocrx_word' id='word_1_52' title='bbox 762 1374 992 1444; x_wconf 91' lang='lat' dir='ltr'>singulis</span> <span class='ocrx_word' id='word_1_53' title='bbox 1021 1374 1293 1428; x_wconf 88' lang='lat' dir='ltr'>aetatibus</span> <span class='ocrx_word' id='word_1_54' title='bbox 1321 1375 1550 1428; x_wconf 87' lang='lat' dir='ltr'>verbum</span> <span class='ocrx_word' id='word_1_55' title='bbox 1575 1376 1684 1428; x_wconf 89' lang='lat' dir='ltr'>Dei</span> <span class='ocrx_word' id='word_1_56' title='bbox 1708 1376 1922 1445; x_wconf 88' lang='lat' dir='ltr'>praedi-</span> 
     </span>
     <span class='ocr_line' id='line_1_9' title="bbox 309 1459 1923 1531; baseline 0 -18"><span class='ocrx_word' id='word_1_57' title='bbox 309 1461 581 1527; x_wconf 79' lang='lat' dir='ltr'>caverint,</span> <span class='ocrx_word' id='word_1_58' title='bbox 623 1461 739 1512; x_wconf 82' lang='lat' dir='ltr'>sive</span> <span class='ocrx_word' id='word_1_59' title='bbox 781 1479 893 1512; x_wconf 92' lang='lat' dir='ltr'>non</span> <span class='ocrx_word' id='word_1_60' title='bbox 928 1459 1172 1529; x_wconf 80' lang='lat' dir='ltr'>scriptis,</span> <span class='ocrx_word' id='word_1_61' title='bbox 1214 1461 1330 1513; x_wconf 85' lang='lat' dir='ltr'>sive</span> <span class='ocrx_word' id='word_1_62' title='bbox 1366 1459 1581 1530; x_wconf 89' lang='lat' dir='ltr'>scriptis</span> <span class='ocrx_word' id='word_1_63' title='bbox 1595 1499 1609 1526; x_wconf 84' lang='lat'><em>‚</em></span> <span class='ocrx_word' id='word_1_64' title='bbox 1650 1468 1704 1513; x_wconf 91' lang='lat' dir='ltr'>et</span> <span class='ocrx_word' id='word_1_65' title='bbox 1743 1462 1836 1531; x_wconf 87' lang='lat' dir='ltr'>qui</span> <span class='ocrx_word' id='word_1_66' title='bbox 1869 1468 1923 1514; x_wconf 91' lang='lat' dir='ltr'>et</span> 
     </span>
     <span class='ocr_line' id='line_1_10' title="bbox 308 1543 1922 1616; baseline -0.001 -18"><span class='ocrx_word' id='word_1_67' title='bbox 308 1554 441 1616; x_wconf 90' lang='lat' dir='ltr'>quot</span> <span class='ocrx_word' id='word_1_68' title='bbox 468 1553 522 1597; x_wconf 88' lang='lat' dir='ltr'>et</span> <span class='ocrx_word' id='word_1_69' title='bbox 542 1544 737 1615; x_wconf 91' lang='lat' dir='ltr'>quibus</span> <span class='ocrx_word' id='word_1_70' title='bbox 759 1543 1095 1613; x_wconf 88' lang='lat' dir='ltr'>temporibus</span> <span class='ocrx_word' id='word_1_71' title='bbox 1117 1544 1428 1596; x_wconf 85' lang='lat' dir='ltr'>exstiterint</span> <span class='ocrx_word' id='word_1_72' title='bbox 1447 1544 1623 1597; x_wconf 87' lang='lat' dir='ltr'>denuo</span> <span class='ocrx_word' id='word_1_73' title='bbox 1646 1544 1811 1596; x_wconf 91' lang='lat' dir='ltr'>etiam</span> <span class='ocrx_word' id='word_1_74' title='bbox 1833 1544 1922 1597; x_wconf 91' lang='lat' dir='ltr'>do-</span> 
     </span>
     <span class='ocr_line' id='line_1_11' title="bbox 309 1627 1923 1698; baseline -0.002 -15"><span class='ocrx_word' id='word_1_75' title='bbox 309 1639 454 1683; x_wconf 88' lang='lat' dir='ltr'>tores</span> <span class='ocrx_word' id='word_1_76' title='bbox 503 1629 702 1681; x_wconf 90' lang='lat' dir='ltr'>erroris</span> <span class='ocrx_word' id='word_1_77' title='bbox 715 1669 728 1695; x_wconf 90' lang='lat'><strong><em>,</em></strong></span> <span class='ocrx_word' id='word_1_78' title='bbox 781 1628 954 1680; x_wconf 86' lang='lat' dir='ltr'>falsae</span> <span class='ocrx_word' id='word_1_79' title='bbox 993 1627 1298 1694; x_wconf 85' lang='lat' dir='ltr'>doctrinae,</span> <span class='ocrx_word' id='word_1_80' title='bbox 1347 1636 1402 1680; x_wconf 89' lang='lat' dir='ltr'>et</span> <span class='ocrx_word' id='word_1_81' title='bbox 1439 1628 1554 1680; x_wconf 90' lang='lat' dir='ltr'>sine</span> <span class='ocrx_word' id='word_1_82' title='bbox 1589 1628 1923 1698; x_wconf 87' lang='lat' dir='ltr'>parsimonia</span> 
     </span>
    </p>
   </div>
   <div class='ocr_carea' id='block_1_3' title="bbox 219 1711 1922 1784">
    <p class='ocr_par' dir='ltr' id='par_1_3' title="bbox 219 1711 1922 1784">
     <span class='ocr_line' id='line_1_12' title="bbox 219 1711 1922 1784; baseline -0.001 -18"><span class='ocrx_word' id='word_1_83' title='bbox 219 1767 226 1771; x_wconf 74' lang='grc'><strong>,</strong></span> <span class='ocrx_word' id='word_1_84' title='bbox 307 1720 496 1784; x_wconf 88' lang='lat' dir='ltr'>utpote</span> <span class='ocrx_word' id='word_1_85' title='bbox 530 1712 644 1783; x_wconf 88' lang='lat' dir='ltr'>lupi</span> <span class='ocrx_word' id='word_1_86' title='bbox 682 1713 764 1781; x_wconf 87' lang='lat' dir='ltr'>[B.</span> <span class='ocrx_word' id='word_1_87' title='bbox 803 1712 1238 1782; x_wconf 89' lang='lat' dir='ltr'>conrumpentes]</span> <span class='ocrx_word' id='word_1_88' title='bbox 1277 1711 1523 1781; x_wconf 84' lang='lat' dir='ltr'>aggressi</span> <span class='ocrx_word' id='word_1_89' title='bbox 1559 1711 1666 1763; x_wconf 90' lang='lat' dir='ltr'>sint</span> <span class='ocrx_word' id='word_1_90' title='bbox 1699 1729 1922 1781; x_wconf 84' lang='lat' dir='ltr'>gregem</span> 
     </span>
    </p>
   </div>
   <div class='ocr_carea' id='block_1_4' title="bbox 307 1794 1925 2951">
    <p class='ocr_par' dir='ltr' id='par_1_4' title="bbox 307 1794 1925 2951">
     <span class='ocr_line' id='line_1_13' title="bbox 310 1794 1920 1866; baseline 0 -17"><span class='ocrx_word' id='word_1_91' title='bbox 310 1797 548 1850; x_wconf 82' lang='lat' dir='ltr'>Christi:</span> <span class='ocrx_word' id='word_1_92' title='bbox 625 1798 656 1862; x_wconf 69' lang='grc' dir='ltr'>ξ</span> <span class='ocrx_word' id='word_1_93' title='bbox 692 1795 743 1847; x_wconf 77' lang='grc'>2.</span> <span class='ocrx_word' id='word_1_94' title='bbox 805 1795 1098 1847; x_wconf 86' lang='lat' dir='ltr'>Praeterea</span> <span class='ocrx_word' id='word_1_95' title='bbox 1136 1795 1269 1866; x_wconf 90' lang='lat' dir='ltr'>quid</span> <span class='ocrx_word' id='word_1_96' title='bbox 1308 1794 1565 1848; x_wconf 90' lang='lat' dir='ltr'>acciderit</span> <span class='ocrx_word' id='word_1_97' title='bbox 1604 1795 1786 1849; x_wconf 93' lang='lat' dir='ltr'>subito</span> <span class='ocrx_word' id='word_1_98' title='bbox 1825 1815 1920 1866; x_wconf 91' lang='lat' dir='ltr'>po-</span> 
     </span>
     <span class='ocr_line' id='line_1_14' title="bbox 308 1880 1925 1951; baseline -0.001 -17"><span class='ocrx_word' id='word_1_99' title='bbox 308 1880 437 1951; x_wconf 89' lang='lat' dir='ltr'>pulo</span> <span class='ocrx_word' id='word_1_100' title='bbox 488 1880 821 1933; x_wconf 83' lang='lat' dir='ltr'>Judaeorum</span> <span class='ocrx_word' id='word_1_101' title='bbox 870 1887 1160 1950; x_wconf 87' lang='lat' dir='ltr'>propterea</span> <span class='ocrx_word' id='word_1_102' title='bbox 1206 1880 1353 1949; x_wconf 90' lang='lat' dir='ltr'>quod</span> <span class='ocrx_word' id='word_1_103' title='bbox 1400 1886 1826 1933; x_wconf 82' lang='lat' dir='ltr'>exsurrexerunt</span> <span class='ocrx_word' id='word_1_104' title='bbox 1871 1887 1925 1932; x_wconf 89' lang='lat' dir='ltr'>et</span> 
     </span>
     <span class='ocr_line' id='line_1_15' title="bbox 308 1962 1921 2036; baseline -0.001 -18"><span class='ocrx_word' id='word_1_105' title='bbox 308 1965 651 2036; x_wconf 88' lang='lat' dir='ltr'>impudenter</span> <span class='ocrx_word' id='word_1_106' title='bbox 689 1971 916 2034; x_wconf 88' lang='lat' dir='ltr'>egerunt</span> <span class='ocrx_word' id='word_1_107' title='bbox 954 1970 1143 2016; x_wconf 91' lang='lat' dir='ltr'>contra</span> <span class='ocrx_word' id='word_1_108' title='bbox 1182 1962 1507 2016; x_wconf 84' lang='lat' dir='ltr'>salvatorem</span> <span class='ocrx_word' id='word_1_109' title='bbox 1547 1970 1825 2016; x_wconf 90' lang='lat' dir='ltr'>nostrum:</span> <span class='ocrx_word' id='word_1_110' title='bbox 1867 1972 1921 2016; x_wconf 86' lang='lat' dir='ltr'>et</span> 
     </span>
     <span class='ocr_line' id='line_1_16' title="bbox 309 2047 1921 2120; baseline 0 -19"><span class='ocrx_word' id='word_1_111' title='bbox 309 2048 579 2120; x_wconf 90' lang='lat' dir='ltr'>quomodo</span> <span class='ocrx_word' id='word_1_112' title='bbox 628 2055 682 2100; x_wconf 92' lang='lat' dir='ltr'>et</span> <span class='ocrx_word' id='word_1_113' title='bbox 729 2047 925 2118; x_wconf 90' lang='lat' dir='ltr'>quibus</span> <span class='ocrx_word' id='word_1_114' title='bbox 965 2048 1300 2118; x_wconf 87' lang='lat' dir='ltr'>temporibus</span> <span class='ocrx_word' id='word_1_115' title='bbox 1347 2048 1746 2118; x_wconf 62' lang='lat' dir='ltr'>impugnatum‘</span> <span class='ocrx_word' id='word_1_116' title='bbox 1775 2049 1845 2101; x_wconf 91' lang='lat' dir='ltr'>sit</span> <span class='ocrx_word' id='word_1_117' title='bbox 1889 2067 1921 2101; x_wconf 88' lang='lat' dir='ltr'>a</span> 
     </span>
     <span class='ocr_line' id='line_1_17' title="bbox 307 2130 1918 2204; baseline -0.001 -19"><span class='ocrx_word' id='word_1_118' title='bbox 307 2132 522 2204; x_wconf 88' lang='lat' dir='ltr'>populis</span> <span class='ocrx_word' id='word_1_119' title='bbox 564 2130 902 2200; x_wconf 89' lang='lat' dir='ltr'>evangelium</span> <span class='ocrx_word' id='word_1_120' title='bbox 943 2130 1035 2201; x_wconf 91' lang='lat' dir='ltr'>[B.</span> <span class='ocrx_word' id='word_1_121' title='bbox 1064 2130 1187 2186; x_wconf 89' lang='lat' dir='ltr'>add.</span> <span class='ocrx_word' id='word_1_122' title='bbox 1214 2131 1347 2200; x_wconf 89' lang='lat' dir='ltr'>Dei]</span> <span class='ocrx_word' id='word_1_123' title='bbox 1391 2131 1679 2185; x_wconf 85' lang='lat' dir='ltr'>salvatoris</span> <span class='ocrx_word' id='word_1_124' title='bbox 1717 2132 1918 2184; x_wconf 85' lang='lat' dir='ltr'>nostri:</span> 
     </span>
     <span class='ocr_line' id='line_1_18' title="bbox 310 2214 1920 2286; baseline -0.002 -17"><span class='ocrx_word' id='word_1_125' title='bbox 310 2225 364 2269; x_wconf 93' lang='lat' dir='ltr'>et</span> <span class='ocrx_word' id='word_1_126' title='bbox 401 2217 621 2286; x_wconf 87' lang='lat' dir='ltr'>quinam</span> <span class='ocrx_word' id='word_1_127' title='bbox 666 2215 771 2268; x_wconf 89' lang='lat' dir='ltr'>viri</span> <span class='ocrx_word' id='word_1_128' title='bbox 819 2215 1064 2267; x_wconf 91' lang='lat' dir='ltr'>omnibus</span> <span class='ocrx_word' id='word_1_129' title='bbox 1114 2217 1445 2285; x_wconf 88' lang='lat' dir='ltr'>temporibus</span> <span class='ocrx_word' id='word_1_130' title='bbox 1482 2214 1726 2286; x_wconf 91' lang='lat' dir='ltr'>pericula</span> <span class='ocrx_word' id='word_1_131' title='bbox 1763 2215 1920 2267; x_wconf 91' lang='lat' dir='ltr'>susti-</span> 
     </span>
     <span class='ocr_line' id='line_1_19' title="bbox 308 2299 1919 2370; baseline -0.002 -16"><span class='ocrx_word' id='word_1_132' title='bbox 308 2301 526 2354; x_wconf 89' lang='lat' dir='ltr'>nuerint</span> <span class='ocrx_word' id='word_1_133' title='bbox 571 2306 795 2370; x_wconf 89' lang='lat' dir='ltr'>propter</span> <span class='ocrx_word' id='word_1_134' title='bbox 841 2317 1034 2351; x_wconf 89' lang='lat' dir='ltr'>nomen</span> <span class='ocrx_word' id='word_1_135' title='bbox 1072 2299 1296 2352; x_wconf 91' lang='lat' dir='ltr'>Domini</span> <span class='ocrx_word' id='word_1_136' title='bbox 1332 2300 1506 2351; x_wconf 90' lang='lat' dir='ltr'>nostri</span> <span class='ocrx_word' id='word_1_137' title='bbox 1542 2300 1601 2351; x_wconf 93' lang='lat' dir='ltr'>in</span> <span class='ocrx_word' id='word_1_138' title='bbox 1638 2300 1919 2352; x_wconf 89' lang='lat' dir='ltr'>tormentis</span> 
     </span>
     <span class='ocr_line' id='line_1_20' title="bbox 310 2382 1922 2454; baseline -0.002 -16"><span class='ocrx_word' id='word_1_139' title='bbox 310 2393 364 2438; x_wconf 89' lang='lat' dir='ltr'>et</span> <span class='ocrx_word' id='word_1_140' title='bbox 412 2383 705 2454; x_wconf 87' lang='lat' dir='ltr'>angoribus</span> <span class='ocrx_word' id='word_1_141' title='bbox 764 2391 818 2436; x_wconf 87' lang='lat' dir='ltr'>et</span> <span class='ocrx_word' id='word_1_142' title='bbox 873 2383 1136 2435; x_wconf 87' lang='lat' dir='ltr'>effusione</span> <span class='ocrx_word' id='word_1_143' title='bbox 1190 2385 1470 2453; x_wconf 87' lang='lat' dir='ltr'>sanguinis</span> <span class='ocrx_word' id='word_1_144' title='bbox 1519 2392 1572 2436; x_wconf 90' lang='lat' dir='ltr'>et</span> <span class='ocrx_word' id='word_1_145' title='bbox 1622 2383 1714 2454; x_wconf 87' lang='lat' dir='ltr'>qui</span> <span class='ocrx_word' id='word_1_146' title='bbox 1762 2382 1922 2434; x_wconf 90' lang='lat' dir='ltr'>simul</span> 
     </span>
     <span class='ocr_line' id='line_1_21' title="bbox 310 2461 1917 2538; baseline -0.003 -17"><span class='ocrx_word' id='word_1_147' title='bbox 310 2488 433 2521; x_wconf 91' lang='lat' dir='ltr'>cum</span> <span class='ocrx_word' id='word_1_148' title='bbox 479 2468 627 2520; x_wconf 85' lang='lat' dir='ltr'>hisce</span> <span class='ocrx_word' id='word_1_149' title='bbox 667 2469 830 2519; x_wconf 89' lang='lat' dir='ltr'>etiam</span> <span class='ocrx_word' id='word_1_150' title='bbox 875 2475 1143 2538; x_wconf 85' lang='lat' dir='ltr'>martyres</span> <span class='ocrx_word' id='word_1_151' title='bbox 1191 2469 1390 2521; x_wconf 89' lang='lat' dir='ltr'>nostris</span> <span class='ocrx_word' id='word_1_152' title='bbox 1439 2461 1630 2521; x_wconf 84' lang='lat' dir='ltr'>diebus</span> <span class='ocrx_word' id='word_1_153' title='bbox 1679 2467 1917 2519; x_wconf 85' lang='lat' dir='ltr'>fuerint:</span> 
     </span>
     <span class='ocr_line' id='line_1_22' title="bbox 310 2550 1920 2622; baseline -0.003 -17"><span class='ocrx_word' id='word_1_154' title='bbox 310 2561 364 2606; x_wconf 93' lang='lat' dir='ltr'>et</span> <span class='ocrx_word' id='word_1_155' title='bbox 401 2570 667 2622; x_wconf 90' lang='lat' dir='ltr'>quaenam</span> <span class='ocrx_word' id='word_1_156' title='bbox 719 2550 924 2603; x_wconf 90' lang='lat' dir='ltr'>auxilia</span> <span class='ocrx_word' id='word_1_157' title='bbox 961 2551 1366 2604; x_wconf 88' lang='lat' dir='ltr'>misericordiae</span> <span class='ocrx_word' id='word_1_158' title='bbox 1405 2550 1706 2604; x_wconf 88' lang='lat' dir='ltr'>Salvatoris</span> <span class='ocrx_word' id='word_1_159' title='bbox 1745 2550 1920 2603; x_wconf 90' lang='lat' dir='ltr'>nostri</span> 
     </span>
     <span class='ocr_line' id='line_1_23' title="bbox 311 2634 1920 2704; baseline -0.002 -17"><span class='ocrx_word' id='word_1_160' title='bbox 311 2636 560 2688; x_wconf 91' lang='lat' dir='ltr'>omnibus</span> <span class='ocrx_word' id='word_1_161' title='bbox 618 2634 953 2704; x_wconf 90' lang='lat' dir='ltr'>temporibus</span> <span class='ocrx_word' id='word_1_162' title='bbox 1002 2634 1221 2686; x_wconf 83' lang='lat' dir='ltr'>fuerint.</span> <span class='ocrx_word' id='word_1_163' title='bbox 1312 2635 1531 2687; x_wconf 91' lang='lat' dir='ltr'>Haecce</span> <span class='ocrx_word' id='word_1_164' title='bbox 1577 2653 1706 2687; x_wconf 84' lang='lat' dir='ltr'>vero</span> <span class='ocrx_word' id='word_1_165' title='bbox 1753 2652 1920 2704; x_wconf 90' lang='lat' dir='ltr'>quum</span> 
     </span>
     <span class='ocr_line' id='line_1_24' title="bbox 311 2717 1919 2786; baseline -0.002 -14"><span class='ocrx_word' id='word_1_166' title='bbox 311 2719 620 2772; x_wconf 86' lang='lat' dir='ltr'>describere</span> <span class='ocrx_word' id='word_1_167' title='bbox 667 2718 816 2782; x_wconf 85' lang='lat' dir='ltr'>volo,</span> <span class='ocrx_word' id='word_1_168' title='bbox 869 2719 1049 2786; x_wconf 77' lang='lat' dir='ltr'>decet,</span> <span class='ocrx_word' id='word_1_169' title='bbox 1103 2721 1429 2772; x_wconf 86' lang='lat' dir='ltr'>narrationis</span> <span class='ocrx_word' id='word_1_170' title='bbox 1477 2719 1691 2771; x_wconf 91' lang='lat' dir='ltr'>initium</span> <span class='ocrx_word' id='word_1_171' title='bbox 1737 2717 1919 2770; x_wconf 90' lang='lat' dir='ltr'>facere</span> 
     </span>
     <span class='ocr_line' id='line_1_25' title="bbox 309 2801 1921 2873; baseline -0.002 -17"><span class='ocrx_word' id='word_1_172' title='bbox 309 2823 342 2856; x_wconf 92' lang='lat' dir='ltr'>a</span> <span class='ocrx_word' id='word_1_173' title='bbox 386 2803 780 2873; x_wconf 88' lang='lat' dir='ltr'>gubernatione</span> <span class='ocrx_word' id='word_1_174' title='bbox 832 2803 1009 2873; x_wconf 86' lang='lat' dir='ltr'>prima</span> <span class='ocrx_word' id='word_1_175' title='bbox 1055 2802 1344 2855; x_wconf 83' lang='lat' dir='ltr'>salvatoris</span> <span class='ocrx_word' id='word_1_176' title='bbox 1394 2803 1566 2855; x_wconf 90' lang='lat' dir='ltr'>nostri</span> <span class='ocrx_word' id='word_1_177' title='bbox 1615 2809 1667 2853; x_wconf 90' lang='lat' dir='ltr'>et</span> <span class='ocrx_word' id='word_1_178' title='bbox 1717 2801 1921 2853; x_wconf 88' lang='lat' dir='ltr'>domini</span> 
     </span>
     <span class='ocr_line' id='line_1_26' title="bbox 308 2885 1922 2951; baseline -0.003 -11"><span class='ocrx_word' id='word_1_179' title='bbox 308 2887 480 2940; x_wconf 91' lang='lat' dir='ltr'>nostri</span> <span class='ocrx_word' id='word_1_180' title='bbox 519 2887 652 2939; x_wconf 87' lang='lat' dir='ltr'>Jesu</span> <span class='ocrx_word' id='word_1_181' title='bbox 690 2886 893 2939; x_wconf 83' lang='lat' dir='ltr'>Christi</span> <span class='ocrx_word' id='word_1_182' title='bbox 940 2885 1038 2937; x_wconf 92' lang='lat' dir='ltr'>filii</span> <span class='ocrx_word' id='word_1_183' title='bbox 1080 2885 1203 2937; x_wconf 91' lang='lat' dir='ltr'>Dei.</span> <span class='ocrx_word' id='word_1_184' title='bbox 1288 2888 1320 2951; x_wconf 67' lang='grc' dir='ltr'>ξ</span> <span class='ocrx_word' id='word_1_185' title='bbox 1357 2887 1408 2938; x_wconf 82' lang='lat'>3.</span> <span class='ocrx_word' id='word_1_186' title='bbox 1472 2887 1605 2938; x_wconf 91' lang='lat' dir='ltr'>Peto</span> <span class='ocrx_word' id='word_1_187' title='bbox 1653 2903 1810 2951; x_wconf 84' lang='lat' dir='ltr'>vero,</span> <span class='ocrx_word' id='word_1_188' title='bbox 1860 2893 1922 2936; x_wconf 87' lang='lat' dir='ltr'>ut</span> 
     </span>
    </p>
   </div>
  </div>
 </body>
</html>
