1986 3152
255 83 360 134 240
916 75 1165 119 EUSEBII

256 195 454 254 αὐτόθι
507 194 691 264 ὥσπερ
746 194 834 248 ἐπὶ
886 194 1145 264 μέγιστον
1190 187 1453 263 ἀθλητῶν
1495 195 1637 249 θεοῦ
1682 214 1862 265 παρα-

255 279 620 352 πεμπομένων
659 274 916 347 στάδιον,
959 273 1050 331 διὰ
1094 273 1560 348 καρτερικωτάτης
1591 299 1649 333 τε
1679 283 1862 334 ποικί-

254 372 368 419 λων
420 360 684 434 βασάνων
727 362 819 416 καὶ
860 358 1112 416 θανάτου
1151 357 1374 429 τρόπων
1412 357 1694 432 ὑπομονῆς
1733 358 1860 426 τούς

254 445 402 518 παρὰ
430 448 549 522 θεῷ
579 442 888 516 στεφάνους
918 440 1333 515 αναδουμένων.
1395 445 1454 500 έν
1485 439 1566 510 οἷς
1589 445 1681 500 καὶ
1706 454 1862 502 Λεω-

212 536 413 602 5νίδης
462 529 490 587 ὁ
547 527 839 601 λεγόμενος
873 526 1194 600 Ὠριγένους
1245 525 1425 601 πατὴρ
1469 526 1570 600 τὴν
1614 527 1862 600 κεφαλὴν

253 614 593 687 ἀποτμηθεὶς
643 614 772 670 νέον
815 615 1013 685 κομιδῆ
1053 618 1373 668 καταλείπει
1410 610 1508 668 τὸν
1547 617 1751 684 παῖδα,
1803 609 1862 679 ὃς

257 697 324 770 δή
365 694 557 764 ὁποίας
601 700 653 765 ἐξ
687 699 900 754 ἐκείνου
931 698 1057 769 περὶ
1088 696 1186 753 τὸν
1216 706 1378 753 θεῖον
1407 693 1574 767 λόγον
1603 699 1863 770 προαιρέ-

254 801 394 848 σεως
426 774 513 855 ἦν,
553 778 655 839 οὐκ
686 779 916 854 ἄκαιρον
948 778 1038 837 διὰ
1069 781 1322 854 βραχέων
1354 785 1622 852 διελθεῖν,
1654 783 1731 856 τῷ
1759 779 1865 853 μά-

255 874 413 923 λιστα
451 864 629 924 πολύν
661 866 803 922 εἶναι
833 863 981 938 παρὰ
1011 878 1124 930 τοῖς
1155 872 1378 930 πολλοῖς
1405 862 1505 921 τὸν
1534 867 1660 936 περὶ
1691 861 1863 922 αὐτοῦ

192 971 232 1003 10
256 952 600 1024 βεβοημένον
631 948 812 1022 λόγον.

382 1046 442 1094 ΙΙ.
494 1045 621 1110 [Nic.
650 1045 707 1093 H.
736 1044 790 1093 E.
823 1047 873 1100 V,
902 1042 974 1108 3.]
1037 1030 1227 1090 Πολλὰ
1250 1032 1353 1105 μὲν
1375 1025 1478 1089 οὖν
1501 1030 1572 1090 ἅν
1594 1057 1675 1099 τις
1701 1042 1863 1104 εἴποι,

254 1118 352 1174 τὸν
392 1124 518 1189 βίον
556 1123 653 1174 τοῦ
696 1115 900 1191 ἀνδρὸς
933 1119 992 1173 ἐν
1024 1120 1191 1189 σχολῇ
1224 1122 1574 1189 παραδοῦναι
1607 1116 1699 1172 διὰ
1727 1140 1863 1189 γρα-

254 1206 364 1274 φῆς
405 1200 771 1303 πειραζόμενος,
818 1203 992 1258 δέοιτο
1027 1199 1079 1256 δ’
1113 1197 1183 1256 ἂν
1224 1202 1316 1256 καὶ
1358 1205 1502 1266 ἰδίας
1542 1196 1863 1268 ὑποθέσεως

255 1283 288 1357 ἡ
331 1285 457 1357 περὶ
501 1283 676 1341 αὐτου
715 1283 987 1352 σύνταξις.
1052 1282 1197 1356 ὅμως
1230 1283 1282 1340 δ’
1319 1280 1475 1356 ἡμεῖς
1509 1286 1596 1341 ἐπὶ
1628 1287 1729 1340 τοῦ
1758 1307 1864 1341 πα-

192 1388 232 1420 15
255 1368 445 1441 ρόντος
499 1367 910 1442 ἐπιτεμνόμενοι
962 1366 1027 1425 τὰ
1079 1376 1310 1425 πλεῖστα
1357 1367 1448 1424 διὰ
1492 1369 1745 1443 βραχέων
1791 1393 1864 1434 ως

255 1451 374 1510 οἷόν
405 1477 462 1510 τε
492 1451 651 1525 ὀλίγα
682 1451 814 1510 ἄττα
844 1477 957 1510 των
987 1454 1113 1525 περὶ
1145 1449 1314 1509 αὐτὸν
1348 1452 1771 1525 διελευσόμεθα,
1805 1459 1865 1510 ἔκ
1938 1481 1944 1484 ·

255 1562 423 1595 τινων
467 1540 768 1595 ἐπιστολῶν
809 1540 900 1594 καὶ
944 1541 1184 1609 ιστορίας
1224 1541 1337 1594 τῶν
1378 1539 1470 1594 καὶ
1513 1543 1590 1603 εἰς
1620 1533 1759 1610 ἡμᾶς
1789 1561 1864 1594 τω

255 1628 360 1699 βίῳ
412 1623 857 1695 πεφυλαγμένων
896 1620 1069 1678 αὐτοῦ
1107 1627 1405 1694 γνωρίμων
1443 1619 1509 1678 τὰ
1550 1619 1865 1694 δηλούμενα

255 1708 531 1780 φέροντες.
593 1711 641 1762 2.
671 1704 988 1780 ’.Ωριγένους
1029 1708 1122 1762 καὶ
1159 1703 1226 1762 τὰ
1270 1708 1322 1773 ἐξ
1361 1703 1552 1762 αὐτῶν
1583 1705 1654 1772 ὡς
1687 1711 1865 1763 εἰπεῖν

192 1808 233 1840 20
257 1789 594 1864 σπαργάνων
623 1787 1098 1864 οἷξιομνημόνευτοέ
1118 1814 1210 1863 μοι
1236 1789 1378 1847 εἶναι
1404 1794 1569 1847 δοκεῖ.
1634 1791 1863 1847 δέκατον

255 1875 358 1947 μὲν
397 1875 498 1948 γὰρ
545 1878 726 1947 ἐπεῖχε
757 1877 1007 1949 Σεβῆρος
1050 1877 1146 1947 τῆς
1177 1881 1458 1946 βασιλείας
1491 1881 1635 1947 ἔτος,
1678 1872 1865 1946 ἡγεῖτο

259 1960 318 2014 δὲ
348 1957 764 2032 Ἀλεξανδρείας
788 1962 897 2029 ,καὶ
937 1962 1032 2032 τῆς
1075 1963 1268 2030 λοιπῆς
1313 1958 1603 2031 Αἰγύπτου
1645 1967 1863 2030 Λαῖτος,

255 2047 368 2099 τῶν
399 2043 459 2098 δὲ
490 2039 691 2100 αὐτόθι
722 2047 1027 2117 παροικιῶυ
1055 2042 1158 2114 τὴν
1190 2040 1492 2115 ἐπισκοπὴν
1521 2045 1721 2100 νεωστὶ
1745 2041 1866 2099 τότε

256 2149 391 2197 μετα
427 2123 730 2183 Ἰουλιανόν
772 2126 1088 2199 Δημήτριος
1127 2122 1437 2199 ύπειλήφει.
1513 2130 1560 2183 3.
1611 2132 1688 2192 εἰς
1726 2128 1866 2199 μέγα

193 2227 234 2259 25
261 2207 328 2281 δὴ
380 2201 486 2265 οὐν
534 2214 629 2281 τῆς
678 2216 776 2267 τοῦ
821 2215 1065 2283 διωγμοῦ
1104 2216 1378 2283 πυρκαῖᾶς
1419 2208 1726 2282 ἁφθείσης,
1773 2213 1865 2267 καὶ

256 2299 473 2366 μυρίων
513 2292 661 2350 ὅσων
700 2307 812 2360 τοῖς
853 2317 988 2350 κατα
1030 2291 1088 2350 τὸ
1130 2292 1434 2366 μαρτύριον
1463 2292 1865 2367 αναδουμένων

257 2396 577 2450 στεφανοις,
621 2383 756 2451 ἔρως
797 2383 1054 2445 τοσοῦτος
1085 2383 1391 2451 μαρτυρίου
1421 2376 1523 2450 τὴν
1549 2375 1865 2452 ῼριγένους

258 2467 336 2517 ἔτι
380 2464 580 2534 κομιδῆ
623 2459 820 2527 παιδὸς
864 2458 1205 2535 ὑπάρχοντος
1259 2475 1474 2536 κατεῖχε
1524 2462 1737 2536 ψυχὴν,
1793 2463 1863 2528 ὡς

255 2543 422 2618 ὁμόσε
451 2559 563 2611 τοῖς
595 2545 877 2612 κινδύνοις
910 2560 1128 2619 χωρεῖν,
1161 2551 1455 2619 προπηδᾶν
1484 2570 1542 2604 τε
1573 2548 1664 2604 καὶ
1688 2543 1864 2620 ὁρμᾶν

193 2646 235 2678 30
261 2631 348 2686 ἐπὶ
379 2628 474 2686 τὸν
503 2628 692 2701 ἀγῶνα
723 2629 1025 2704 προθύμως
1051 2637 1210 2704 ἔχειν.
1272 2635 1320 2688 4.
1345 2628 1455 2703 ἤδη
1478 2633 1545 2702 γέ
1562 2654 1645 2688 τοι
1667 2630 1865 2704 μικρὸν

259 2712 395 2771 ὅσον
437 2710 585 2790 αὐτῷ
627 2716 717 2770 καὶ
759 2712 825 2771 τὰ
866 2720 961 2787 τῆς
991 2711 1097 2772 ἆπὸ
1139 2717 1237 2772 τοῦ
1279 2721 1407 2787 βίου
1441 2712 1760 2787 ἀπαλλαγῆς
1798 2714 1864 2772 οὐ

258 2796 445 2873 πόρρω
485 2805 811 2870 καθίστατο,
852 2797 926 2872 μὴ
966 2797 1092 2873 οὐχὶ
1133 2803 1227 2871 τῆς
1269 2805 1429 2866 θείας
1469 2802 1559 2856 καὶ
1598 2797 1863 2872 οὐρανίου
