<?xml version="1.0" encoding="UTF-8"?>
<!DOCTYPE html PUBLIC "-//W3C//DTD XHTML 1.0 Transitional//EN"
    "http://www.w3.org/TR/xhtml1/DTD/xhtml1-transitional.dtd">
<html xmlns="http://www.w3.org/1999/xhtml" xml:lang="en" lang="en">
 <head>
  <title>
</title>
<meta http-equiv="Content-Type" content="text/html;charset=utf-8" />
  <meta name='ocr-system' content='tesseract 3.04.00' />
  <meta name='ocr-capabilities' content='ocr_page ocr_carea ocr_par ocr_line ocrx_word'/>
</head>
<body>
  <div class='ocr_page' id='page_1' title='image "./operaeusebius04euseuoft_0387.png"; bbox 0 0 1986 3152; ppageno 0'>
   <div class='ocr_carea' id='block_1_1' title="bbox 599 103 1723 156">
    <p class='ocr_par' dir='ltr' id='par_1_1' title="bbox 599 103 1723 156">
     <span class='ocr_line' id='line_1_1' title="bbox 599 103 1723 156; baseline -0.001 -9"><span class='ocrx_word' id='word_1_1' title='bbox 599 106 755 148; x_wconf 79' lang='lat' dir='ltr'>HIST.</span> <span class='ocrx_word' id='word_1_2' title='bbox 787 105 1035 148; x_wconf 82' lang='lat' dir='ltr'>ECCLES.</span> <span class='ocrx_word' id='word_1_3' title='bbox 1069 107 1168 148; x_wconf 85' lang='lat' dir='ltr'><em>vn.</em></span> <span class='ocrx_word' id='word_1_4' title='bbox 1201 108 1270 149; x_wconf 84' lang='lat'><em>25.</em></span> <span class='ocrx_word' id='word_1_5' title='bbox 1620 103 1723 156; x_wconf 77' lang='lat'><em>327</em></span> 
     </span>
    </p>
   </div>
   <div class='ocr_carea' id='block_1_2' title="bbox 110 217 1723 379">
    <p class='ocr_par' dir='ltr' id='par_1_2' title="bbox 110 217 1723 379">
     <span class='ocr_line' id='line_1_2' title="bbox 110 217 1723 327; baseline -0.002 -46"><span class='ocrx_word' id='word_1_6' title='bbox 110 220 323 296; x_wconf 73' lang='grc' dir='ltr'><em>“ὅνομα</em></span> <span class='ocrx_word' id='word_1_7' title='bbox 365 219 544 279; x_wconf 75' lang='grc' dir='ltr'><em>αὐτοῦ</em></span> <span class='ocrx_word' id='word_1_8' title='bbox 583 220 992 296; x_wconf 84' lang='grc' dir='ltr'><em>παρεγγράφει,</em></span> <span class='ocrx_word' id='word_1_9' title='bbox 1034 217 1168 279; x_wconf 74' lang='grc' dir='ltr'><em>οὐδὲ</em></span> <span class='ocrx_word' id='word_1_10' title='bbox 1209 219 1475 321; x_wconf 76' lang='grc' dir='ltr'><em>κηρύσσει</em></span> <span class='ocrx_word' id='word_1_11' title='bbox 1506 219 1723 327; x_wconf 76' lang='grc' dir='ltr'><em>ἑαυτὸν,</em></span> 
     </span>
     <span class='ocr_line' id='line_1_3' title="bbox 111 303 1721 379; baseline -0.001 -14.946"><span class='ocrx_word' id='word_1_12' title='bbox 111 307 281 364; x_wconf 81' lang='grc' dir='ltr'><em>“οὐ’τε</em></span> <span class='ocrx_word' id='word_1_13' title='bbox 312 304 406 364; x_wconf 80' lang='grc' dir='ltr'><em>διὰ</em></span> <span class='ocrx_word' id='word_1_14' title='bbox 446 308 546 364; x_wconf 80' lang='grc' dir='ltr'><em>τοῦ</em></span> <span class='ocrx_word' id='word_1_15' title='bbox 577 303 906 378; x_wconf 77' lang='grc' dir='ltr'><em>εὐαγγελίου</em></span> <span class='ocrx_word' id='word_1_16' title='bbox 946 303 1074 363; x_wconf 77' lang='grc' dir='ltr'><em>οὔτε</em></span> <span class='ocrx_word' id='word_1_17' title='bbox 1118 304 1209 363; x_wconf 73' lang='grc' dir='ltr'><em>διὰ</em></span> <span class='ocrx_word' id='word_1_18' title='bbox 1247 310 1342 379; x_wconf 88' lang='grc' dir='ltr'><em>τῆς</em></span> <span class='ocrx_word' id='word_1_19' title='bbox 1385 303 1721 378; x_wconf 43' lang='grc' dir='ltr'><em>ἐπιστολῆςῗ</em></span> 
     </span>
    </p>
   </div>
   <div class='ocr_carea' id='block_1_3' title="bbox 1085 389 1133 410">
    <p class='ocr_par' dir='ltr' id='par_1_3' title="bbox 1085 389 1133 410">
     <span class='ocr_line' id='line_1_4' title="bbox 1085 389 1133 410; baseline 0 0"><span class='ocrx_word' id='word_1_20' title='bbox 1085 389 1133 410; x_wconf 69' lang='lat'><em>“9</em></span> 
     </span>
    </p>
   </div>
   <div class='ocr_carea' id='block_1_4' title="bbox 104 386 1794 2743">
    <p class='ocr_par' dir='ltr' id='par_1_4' title="bbox 107 386 1794 2743">
     <span class='ocr_line' id='line_1_5' title="bbox 120 386 1728 464; baseline -0.001 -17"><span class='ocrx_word' id='word_1_21' title='bbox 120 397 168 449; x_wconf 84' lang='lat'><em>9.</em></span> <span class='ocrx_word' id='word_1_22' title='bbox 188 390 300 449; x_wconf 85' lang='grc' dir='ltr'><em>εἷθ’</em></span> <span class='ocrx_word' id='word_1_23' title='bbox 318 386 531 464; x_wconf 73' lang='grc' dir='ltr'><em>ὑποβάς</em></span> <span class='ocrx_word' id='word_1_24' title='bbox 553 395 723 446; x_wconf 87' lang='grc' dir='ltr'><em>ταῦτα</em></span> <span class='ocrx_word' id='word_1_25' title='bbox 741 392 886 463; x_wconf 79' lang='grc' dir='ltr'><em>λέγει</em></span> <span class='ocrx_word' id='word_1_26' title='bbox 905 389 1074 447; x_wconf 85' lang='grc' dir='ltr'><em>πάλιν</em></span> <span class='ocrx_word' id='word_1_27' title='bbox 1127 389 1376 462; x_wconf 86' lang='grc' dir='ltr'><em>Ιωάννης</em></span> <span class='ocrx_word' id='word_1_28' title='bbox 1394 391 1454 447; x_wconf 76' lang='grc' dir='ltr'><em>δὲ</em></span> <span class='ocrx_word' id='word_1_29' title='bbox 1473 388 1728 463; x_wconf 78' lang='grc' dir='ltr'><em>οὖδαμου</em></span> 
     </span>
     <span class='ocr_line' id='line_1_6' title="bbox 109 471 1727 549; baseline -0.001 -17"><span class='ocrx_word' id='word_1_30' title='bbox 109 473 283 532; x_wconf 52' lang='grc' dir='ltr'><em>εὀὐδε</em></span> <span class='ocrx_word' id='word_1_31' title='bbox 314 499 388 542; x_wconf 90' lang='grc' dir='ltr'><em>ως</em></span> <span class='ocrx_word' id='word_1_32' title='bbox 419 477 544 549; x_wconf 86' lang='grc' dir='ltr'><em>περὶ</em></span> <span class='ocrx_word' id='word_1_33' title='bbox 575 476 776 532; x_wconf 80' lang='grc' dir='ltr'><em>ἑαυτου</em></span> <span class='ocrx_word' id='word_1_34' title='bbox 760 471 931 531; x_wconf 76' lang='grc' dir='ltr'><em>ουδὲ</em></span> <span class='ocrx_word' id='word_1_35' title='bbox 954 499 1026 540; x_wconf 88' lang='grc' dir='ltr'><em>ως</em></span> <span class='ocrx_word' id='word_1_36' title='bbox 1049 477 1176 548; x_wconf 85' lang='grc' dir='ltr'><em>περὶ</em></span> <span class='ocrx_word' id='word_1_37' title='bbox 1211 476 1426 547; x_wconf 82' lang='grc' dir='ltr'><em>ἑτέρου</em></span> <span class='ocrx_word' id='word_1_38' title='bbox 1474 474 1502 531; x_wconf 94' lang='lat'><em>6</em></span> <span class='ocrx_word' id='word_1_39' title='bbox 1535 475 1594 531; x_wconf 76' lang='grc' dir='ltr'><em>δὲ</em></span> <span class='ocrx_word' id='word_1_40' title='bbox 1624 473 1727 547; x_wconf 83' lang='grc' dir='ltr'><em>τὴν</em></span> 
     </span>
     <span class='ocr_line' id='line_1_7' title="bbox 110 555 1769 634; baseline -0.001 -18"><span class='ocrx_word' id='word_1_41' title='bbox 110 555 524 629; x_wconf 77' lang='grc' dir='ltr'><em>“Ἀποκάλυψιν</em></span> <span class='ocrx_word' id='word_1_42' title='bbox 553 558 768 631; x_wconf 78' lang='grc' dir='ltr'><em>γράψας</em></span> <span class='ocrx_word' id='word_1_43' title='bbox 800 556 979 626; x_wconf 78' lang='grc' dir='ltr'><em>εὐθύς</em></span> <span class='ocrx_word' id='word_1_44' title='bbox 1011 581 1070 615; x_wconf 83' lang='grc' dir='ltr'><em>τε</em></span> <span class='ocrx_word' id='word_1_45' title='bbox 1095 562 1155 616; x_wconf 80' lang='grc' dir='ltr'><em>ἐν</em></span> <span class='ocrx_word' id='word_1_46' title='bbox 1188 556 1328 634; x_wconf 78' lang='grc' dir='ltr'><em>ἄρχῃ</em></span> <span class='ocrx_word' id='word_1_47' title='bbox 1362 558 1562 616; x_wconf 79' lang='grc' dir='ltr'><em>ἑαυτὸν</em></span> <span class='ocrx_word' id='word_1_48' title='bbox 1587 581 1769 630; x_wconf 82' lang='grc' dir='ltr'><em>προ-5</em></span> 
     </span>
     <span class='ocr_line' id='line_1_8' title="bbox 108 639 1729 720; baseline 0 -21"><span class='ocrx_word' id='word_1_49' title='bbox 108 640 364 701; x_wconf 78' lang='grc' dir='ltr'><em>“τάσσει·</em></span> <span class='ocrx_word' id='word_1_50' title='bbox 391 641 764 711; x_wconf 87' lang='grc' dir='ltr'><em>Ἀποκάλυψις</em></span> <span class='ocrx_word' id='word_1_51' title='bbox 780 641 956 716; x_wconf 86' lang='grc' dir='ltr'><em>Ἰησοῦ</em></span> <span class='ocrx_word' id='word_1_52' title='bbox 969 647 1232 715; x_wconf 79' lang='grc' dir='ltr'><strong><em>Χριστοῦ,</em></strong></span> <span class='ocrx_word' id='word_1_53' title='bbox 1257 639 1327 714; x_wconf 80' lang='grc' dir='ltr'><em>ἣν</em></span> <span class='ocrx_word' id='word_1_54' title='bbox 1351 647 1559 701; x_wconf 84' lang='grc' dir='ltr'><em>ἔδωκεν</em></span> <span class='ocrx_word' id='word_1_55' title='bbox 1576 639 1729 720; x_wconf 73' lang='grc' dir='ltr'><em>αὐτῷ</em></span> 
     </span>
     <span class='ocr_line' id='line_1_9' title="bbox 109 706 1726 800; baseline 0 -16"><span class='ocrx_word' id='word_1_56' title='bbox 109 726 324 796; x_wconf 83' lang='grc' dir='ltr'><em>“ὃεῑξαι</em></span> <span class='ocrx_word' id='word_1_57' title='bbox 348 742 460 794; x_wconf 85' lang='grc' dir='ltr'><em>τοῖς</em></span> <span class='ocrx_word' id='word_1_58' title='bbox 479 725 700 792; x_wconf 80' lang='grc' dir='ltr'><em>δούλοις</em></span> <span class='ocrx_word' id='word_1_59' title='bbox 718 725 891 784; x_wconf 81' lang='grc' dir='ltr'><em>αὐτοῦ</em></span> <span class='ocrx_word' id='word_1_60' title='bbox 910 730 970 783; x_wconf 79' lang='grc' dir='ltr'><em>ἐν</em></span> <span class='ocrx_word' id='word_1_61' title='bbox 990 725 1158 799; x_wconf 88' lang='grc' dir='ltr'><em>τάχει,</em></span> <span class='ocrx_word' id='word_1_62' title='bbox 1185 729 1275 783; x_wconf 89' lang='grc' dir='ltr'><em>καὶ</em></span> <span class='ocrx_word' id='word_1_63' title='bbox 1300 726 1575 800; x_wconf 81' lang='grc' dir='ltr'><strong><em>ἐσήμανεν</em></strong></span> <span class='ocrx_word' id='word_1_64' title='bbox 1593 706 1726 784; x_wconf 75' lang='grc' dir='ltr'><em>ἀπο-</em></span> 
     </span>
     <span class='ocr_line' id='line_1_10' title="bbox 112 802 1726 887; baseline -0.001 -19"><span class='ocrx_word' id='word_1_65' title='bbox 112 811 367 877; x_wconf 79' lang='grc' dir='ltr'><em>“στείλας</em></span> <span class='ocrx_word' id='word_1_66' title='bbox 399 811 490 868; x_wconf 81' lang='grc' dir='ltr'><em>διὰ</em></span> <span class='ocrx_word' id='word_1_67' title='bbox 522 813 621 868; x_wconf 82' lang='grc' dir='ltr'><em>τοῦ</em></span> <span class='ocrx_word' id='word_1_68' title='bbox 641 807 878 882; x_wconf 76' lang='grc' dir='ltr'><em>ἀγγέλου</em></span> <span class='ocrx_word' id='word_1_69' title='bbox 909 802 1083 867; x_wconf 77' lang='grc' dir='ltr'><em>αὖτοῦ</em></span> <span class='ocrx_word' id='word_1_70' title='bbox 1105 814 1180 887; x_wconf 76' lang='grc' dir='ltr'><em>τῷ</em></span> <span class='ocrx_word' id='word_1_71' title='bbox 1207 809 1388 886; x_wconf 80' lang='grc' dir='ltr'><em>δούλῳ</em></span> <span class='ocrx_word' id='word_1_72' title='bbox 1414 808 1584 867; x_wconf 77' lang='grc' dir='ltr'><em>αὐτοῦ</em></span> <span class='ocrx_word' id='word_1_73' title='bbox 1613 808 1726 868; x_wconf 88' lang='grc' dir='ltr'><em>Ἰω-</em></span> 
     </span>
     <span class='ocr_line' id='line_1_11' title="bbox 107 891 1729 969; baseline 0 -19"><span class='ocrx_word' id='word_1_74' title='bbox 107 893 310 969; x_wconf 83' lang='grc' dir='ltr'><em>“άννῃ,</em></span> <span class='ocrx_word' id='word_1_75' title='bbox 330 892 390 961; x_wconf 83' lang='grc' dir='ltr'><em>ὃς</em></span> <span class='ocrx_word' id='word_1_76' title='bbox 411 892 754 968; x_wconf 76' lang='grc' dir='ltr'><em>ἐμαρτύρησε</em></span> <span class='ocrx_word' id='word_1_77' title='bbox 776 893 872 952; x_wconf 84' lang='grc' dir='ltr'><em>τὸν</em></span> <span class='ocrx_word' id='word_1_78' title='bbox 893 891 1060 965; x_wconf 89' lang='grc' dir='ltr'><em>λόγον</em></span> <span class='ocrx_word' id='word_1_79' title='bbox 1079 897 1181 951; x_wconf 80' lang='grc' dir='ltr'><em>τοῦ</em></span> <span class='ocrx_word' id='word_1_80' title='bbox 1200 898 1339 951; x_wconf 84' lang='grc' dir='ltr'><em>θεοῦ</em></span> <span class='ocrx_word' id='word_1_81' title='bbox 1360 896 1452 951; x_wconf 86' lang='grc' dir='ltr'><em>καὶ</em></span> <span class='ocrx_word' id='word_1_82' title='bbox 1470 892 1570 966; x_wconf 84' lang='grc' dir='ltr'><em>τὴν</em></span> <span class='ocrx_word' id='word_1_83' title='bbox 1586 918 1729 967; x_wconf 88' lang='grc' dir='ltr'><em>μαρ-</em></span> 
     </span>
     <span class='ocr_line' id='line_1_12' title="bbox 107 975 1791 1052; baseline -0.002 -16"><span class='ocrx_word' id='word_1_84' title='bbox 107 975 348 1052; x_wconf 76' lang='grc' dir='ltr'><em>“τυρίαν</em></span> <span class='ocrx_word' id='word_1_85' title='bbox 392 977 593 1051; x_wconf 81' lang='grc' dir='ltr'><em>αὐτοῦ,</em></span> <span class='ocrx_word' id='word_1_86' title='bbox 634 975 737 1035; x_wconf 79' lang='grc' dir='ltr'><em>ὅσα</em></span> <span class='ocrx_word' id='word_1_87' title='bbox 780 978 944 1036; x_wconf 79' lang='grc' dir='ltr'><em>εἶδεν.</em></span> <span class='ocrx_word' id='word_1_88' title='bbox 1015 983 1093 1035; x_wconf 82' lang='lat'><em>10.</em></span> <span class='ocrx_word' id='word_1_89' title='bbox 1144 979 1259 1036; x_wconf 82' lang='grc' dir='ltr'><em>εἶτα</em></span> <span class='ocrx_word' id='word_1_90' title='bbox 1301 980 1392 1035; x_wconf 84' lang='grc' dir='ltr'><em>καὶ</em></span> <span class='ocrx_word' id='word_1_91' title='bbox 1435 978 1725 1050; x_wconf 81' lang='grc' dir='ltr'><em>ἐπιστολὴν</em></span> <span class='ocrx_word' id='word_1_92' title='bbox 1753 1002 1791 1033; x_wconf 89' lang='grc' dir='ltr'><em>ιο</em></span> 
     </span>
     <span class='ocr_line' id='line_1_13' title="bbox 107 1060 1729 1138; baseline 0.001 -19"><span class='ocrx_word' id='word_1_93' title='bbox 107 1061 375 1137; x_wconf 80' lang='grc' dir='ltr'><em>“γράφει·</em></span> <span class='ocrx_word' id='word_1_94' title='bbox 418 1060 702 1136; x_wconf 66' lang='grc' dir='ltr'><em>εἸωάννης·</em></span> <span class='ocrx_word' id='word_1_95' title='bbox 732 1076 851 1130; x_wconf 90' lang='grc' dir='ltr'><em>ταῖς</em></span> <span class='ocrx_word' id='word_1_96' title='bbox 884 1061 1020 1119; x_wconf 75' lang='grc' dir='ltr'><em>ἑπτὰ</em></span> <span class='ocrx_word' id='word_1_97' title='bbox 1053 1065 1366 1136; x_wconf 81' lang='grc' dir='ltr'><em>ἐκκλησίαις</em></span> <span class='ocrx_word' id='word_1_98' title='bbox 1398 1077 1518 1129; x_wconf 86' lang='grc' dir='ltr'><em>ταῖς</em></span> <span class='ocrx_word' id='word_1_99' title='bbox 1558 1066 1619 1120; x_wconf 84' lang='grc' dir='ltr'><em>ἐν</em></span> <span class='ocrx_word' id='word_1_100' title='bbox 1659 1065 1729 1138; x_wconf 82' lang='grc' dir='ltr'><em>τῇ</em></span> 
     </span>
     <span class='ocr_line' id='line_1_14' title="bbox 107 1143 1725 1223; baseline -0.001 -19"><span class='ocrx_word' id='word_1_101' title='bbox 107 1145 332 1223; x_wconf 78' lang='grc' dir='ltr'><em>“Ἀσίᾳ,</em></span> <span class='ocrx_word' id='word_1_102' title='bbox 375 1146 530 1221; x_wconf 88' lang='grc' dir='ltr'><em>χάρις</em></span> <span class='ocrx_word' id='word_1_103' title='bbox 569 1147 704 1220; x_wconf 81' lang='grc' dir='ltr'><em>ὑμῖν</em></span> <span class='ocrx_word' id='word_1_104' title='bbox 736 1150 826 1204; x_wconf 83' lang='grc' dir='ltr'><em>καὶ</em></span> <span class='ocrx_word' id='word_1_105' title='bbox 867 1144 1105 1219; x_wconf 85' lang='grc' dir='ltr'><em>εἰρήνη.’</em></span> <span class='ocrx_word' id='word_1_106' title='bbox 1166 1143 1194 1204; x_wconf 87' lang='lat'><em>6</em></span> <span class='ocrx_word' id='word_1_107' title='bbox 1230 1149 1294 1204; x_wconf 80' lang='grc' dir='ltr'><em>δέ</em></span> <span class='ocrx_word' id='word_1_108' title='bbox 1333 1170 1394 1219; x_wconf 90' lang='grc' dir='ltr'><em>γε</em></span> <span class='ocrx_word' id='word_1_109' title='bbox 1441 1146 1725 1220; x_wconf 85' lang='grc' dir='ltr'><em>εὐαγγελι-</em></span> 
     </span>
     <span class='ocr_line' id='line_1_15' title="bbox 109 1228 1726 1333; baseline 0.001 -45"><span class='ocrx_word' id='word_1_110' title='bbox 109 1228 278 1304; x_wconf 53' lang='lat' dir='ltr'><strong><em>“omis</em></strong></span> <span class='ocrx_word' id='word_1_111' title='bbox 333 1231 469 1289; x_wconf 69' lang='grc' dir='ltr'><em>οὐδὲ</em></span> <span class='ocrx_word' id='word_1_112' title='bbox 531 1234 627 1304; x_wconf 84' lang='grc' dir='ltr'><em>τῆς</em></span> <span class='ocrx_word' id='word_1_113' title='bbox 679 1237 980 1333; x_wconf 57' lang='grc' dir='ltr'><em>καθολικῆς</em></span> <span class='ocrx_word' id='word_1_114' title='bbox 1035 1234 1322 1303; x_wconf 81' lang='grc' dir='ltr'><em>ἐπιστολῆς</em></span> <span class='ocrx_word' id='word_1_115' title='bbox 1374 1234 1726 1305; x_wconf 82' lang='grc' dir='ltr'><em>προέγραψεν</em></span> 
     </span>
     <span class='ocr_line' id='line_1_16' title="bbox 125 1312 1728 1389; baseline 0 -17"><span class='ocrx_word' id='word_1_116' title='bbox 125 1315 349 1373; x_wconf 83' lang='grc' dir='ltr'><em>ἑαυτοῦ</em></span> <span class='ocrx_word' id='word_1_117' title='bbox 388 1316 448 1373; x_wconf 89' lang='grc' dir='ltr'><em>τὸ</em></span> <span class='ocrx_word' id='word_1_118' title='bbox 493 1315 695 1389; x_wconf 82' lang='grc' dir='ltr'><em>ὄνομα,</em></span> <span class='ocrx_word' id='word_1_119' title='bbox 741 1314 880 1374; x_wconf 74' lang='grc' dir='ltr'><em>ἀλλὰ</em></span> <span class='ocrx_word' id='word_1_120' title='bbox 927 1313 1231 1388; x_wconf 83' lang='grc' dir='ltr'><em>άπερίττως</em></span> <span class='ocrx_word' id='word_1_121' title='bbox 1277 1312 1379 1372; x_wconf 76' lang='grc' dir='ltr'><em>ἀπ’</em></span> <span class='ocrx_word' id='word_1_122' title='bbox 1413 1313 1583 1373; x_wconf 81' lang='grc' dir='ltr'><em>αὐτοῦ</em></span> <span class='ocrx_word' id='word_1_123' title='bbox 1625 1318 1728 1373; x_wconf 77' lang='grc' dir='ltr'><em>τοῦ</em></span> 
     </span>
     <span class='ocr_line' id='line_1_17' title="bbox 104 1391 1791 1504; baseline -0.002 -47.925"><span class='ocrx_word' id='word_1_124' title='bbox 104 1399 453 1504; x_wconf 50' lang='grc' dir='ltr'><em>Σμυστηρίου</em></span> <span class='ocrx_word' id='word_1_125' title='bbox 483 1405 577 1473; x_wconf 82' lang='grc' dir='ltr'><em>τῆς</em></span> <span class='ocrx_word' id='word_1_126' title='bbox 606 1406 769 1467; x_wconf 82' lang='grc' dir='ltr'><em>θείας</em></span> <span class='ocrx_word' id='word_1_127' title='bbox 801 1399 1203 1469; x_wconf 79' lang='grc' dir='ltr'><em>ἀποκαλύψεως</em></span> <span class='ocrx_word' id='word_1_128' title='bbox 1233 1397 1465 1473; x_wconf 64' lang='grc' dir='ltr'><em>ἤρξατο“</em></span> <span class='ocrx_word' id='word_1_129' title='bbox 1475 1396 1506 1457; x_wconf 87' lang='lat'><em>6</em></span> <span class='ocrx_word' id='word_1_130' title='bbox 1528 1391 1599 1472; x_wconf 82' lang='grc' dir='ltr'><em>ἦν</em></span> <span class='ocrx_word' id='word_1_131' title='bbox 1622 1398 1718 1457; x_wconf 82' lang='grc' dir='ltr'><em>ἀπ’</em></span> <span class='ocrx_word' id='word_1_132' title='bbox 1749 1420 1791 1453; x_wconf 79' lang='lat'><em>15</em></span> 
     </span>
     <span class='ocr_line' id='line_1_18' title="bbox 104 1481 1727 1588; baseline 0.001 -48.027"><span class='ocrx_word' id='word_1_133' title='bbox 104 1482 345 1588; x_wconf 52' lang='grc' dir='ltr'><em>Σάρχῆς,</em></span> <span class='ocrx_word' id='word_1_134' title='bbox 387 1483 416 1542; x_wconf 79' lang='grc' dir='ltr'>ὃ</span> <span class='ocrx_word' id='word_1_135' title='bbox 457 1482 799 1558; x_wconf 73' lang='grc' dir='ltr'><em>ἀκηκόαμεν,</em></span> <span class='ocrx_word' id='word_1_136' title='bbox 840 1481 870 1542; x_wconf 79' lang='grc' dir='ltr'>ὃ</span> <span class='ocrx_word' id='word_1_137' title='bbox 902 1482 1227 1587; x_wconf 80' lang='grc' dir='ltr'><em>ἑωράκαμεν</em></span> <span class='ocrx_word' id='word_1_138' title='bbox 1260 1497 1373 1551; x_wconf 86' lang='grc' dir='ltr'><em>τοῖς</em></span> <span class='ocrx_word' id='word_1_139' title='bbox 1413 1482 1727 1558; x_wconf 82' lang='grc' dir='ltr'><em>ὀφθαλμοῖς</em></span> 
     </span>
     <span class='ocr_line' id='line_1_19' title="bbox 104 1565 1727 1673; baseline 0.001 -48.027"><span class='ocrx_word' id='word_1_140' title='bbox 104 1565 318 1673; x_wconf 52' lang='grc' dir='ltr'><em>ἶὴμῶν.</em></span> <span class='ocrx_word' id='word_1_141' title='bbox 393 1571 482 1627; x_wconf 80' lang='grc' dir='ltr'><em>ἐπὶ</em></span> <span class='ocrx_word' id='word_1_142' title='bbox 513 1567 686 1644; x_wconf 75' lang='grc' dir='ltr'><em>ταύτῃ</em></span> <span class='ocrx_word' id='word_1_143' title='bbox 729 1569 833 1643; x_wconf 81' lang='grc' dir='ltr'><em>γὰρ</em></span> <span class='ocrx_word' id='word_1_144' title='bbox 875 1573 942 1643; x_wconf 83' lang='grc' dir='ltr'><em>τῇ</em></span> <span class='ocrx_word' id='word_1_145' title='bbox 971 1567 1319 1637; x_wconf 77' lang='grc' dir='ltr'><em>ἀποκαλύψει</em></span> <span class='ocrx_word' id='word_1_146' title='bbox 1359 1571 1451 1626; x_wconf 84' lang='grc' dir='ltr'><em>καὶ</em></span> <span class='ocrx_word' id='word_1_147' title='bbox 1480 1567 1508 1626; x_wconf 90' lang='lat'><em>6</em></span> <span class='ocrx_word' id='word_1_148' title='bbox 1541 1568 1727 1643; x_wconf 85' lang='grc' dir='ltr'><em>κύριος</em></span> 
     </span>
     <span class='ocr_line' id='line_1_20' title="bbox 109 1650 1726 1727; baseline 0.001 -18.048"><span class='ocrx_word' id='word_1_149' title='bbox 109 1650 245 1710; x_wconf 65' lang='lat' dir='ltr'><em>“vim</em></span> <span class='ocrx_word' id='word_1_150' title='bbox 288 1655 506 1727; x_wconf 83' lang='grc' dir='ltr'><em>Πέτρον</em></span> <span class='ocrx_word' id='word_1_151' title='bbox 542 1654 874 1726; x_wconf 81' lang='grc' dir='ltr'><em>ἐμακάρισεν</em></span> <span class='ocrx_word' id='word_1_152' title='bbox 906 1652 1129 1710; x_wconf 78' lang='grc' dir='ltr'><em>εἰπών</em></span> <span class='ocrx_word' id='word_1_153' title='bbox 1136 1651 1402 1727; x_wconf 88' lang='grc' dir='ltr'><em>μακάριος</em></span> <span class='ocrx_word' id='word_1_154' title='bbox 1449 1653 1500 1709; x_wconf 78' lang='grc' dir='ltr'><em>εἴ</em></span> <span class='ocrx_word' id='word_1_155' title='bbox 1529 1661 1726 1727; x_wconf 83' lang='grc' dir='ltr'><em>Σίμων</em></span> 
     </span>
     <span class='ocr_line' id='line_1_21' title="bbox 108 1734 1724 1812; baseline 0.001 -19.056"><span class='ocrx_word' id='word_1_156' title='bbox 108 1734 258 1812; x_wconf 74' lang='grc' dir='ltr'><em>“βο“ερ</em></span> <span class='ocrx_word' id='word_1_157' title='bbox 291 1736 478 1812; x_wconf 80' lang='grc' dir='ltr'><em>Ἰωνᾶ,</em></span> <span class='ocrx_word' id='word_1_158' title='bbox 522 1735 605 1795; x_wconf 76' lang='grc' dir='ltr'><em>ὅτι</em></span> <span class='ocrx_word' id='word_1_159' title='bbox 635 1736 771 1809; x_wconf 76' lang='grc' dir='ltr'><em>σὰρξ,</em></span> <span class='ocrx_word' id='word_1_160' title='bbox 815 1740 906 1795; x_wconf 87' lang='grc' dir='ltr'><em>καὶ</em></span> <span class='ocrx_word' id='word_1_161' title='bbox 939 1735 1072 1811; x_wconf 82' lang='grc' dir='ltr'><em>αἷμα</em></span> <span class='ocrx_word' id='word_1_162' title='bbox 1112 1736 1214 1795; x_wconf 83' lang='grc' dir='ltr'><em>οὐκ</em></span> <span class='ocrx_word' id='word_1_163' title='bbox 1256 1735 1581 1807; x_wconf 80' lang='grc' dir='ltr'><em>άπεκάλυψέ</em></span> <span class='ocrx_word' id='word_1_164' title='bbox 1618 1757 1724 1810; x_wconf 89' lang='grc' dir='ltr'><em>σοι,</em></span> 
     </span>
     <span class='ocr_line' id='line_1_22' title="bbox 110 1818 1791 1895; baseline -0.002 -16.929"><span class='ocrx_word' id='word_1_165' title='bbox 110 1818 275 1878; x_wconf 73' lang='grc' dir='ltr'><em>“άλλ’</em></span> <span class='ocrx_word' id='word_1_166' title='bbox 308 1821 338 1878; x_wconf 88' lang='lat'><em>6</em></span> <span class='ocrx_word' id='word_1_167' title='bbox 372 1823 550 1895; x_wconf 86' lang='grc' dir='ltr'><em>πατήρ</em></span> <span class='ocrx_word' id='word_1_168' title='bbox 581 1847 689 1895; x_wconf 89' lang='grc' dir='ltr'><em>μου</em></span> <span class='ocrx_word' id='word_1_169' title='bbox 719 1819 747 1879; x_wconf 86' lang='lat'><em>6</em></span> <span class='ocrx_word' id='word_1_170' title='bbox 782 1821 1068 1894; x_wconf 76' lang='grc' dir='ltr'><em>οὐράνιοςῖ</em></span> <span class='ocrx_word' id='word_1_171' title='bbox 1136 1827 1213 1879; x_wconf 82' lang='lat'><em>11.</em></span> <span class='ocrx_word' id='word_1_172' title='bbox 1246 1820 1367 1879; x_wconf 84' lang='grc' dir='ltr'><em>ἀλλ’</em></span> <span class='ocrx_word' id='word_1_173' title='bbox 1397 1821 1533 1879; x_wconf 72' lang='grc' dir='ltr'><em>οὐδὲ</em></span> <span class='ocrx_word' id='word_1_174' title='bbox 1565 1826 1627 1880; x_wconf 82' lang='grc' dir='ltr'><em>ἐν</em></span> <span class='ocrx_word' id='word_1_175' title='bbox 1657 1825 1726 1895; x_wconf 84' lang='grc' dir='ltr'><em>τῇ</em></span> <span class='ocrx_word' id='word_1_176' title='bbox 1748 1842 1791 1875; x_wconf 76' lang='lat'><em>20</em></span> 
     </span>
     <span class='ocr_line' id='line_1_23' title="bbox 109 1903 1728 1982; baseline 0.001 -20.06"><span class='ocrx_word' id='word_1_177' title='bbox 109 1903 389 1982; x_wconf 73' lang='grc' dir='ltr'><em>“ὃευτέρα</em></span> <span class='ocrx_word' id='word_1_178' title='bbox 420 1909 700 1982; x_wconf 80' lang='grc' dir='ltr'><em>φερομένῃ</em></span> <span class='ocrx_word' id='word_1_179' title='bbox 736 1905 1000 1964; x_wconf 87' lang='grc' dir='ltr'><em>Ἰωάννου</em></span> <span class='ocrx_word' id='word_1_180' title='bbox 1040 1909 1132 1963; x_wconf 87' lang='grc' dir='ltr'><em>καὶ</em></span> <span class='ocrx_word' id='word_1_181' title='bbox 1174 1913 1351 1982; x_wconf 86' lang='grc' dir='ltr'><em>τρίτη,</em></span> <span class='ocrx_word' id='word_1_182' title='bbox 1385 1913 1562 1963; x_wconf 85' lang='grc' dir='ltr'><em>καίτοι</em></span> <span class='ocrx_word' id='word_1_183' title='bbox 1594 1913 1728 1981; x_wconf 84' lang='grc' dir='ltr'><em>βρα-</em></span> 
     </span>
     <span class='ocr_line' id='line_1_24' title="bbox 111 1987 1730 2065; baseline 0 -18"><span class='ocrx_word' id='word_1_184' title='bbox 111 1987 321 2063; x_wconf 61' lang='lat' dir='ltr'><em>“zelans</em></span> <span class='ocrx_word' id='word_1_185' title='bbox 351 1988 543 2059; x_wconf 76' lang='grc' dir='ltr'><em>οὔσαις</em></span> <span class='ocrx_word' id='word_1_186' title='bbox 576 1995 883 2058; x_wconf 85' lang='grc' dir='ltr'><em>ἐπιστολαῖς</em></span> <span class='ocrx_word' id='word_1_187' title='bbox 901 2036 915 2063; x_wconf 92' lang='grc'><em>,</em></span> <span class='ocrx_word' id='word_1_188' title='bbox 958 1989 986 2047; x_wconf 90' lang='lat'><em>6</em></span> <span class='ocrx_word' id='word_1_189' title='bbox 1015 1988 1269 2064; x_wconf 86' lang='grc' dir='ltr'><em>Ἰωάννης</em></span> <span class='ocrx_word' id='word_1_190' title='bbox 1297 1989 1562 2065; x_wconf 84' lang='grc' dir='ltr'><em>ὀνομαστὶ</em></span> <span class='ocrx_word' id='word_1_191' title='bbox 1592 1989 1730 2063; x_wconf 89' lang='grc' dir='ltr'><em>πρό-</em></span> 
     </span>
     <span class='ocr_line' id='line_1_25' title="bbox 130 2074 1726 2149; baseline 0.001 -18.014"><span class='ocrx_word' id='word_1_192' title='bbox 130 2074 357 2147; x_wconf 84' lang='grc' dir='ltr'><em>’κειται,</em></span> <span class='ocrx_word' id='word_1_193' title='bbox 403 2074 544 2133; x_wconf 81' lang='grc' dir='ltr'><em>ἀλλὰ</em></span> <span class='ocrx_word' id='word_1_194' title='bbox 586 2074 896 2148; x_wconf 77' lang='grc' dir='ltr'><em>ἀνωνύμως</em></span> <span class='ocrx_word' id='word_1_195' title='bbox 939 2074 967 2133; x_wconf 90' lang='lat'><em>6</em></span> <span class='ocrx_word' id='word_1_196' title='bbox 1002 2075 1374 2149; x_wconf 85' lang='grc' dir='ltr'><em>πρεσβύτερος</em></span> <span class='ocrx_word' id='word_1_197' title='bbox 1406 2077 1726 2148; x_wconf 84' lang='grc' dir='ltr'><em>γέγραπται</em></span> 
     </span>
     <span class='ocr_line' id='line_1_26' title="bbox 110 2151 1730 2233; baseline 0 -17"><span class='ocrx_word' id='word_1_198' title='bbox 110 2151 308 2226; x_wconf 60' lang='lat' dir='ltr'><strong>“ofitog</strong></span> <span class='ocrx_word' id='word_1_199' title='bbox 353 2162 419 2217; x_wconf 77' lang='grc' dir='ltr'><em>δέ</em></span> <span class='ocrx_word' id='word_1_200' title='bbox 455 2183 519 2233; x_wconf 88' lang='grc' dir='ltr'><em>γε</em></span> <span class='ocrx_word' id='word_1_201' title='bbox 559 2158 691 2217; x_wconf 79' lang='grc' dir='ltr'><em>οὐδε</em></span> <span class='ocrx_word' id='word_1_202' title='bbox 733 2158 1000 2233; x_wconf 76' lang='grc' dir='ltr'><em>αὔταρκες</em></span> <span class='ocrx_word' id='word_1_203' title='bbox 1033 2159 1303 2233; x_wconf 82' lang='grc' dir='ltr'><em>ἐνόμισεν,</em></span> <span class='ocrx_word' id='word_1_204' title='bbox 1350 2157 1493 2228; x_wconf 79' lang='grc' dir='ltr'><em>ἅπαξ</em></span> <span class='ocrx_word' id='word_1_205' title='bbox 1527 2159 1730 2217; x_wconf 83' lang='grc' dir='ltr'><em>ἑαυτὸν</em></span> 
     </span>
     <span class='ocr_line' id='line_1_27' title="bbox 109 2242 1794 2318; baseline 0.001 -19.046"><span class='ocrx_word' id='word_1_206' title='bbox 109 2242 426 2317; x_wconf 82' lang='grc' dir='ltr'><em>“ὀνομάσας</em></span> <span class='ocrx_word' id='word_1_207' title='bbox 459 2249 776 2318; x_wconf 78' lang='grc' dir='ltr'><em>διηγεῖσθαι</em></span> <span class='ocrx_word' id='word_1_208' title='bbox 817 2243 883 2302; x_wconf 76' lang='grc' dir='ltr'><em>τὰ</em></span> <span class='ocrx_word' id='word_1_209' title='bbox 917 2247 1070 2317; x_wconf 81' lang='grc' dir='ltr'><em>ἑξῆς,</em></span> <span class='ocrx_word' id='word_1_210' title='bbox 1114 2243 1252 2302; x_wconf 76' lang='grc' dir='ltr'><em>ἄλλα</em></span> <span class='ocrx_word' id='word_1_211' title='bbox 1284 2242 1452 2302; x_wconf 86' lang='grc' dir='ltr'><em>πάλιν</em></span> <span class='ocrx_word' id='word_1_212' title='bbox 1482 2243 1725 2318; x_wconf 82' lang='grc' dir='ltr'><em>ἆναλαμ-</em></span> <span class='ocrx_word' id='word_1_213' title='bbox 1751 2262 1794 2295; x_wconf 83' lang='lat'><em>2⁵</em></span> 
     </span>
     <span class='ocr_line' id='line_1_28' title="bbox 108 2322 1731 2403; baseline 0.001 -19"><span class='ocrx_word' id='word_1_214' title='bbox 108 2322 312 2398; x_wconf 76' lang='grc' dir='ltr'><em>“βάνει</em></span> <span class='ocrx_word' id='word_1_215' title='bbox 337 2326 466 2400; x_wconf 61' lang='grc' dir='ltr'><em>’ἐγώ</em></span> <span class='ocrx_word' id='word_1_216' title='bbox 493 2327 771 2402; x_wconf 81' lang='grc' dir='ltr'><em>Ἰωάννης,</em></span> <span class='ocrx_word' id='word_1_217' title='bbox 795 2328 823 2386; x_wconf 90' lang='lat'><em>6</em></span> <span class='ocrx_word' id='word_1_218' title='bbox 847 2327 1090 2402; x_wconf 79' lang='grc' dir='ltr'><em>ἀδελφὸς</em></span> <span class='ocrx_word' id='word_1_219' title='bbox 1114 2325 1278 2403; x_wconf 73' lang='grc' dir='ltr'><em>ὑμῶν</em></span> <span class='ocrx_word' id='word_1_220' title='bbox 1301 2330 1395 2386; x_wconf 85' lang='grc' dir='ltr'><em>καὶ</em></span> <span class='ocrx_word' id='word_1_221' title='bbox 1419 2347 1731 2402; x_wconf 86' lang='grc' dir='ltr'><em>συγκοινω-</em></span> 
     </span>
     <span class='ocr_line' id='line_1_29' title="bbox 127 2409 1730 2490; baseline 0.002 -22.046"><span class='ocrx_word' id='word_1_222' title='bbox 127 2409 242 2478; x_wconf 68' lang='lat'><em>‘2169</em></span> <span class='ocrx_word' id='word_1_223' title='bbox 276 2415 337 2469; x_wconf 82' lang='grc' dir='ltr'><em>ἐν</em></span> <span class='ocrx_word' id='word_1_224' title='bbox 373 2417 439 2487; x_wconf 81' lang='grc' dir='ltr'><em>τῇ</em></span> <span class='ocrx_word' id='word_1_225' title='bbox 471 2418 664 2480; x_wconf 81' lang='grc' dir='ltr'><em>θλίψει</em></span> <span class='ocrx_word' id='word_1_226' title='bbox 699 2415 790 2470; x_wconf 84' lang='grc' dir='ltr'><em>καὶ</em></span> <span class='ocrx_word' id='word_1_227' title='bbox 824 2420 1077 2490; x_wconf 85' lang='grc' dir='ltr'><em>βασιλείᾳ</em></span> <span class='ocrx_word' id='word_1_228' title='bbox 1111 2416 1202 2470; x_wconf 82' lang='grc' dir='ltr'><em>καὶ</em></span> <span class='ocrx_word' id='word_1_229' title='bbox 1238 2416 1298 2472; x_wconf 85' lang='grc' dir='ltr'><em>ἐν</em></span> <span class='ocrx_word' id='word_1_230' title='bbox 1331 2412 1587 2488; x_wconf 78' lang='grc' dir='ltr'><em>ὑπομονῇ</em></span> <span class='ocrx_word' id='word_1_231' title='bbox 1623 2410 1730 2487; x_wconf 90' lang='grc' dir='ltr'><em>Ἰη-</em></span> 
     </span>
     <span class='ocr_line' id='line_1_30' title="bbox 110 2491 1727 2602; baseline 0.002 -51"><span class='ocrx_word' id='word_1_232' title='bbox 110 2491 278 2567; x_wconf 81' lang='grc' dir='ltr'><em>“σοῦ,</em></span> <span class='ocrx_word' id='word_1_233' title='bbox 331 2494 599 2570; x_wconf 80' lang='grc' dir='ltr'><em>ἐγενόμην</em></span> <span class='ocrx_word' id='word_1_234' title='bbox 638 2501 699 2554; x_wconf 85' lang='grc' dir='ltr'><em>ἐν</em></span> <span class='ocrx_word' id='word_1_235' title='bbox 735 2503 801 2570; x_wconf 81' lang='grc' dir='ltr'><em>τῇ</em></span> <span class='ocrx_word' id='word_1_236' title='bbox 841 2495 991 2574; x_wconf 80' lang='grc' dir='ltr'><em>νήσῳ</em></span> <span class='ocrx_word' id='word_1_237' title='bbox 1036 2500 1104 2571; x_wconf 85' lang='grc' dir='ltr'><em>τῇ</em></span> <span class='ocrx_word' id='word_1_238' title='bbox 1141 2500 1456 2573; x_wconf 80' lang='grc' dir='ltr'><em>καλουμένῃ</em></span> <span class='ocrx_word' id='word_1_239' title='bbox 1496 2497 1727 2602; x_wconf 80' lang='grc' dir='ltr'><em>Πάτμῳ,</em></span> 
     </span>
     <span class='ocr_line' id='line_1_31' title="bbox 108 2575 1724 2656; baseline 0.001 -20.058"><span class='ocrx_word' id='word_1_240' title='bbox 108 2575 241 2637; x_wconf 66' lang='grc' dir='ltr'><em>’διὰ</em></span> <span class='ocrx_word' id='word_1_241' title='bbox 277 2578 375 2637; x_wconf 85' lang='grc' dir='ltr'><em>τὸν</em></span> <span class='ocrx_word' id='word_1_242' title='bbox 409 2580 574 2653; x_wconf 90' lang='grc' dir='ltr'><em>λόγον</em></span> <span class='ocrx_word' id='word_1_243' title='bbox 597 2585 697 2639; x_wconf 80' lang='grc' dir='ltr'><em>τοῦ</em></span> <span class='ocrx_word' id='word_1_244' title='bbox 729 2585 872 2639; x_wconf 79' lang='grc' dir='ltr'><em>θεοῦ</em></span> <span class='ocrx_word' id='word_1_245' title='bbox 903 2583 996 2639; x_wconf 86' lang='grc' dir='ltr'><em>καὶ</em></span> <span class='ocrx_word' id='word_1_246' title='bbox 1028 2577 1131 2654; x_wconf 82' lang='grc' dir='ltr'><em>τὴν</em></span> <span class='ocrx_word' id='word_1_247' title='bbox 1163 2588 1476 2656; x_wconf 86' lang='grc' dir='ltr'><em>μαρτυρίαν</em></span> <span class='ocrx_word' id='word_1_248' title='bbox 1501 2580 1724 2654; x_wconf 53' lang='lat' dir='ltr'><em>’Inffovf</em></span> 
     </span>
     <span class='ocr_line' id='line_1_32' title="bbox 110 2659 1787 2743; baseline 0 -22"><span class='ocrx_word' id='word_1_249' title='bbox 110 2659 143 2683; x_wconf 80' lang='lat'><em>‘</em></span> <span class='ocrx_word' id='word_1_250' title='bbox 150 2666 242 2722; x_wconf 85' lang='grc' dir='ltr'><em>καὶ</em></span> <span class='ocrx_word' id='word_1_251' title='bbox 281 2666 350 2737; x_wconf 81' lang='grc' dir='ltr'><em>δὴ</em></span> <span class='ocrx_word' id='word_1_252' title='bbox 387 2668 479 2723; x_wconf 88' lang='grc' dir='ltr'><em>καὶ</em></span> <span class='ocrx_word' id='word_1_253' title='bbox 505 2664 639 2739; x_wconf 79' lang='grc' dir='ltr'><em>πρὸς</em></span> <span class='ocrx_word' id='word_1_254' title='bbox 683 2671 758 2743; x_wconf 77' lang='grc' dir='ltr'><em>τῷ</em></span> <span class='ocrx_word' id='word_1_255' title='bbox 803 2667 946 2723; x_wconf 82' lang='grc' dir='ltr'><em>τέλει</em></span> <span class='ocrx_word' id='word_1_256' title='bbox 990 2671 1162 2723; x_wconf 87' lang='grc' dir='ltr'><em>ταῦτα</em></span> <span class='ocrx_word' id='word_1_257' title='bbox 1200 2668 1319 2725; x_wconf 82' lang='grc' dir='ltr'><em>εἶπε</em></span> <span class='ocrx_word' id='word_1_258' title='bbox 1357 2665 1646 2741; x_wconf 64' lang='grc' dir='ltr'><em>’μακάριος</em></span> <span class='ocrx_word' id='word_1_259' title='bbox 1691 2660 1787 2721; x_wconf 79' lang='lat'><em>6³0</em></span> 
     </span>
    </p>
   </div>
   <div class='ocr_carea' id='block_1_5' title="bbox 123 2769 460 2774">
    <p class='ocr_par' dir='ltr' id='par_1_5' title="bbox 123 2769 460 2774">
     <span class='ocr_line' id='line_1_33' title="bbox 123 2769 460 2774; baseline 0 0"><span class='ocrx_word' id='word_1_260' title='bbox 123 2769 460 2774; x_wconf 95' lang='lat' dir='ltr'><em> </em></span> 
     </span>
    </p>
   </div>
   <div class='ocr_carea' id='block_1_6' title="bbox 123 2803 1726 2912">
    <p class='ocr_par' dir='ltr' id='par_1_6' title="bbox 123 2803 1726 2912">
     <span class='ocr_line' id='line_1_34' title="bbox 233 2803 1726 2857; baseline -0.001 -15"><span class='ocrx_word' id='word_1_261' title='bbox 233 2804 257 2842; x_wconf 89' lang='lat'><em>6</em></span> <span class='ocrx_word' id='word_1_262' title='bbox 290 2803 429 2855; x_wconf 88' lang='lat' dir='ltr'><strong>Apoc.</strong></span> <span class='ocrx_word' id='word_1_263' title='bbox 464 2806 509 2855; x_wconf 88' lang='lat'><em>1,</em></span> <span class='ocrx_word' id='word_1_264' title='bbox 545 2806 582 2844; x_wconf 91' lang='lat'><em>1.</em></span> <span class='ocrx_word' id='word_1_265' title='bbox 617 2806 656 2845; x_wconf 80' lang='lat'><em>2.</em></span> <span class='ocrx_word' id='word_1_266' title='bbox 784 2806 833 2843; x_wconf 92' lang='grc'><em>11</em></span> <span class='ocrx_word' id='word_1_267' title='bbox 866 2803 1007 2857; x_wconf 76' lang='lat' dir='ltr'>Apoe.</span> <span class='ocrx_word' id='word_1_268' title='bbox 1042 2806 1079 2855; x_wconf 86' lang='lat'><em>1,</em></span> <span class='ocrx_word' id='word_1_269' title='bbox 1113 2807 1151 2845; x_wconf 87' lang='lat'><em>4.</em></span> <span class='ocrx_word' id='word_1_270' title='bbox 1286 2806 1338 2845; x_wconf 88' lang='lat'><em>15</em></span> <span class='ocrx_word' id='word_1_271' title='bbox 1371 2807 1392 2844; x_wconf 91' lang='lat'>1</span> <span class='ocrx_word' id='word_1_272' title='bbox 1426 2805 1582 2844; x_wconf 85' lang='lat' dir='ltr'>Ioann.</span> <span class='ocrx_word' id='word_1_273' title='bbox 1616 2805 1654 2851; x_wconf 85' lang='lat'><em>1,</em></span> <span class='ocrx_word' id='word_1_274' title='bbox 1690 2804 1726 2841; x_wconf 89' lang='lat'><em>1.</em></span> 
     </span>
     <span class='ocr_line' id='line_1_35' title="bbox 123 2858 1467 2912; baseline 0.002 -15"><span class='ocrx_word' id='word_1_275' title='bbox 123 2858 174 2897; x_wconf 84' lang='lat'><em>18</em></span> <span class='ocrx_word' id='word_1_276' title='bbox 206 2858 370 2899; x_wconf 82' lang='lat' dir='ltr'><strong>Matth.</strong></span> <span class='ocrx_word' id='word_1_277' title='bbox 406 2861 472 2911; x_wconf 88' lang='lat'><em>16,</em></span> <span class='ocrx_word' id='word_1_278' title='bbox 508 2862 628 2900; x_wconf 65' lang='lat'><em>1726</em></span> <span class='ocrx_word' id='word_1_279' title='bbox 660 2859 802 2912; x_wconf 82' lang='lat' dir='ltr'>Apoe.</span> <span class='ocrx_word' id='word_1_280' title='bbox 838 2862 882 2912; x_wconf 84' lang='lat'><em>1,</em></span> <span class='ocrx_word' id='word_1_281' title='bbox 917 2863 955 2903; x_wconf 86' lang='lat'><em>9.</em></span> <span class='ocrx_word' id='word_1_282' title='bbox 1073 2863 1127 2902; x_wconf 88' lang='grc'><em>30</em></span> <span class='ocrx_word' id='word_1_283' title='bbox 1158 2861 1296 2912; x_wconf 80' lang='lat' dir='ltr'><strong>Apoc.</strong></span> <span class='ocrx_word' id='word_1_284' title='bbox 1329 2863 1394 2907; x_wconf 79' lang='lat'><em>22,</em></span> <span class='ocrx_word' id='word_1_285' title='bbox 1429 2863 1467 2901; x_wconf 82' lang='lat'><em>7.</em></span> 
     </span>
    </p>
   </div>
  </div>
 </body>
</html>
