1986 3152
232 66 337 119 456
915 65 1162 111 EUSEBH

231 183 335 254 τῆν
365 180 510 253 ὑπὲρ
556 180 865 253 ἄνθρωπον
906 179 1109 254 ἀρετὴν
1142 182 1486 252 ἐπεδείξατο,
1530 179 1603 248 ῶς
1634 180 1840 239 ἀνθεῖν

232 266 495 339 ὁσημέραι
535 264 628 320 καὶ
668 263 879 333 νεάζειν
921 263 1010 320 διά
1054 256 1264 330 παντὸς
1304 269 1405 321 τοῦ
1435 269 1593 336 βίου;
1643 269 1722 322 19.
1753 273 1840 332 τίς

235 356 402 415 ἔθνος
441 347 503 404 τό
547 343 687 421 μηδ’
722 347 1010 405 ἀκουσθὲν
1051 350 1104 416 ἐξ
1138 350 1370 420 αἰῶνος,
1413 344 1518 404 οὐκ
1560 351 1620 405 ἐν
1662 356 1842 425 γωνίᾳ

235 455 328 490 ποι
382 435 485 504 γῆς
540 431 811 506 λεληθὸς,
855 431 996 490 ἀλλά
1046 430 1181 489 καθ’
1223 431 1354 510 ὅλης
1405 435 1501 504 τῆς
1550 427 1652 506 ’ὑφ’
1699 431 1843 510 ἡλίῳ

194 542 213 572 5
241 515 542 591 669150‘av03
573 523 657 583 τίς
688 513 976 588 εὐσεβείας
1005 516 1193 583 ὅπλοις
1216 516 1394 583 οὕτως
1419 516 1690 590 ἐφράξατο
1712 517 1845 584 τούς

236 600 569 676 στρατιώτας
610 595 687 667 ῶς
729 599 1046 674 ἀδάμαντος
1075 599 1175 667 τάς
1207 600 1387 673 ψυχάς
1416 603 1846 675 κραταιοτέρους

238 689 297 743 ἐν
326 698 443 752 τοϊς
473 685 612 759 πρὸς
642 684 775 752 τούς
807 683 1147 752 ἀντιπάλους
1190 683 1366 757 ἀγῶσι
1409 690 1842 758 διαφαίνεσθαι;

235 775 319 827 20.
360 775 444 836 τίς
473 770 750 845 βασιλέων
783 775 862 836 εἰς
897 772 1168 827 τοσοῦτον
1198 781 1394 844 κρατεῖ
1427 770 1520 826 καὶ
1551 783 1851 845 στρατηγεῖ

238 878 301 927 γε
332 853 469 930 μετὰ
498 851 779 926 θάνατον,
820 855 914 910 καὶ
952 854 1189 930 τρόπαια
1228 853 1356 911 κατ’
1390 856 1612 928 ἐχθρῶν
1642 859 1848 926 ἵστησι,

176 963 215 994 10
238 940 329 996 καὶ
363 938 546 995 πάντα
567 938 739 995 τόπον
763 939 856 995 καὶ
877 936 1068 1014 χῶραν
1091 939 1186 997 καὶ
1209 938 1393 1011 πόλιν,
1414 933 1650 997 εΕλλάδα
1672 961 1731 995 τε
1754 939 1848 995 καὶ

239 1023 544 1097 βάρβαρον,
575 1027 879 1096 βασιλικῶν
911 1031 1085 1080 οἴκων
1108 1021 1286 1079 αὐτοῦ
1309 1030 1530 1096 πληροῖ,
1555 1024 1648 1079 καὶ
1670 1028 1851 1080 θείων

238 1112 396 1165 ναῶν
427 1106 826 1179 ἀφιερῶμασιν,
850 1102 940 1172 οἷα
962 1105 1095 1162 τάδε
1123 1129 1189 1163 τα
1216 1111 1385 1163 τοῦδε
1414 1111 1516 1162 τοῦ
1546 1106 1658 1164 νεώ
1691 1128 1847 1180 περι-

239 1195 414 1293 καλλῆ
458 1187 783 1264 κοσμήματά
824 1213 883 1246 τε
922 1191 1017 1247 καὶ
1065 1188 1427 1264 ἀναθήματα,
1476 1214 1510 1246 α
1561 1192 1655 1247 καὶ
1696 1189 1839 1248 αὕτα

243 1274 417 1348 σεμνοὶ
448 1275 552 1348 μὲν
584 1273 658 1341 ῶς
690 1270 918 1347 ἀληθῶς
947 1276 1040 1331 καὶ
1068 1274 1301 1348 μεγάλα,
1326 1274 1632 1346 ἐκπλήξεώς
1661 1299 1721 1333 τε
1750 1276 1853 1333 καὶ

178 1385 218 1416 15
240 1359 529 1433 θαύματος
561 1357 714 1431 ἄξια,
745 1360 840 1416 καὶ
870 1355 960 1416 οἷα
989 1363 1086 1432 τῆς
1115 1363 1218 1416 τοῦ
1249 1364 1497 1434 σωτῆρος
1533 1358 1695 1432 ἡμῶν
1733 1367 1852 1433 βα-

243 1450 448 1511 σιλείας
481 1445 688 1518 ἐναργῆ
720 1448 1009 1518 δείγματα,
1035 1442 1120 1500 ὅτι
1150 1444 1244 1500 καὶ
1273 1448 1386 1501 νῦν
1416 1441 1588 1510 αὐτὸς
1614 1443 1735 1506 εἶπε
1757 1445 1854 1502 καὶ

245 1528 628 1601 ἐγενήθησαν,
672 1526 843 1595 αὐτὸς
888 1530 1192 1585 ἐνετείλατο
1231 1529 1326 1586 καὶ
1368 1530 1734 1605 ἐκτίσθησαν,
1771 1562 1845 1569 —

241 1619 299 1670 τί
323 1612 430 1686 γάρ
461 1612 555 1669 καὶ
587 1617 780 1686 ἔμελλε
801 1615 903 1670 τοῦ
927 1613 1316 1686 παμβασιλέως
1346 1613 1440 1669 καὶ
1464 1613 1855 1688 πανηγεμόνος

243 1698 335 1754 καὶ
367 1695 545 1754 αὐτοῦ
576 1703 718 1755 θεοῦ
759 1696 930 1769 λόγου
964 1695 1331 1771 ἐνστήσεσθαι
1368 1701 1447 1775 τῷ
1477 1698 1737 1771 νεύματις
1768 1731 1853 1739 --

180 1806 221 1837 20
246 1787 447 1854 σχολῆς
476 1805 534 1839 τε
565 1781 752 1854 λόγων
782 1787 989 1848 οἰκείας
1031 1787 1109 1848 εἰς
1151 1779 1349 1856 ἀκριβῆ
1389 1787 1639 1857 θεωρίαν
1668 1805 1727 1840 τε
1758 1783 1855 1842 καὶ

248 1869 544 1940 ἑρμηνείαν
585 1866 848 1940 τυγχάνει
887 1863 1152 1940 δεόμενα·
1209 1870 1294 1924 21.
1348 1865 1415 1923 οὐ
1458 1866 1570 1940 μὴν
1611 1866 1717 1928 ὅσα
1762 1868 1857 1924 καὶ

246 1947 335 2008 οἶα
387 1950 454 2007 τά
509 1956 605 2023 τῆς
654 1956 767 2008 τῶν
808 1948 1208 2024 πεπονηκότων
1251 1955 1575 2026 προθυμίας
1615 1952 1861 2027 κέκριται

246 2031 381 2108 παρ’
415 2033 567 2112 αὐτῷ
598 2040 677 2111 τῷ
708 2036 1170 2112 θεολογουμένῳ,
1212 2035 1313 2092 τὸν
1345 2041 1597 2109 ἔμψυχον
1626 2034 1859 2095 πάντων

246 2116 407 2192 ἡμῶν
437 2125 753 2190 καθορῶντι
782 2119 944 2191 ναόν,
976 2120 1069 2176 καὶ
1098 2118 1198 2176 τὸν
1230 2122 1290 2176 ἐκ
1312 2119 1533 2188 ζώντων
1556 2125 1739 2176 λίθων
1761 2120 1858 2175 καὶ

185 2225 227 2258 25
249 2201 569 2275 βεβηκότων
599 2202 756 2260 οἷκον
787 2203 1166 2274 ἐποπτεύοντι,
1191 2196 1256 2259 εὖ
1285 2204 1377 2260 καὶ
1401 2201 1666 2275 ἀσφαλῶς
1691 2206 1857 2276 ἱδρυ-

247 2286 434 2360 μένων
466 2287 556 2342 ἐπὶ
595 2290 673 2364 τῷ
703 2292 946 2364 θεμελίῳ
989 2291 1104 2344 τῶν
1134 2285 1463 2344 ἀποστόλων
1501 2288 1596 2343 καὶ
1635 2308 1858 2362 προφη-

250 2376 394 2443 τῶν,
435 2369 593 2438 ὅντος
634 2369 1041 2446 ἀκρογωνιαίου
1085 2376 1253 2428 λίθου
1298 2369 1478 2434 αὐτοῦ
1504 2370 1687 2444 Ἰησοῦ
1719 2381 1859 2446 Χρι-

252 2459 417 2526 στοῦ,
449 2452 517 2512 ὃν
549 2453 968 2529 ἀπεδοκίμασαν
1007 2455 1112 2529 μὲν
1142 2454 1246 2529 οὐχ
1278 2459 1335 2512 οἰ
1371 2461 1468 2529 τῆς
1498 2461 1735 2523 παλαιᾶς
1765 2456 1863 2512 καὶ

250 2537 443 2612 μηκέτ’
472 2539 644 2613 οὔσης
677 2543 889 2613 ἐκείνης
918 2539 1113 2614 μόνον,
1138 2538 1278 2597 ἀλλὰ
1308 2541 1402 2597 καὶ
1430 2545 1528 2613 τῆς
1553 2541 1718 2598 εἰσέτι
1747 2545 1862 2597 νῦν

190 2648 230 2680 30
253 2629 367 2681 τῶν
397 2629 624 2681 πολλῶν
654 2619 977 2699 ἀνθρώπων
1007 2629 1300 2698 οἰκοδομῆς
1331 2626 1493 2682 κακοὶ
1532 2628 1725 2681 κακῶν
1756 2623 1856 2681 ὅν-

255 2732 342 2775 τες
374 2706 774 2784 ἀρχιτέκτονες,
800 2708 1099 2782 δοκιμάσας
1124 2709 1186 2766 δὲ
1217 2707 1245 2766 ὁ
1277 2708 1457 2783 πατὴρ
1487 2709 1580 2765 καὶ
1610 2708 1735 2766 τότε
1765 2709 1861 2765 καὶ

253 2797 364 2850 νῦν
395 2799 473 2860 εἰς
502 2793 754 2867 κεφαλὴν
783 2800 991 2865 γωνίας
1021 2797 1191 2866 τῆσδε
1213 2799 1311 2866 τῆς
1351 2798 1542 2866 κοινῆς
1572 2791 1731 2866 ἡμῶν
1764 2794 1858 2849 ἐκ-
1885 2835 1888 2838 -
