1986 3152
285 92 393 144 484
970 91 1217 132 EUSEBII

280 214 375 280 τῆς
409 207 658 280 ἐμφύτου
689 213 884 272 κακίας
914 205 1350 278 ἠναγκασμένος.
1408 211 1455 264 9.
1499 205 1619 263 οὔτ’
1654 202 1761 265 οὖν
1791 208 1894 282 τὴν

279 292 503 365 μνήμην
550 296 664 347 τῶν
715 290 821 364 πρὸ
865 289 1044 347 αὐτοῦ
1083 289 1455 364 Χριστιανοὺς
1511 292 1894 359 ἐκδιωξάντων

280 376 387 448 πρὸ
421 374 735 448 ὀφθαλμῶν
766 380 954 446 ἔθετο,
988 373 1113 430 οὐδ’
1144 368 1226 431 ὧν
1257 373 1426 441 αὐτὸς
1456 373 1656 449 ὀλετὴρ
1686 378 1780 433 καὶ
1809 401 1891 433 τι-

279 459 466 533 μωρὸς
498 457 571 515 δι’
606 457 671 525 ἃς
702 465 983 532 μετῆλθον
1015 455 1272 531 ἀσεβείας
1302 460 1551 532 κατέστη.
1610 458 1751 517 ἄλλα
1782 461 1892 533 γάρ

214 570 234 599 5
278 551 379 601 τοῦ
421 543 714 617 σώφρονος
770 544 1058 617 ἐκτραπεὶς
1113 548 1415 616 λογισμοῦ,
1469 543 1777 618 διαρρήδην
1830 546 1893 602 δὲ

276 629 470 701 μανεὶς
510 627 607 694 τὰς
647 628 886 702 φρένας,
925 627 1026 684 τὸν
1064 626 1204 684 θεὸν
1245 626 1447 700 αὐτὸν,
1490 624 1580 685 οἶα
1622 628 1691 700 δὴ
1724 636 1887 686 Κων-

275 719 571 769 σταντίνου
602 711 837 784 βοηθὸν,
880 710 1006 768 ἀντὶ
1047 717 1147 767 τοῦ
1189 713 1582 784 βοηθουμένου
1628 721 1891 786 πολεμεῖν

278 797 517 868 ἐγνώκει.
589 802 667 853 10.
713 798 804 852 καὶ
847 802 1039 869 πρῶτα
1080 796 1183 868 μὲν
1223 801 1320 868 τῆς
1364 802 1543 863 οἰκίας
1584 801 1682 869 τῆς
1713 796 1892 855 αὐτοῦ

274 882 458 938 πάντα
498 881 835 955 Χριστιανὸν
878 880 1210 951 ἀπελαύνει,
1257 886 1463 953 ἔρημον
1504 880 1674 948 αὐτὸς
1716 881 1892 942 αὑτὸν

215 961 306 1022 1οὸ
348 971 587 1031 δείλαιος
631 971 728 1037 τῆς
770 965 988 1022 τούτων
1029 964 1300 1031 καθιστάς
1339 963 1487 1038 ὑπὲρ
1537 963 1715 1022 αὐτοῦ
1753 966 1893 1040 πρὸς

275 1050 375 1107 τὸν
402 1049 543 1107 θεὸν
575 1047 771 1121 εὐχῆς,
809 1047 881 1121 ’ἣν
911 1044 1056 1121 ὑπὲρ
1090 1047 1354 1105 ἁπάντων
1386 1047 1579 1116 αὐτοῖς
1610 1059 1892 1108 ποιεῖσθαι

275 1134 509 1206 πάτριον
539 1135 771 1206 μάθημα
800 1133 1089 1205 τυγχάνει”
1134 1132 1252 1189 εἶτα
1295 1133 1357 1189 δὲ
1385 1132 1516 1199 τούς
1546 1133 1686 1190 κατὰ
1727 1135 1893 1192 πόλιν

274 1218 605 1291 στρατιώτας
653 1219 1009 1291 ἐκκρίνεσθαι
1048 1218 1142 1272 καὶ
1183 1215 1600 1289 ἀποβάλλεσθαι
1638 1226 1742 1276 τοῦ
1794 1225 1892 1292 τῆς

271 1308 428 1376 τιμῆς
460 1299 795 1375 ἀξιώματος,
829 1307 881 1358 εἰ
910 1302 984 1374 μή
1017 1313 1133 1367 τοῖς
1165 1306 1389 1374 δαίμοσι
1417 1302 1588 1359 θύειν
1618 1307 1890 1378 αἱροῖντο,

204 1409 242 1441 15
273 1387 718 1458 παρακελεύεται.
770 1387 863 1442 καὶ
906 1392 983 1442 ἔτι
1022 1409 1086 1457 γε
1116 1391 1292 1442 ταῦτα
1332 1389 1405 1458 ἡν
1435 1410 1636 1460 μικρα,
1678 1393 1748 1463 τῇ
1777 1394 1891 1444 τῶν

271 1472 536 1544 μειζόνων
569 1470 977 1544 συγκρινόμενα
1009 1471 1332 1544 παραθέσει.
1412 1475 1493 1527 11.
1533 1478 1592 1527 τί
1629 1477 1726 1529 δεῖ
1752 1470 1886 1529 τού-

269 1580 381 1612 των
412 1555 478 1612 τά
515 1556 835 1612 καθέκαστα
875 1556 969 1611 καὶ
1009 1555 1145 1610 κατὰ
1176 1557 1340 1628 μέρος
1371 1559 1450 1631 τῷ
1491 1565 1747 1628 θεομισεῖ
1783 1579 1888 1614 πε-

269 1642 561 1712 πραγμένα
590 1639 980 1712 μνημονεύειν,
1023 1639 1174 1704 ὅπως
1213 1663 1273 1695 τε
1313 1639 1525 1712 νόμους
1566 1640 1813 1714 ἀνόμους
1855 1637 1884 1698 ὁ

269 1725 737 1797 παρανομώτατος
770 1727 995 1798 ἐξηῦρε;
1040 1724 1171 1789 τούς
1203 1725 1271 1795 γε’
1294 1747 1376 1780 τοι
1408 1727 1468 1780 ἐν
1498 1738 1619 1791 ταῖς
1643 1732 1888 1799 εἱρκταῖς

208 1831 249 1862 20
271 1811 830 1883 ταλαιπωρουμένους
855 1809 1173 1882 ἐνομοθέτει
1195 1809 1408 1882 μηδένα
1440 1809 1728 1882 μεταδόσει
1755 1833 1888 1882 τρο-

271 1898 380 1966 φῆς
411 1892 1016 1966 φιλανθρωπεύεσθαι,
1047 1891 1180 1966 μηδ’
1210 1895 1384 1950 ἐλεεῖν
1407 1893 1539 1959 τούς
1573 1896 1633 1949 έν
1665 1899 1888 1967 δεσμοῖς

271 1983 410 2054 λιμῷ
466 1980 995 2050 διαφθειρομένους,
1040 1976 1174 2050 μηδ’
1230 1972 1424 2043 άπλῶς
1477 1976 1697 2048 ἀγαθὸν
1749 1978 1890 2036 εἶναι

271 2065 500 2133 μηδένα,
531 2060 663 2134 μηδ’
698 2061 920 2134 ἀγαθόν
949 2086 1000 2117 τι
1029 2061 1289 2135 πράττειν
1320 2061 1453 2128 τούς
1484 2064 1578 2118 καὶ
1608 2063 1747 2135 πρὸς
1779 2062 1887 2119 αὕ-

271 2151 367 2216 τῆς
396 2150 495 2217 τῆς
527 2146 750 2217 φύσεως
797 2147 889 2201 ἐπὶ
932 2145 993 2201 τὸ
1026 2146 1320 2218 συμπαθες
1361 2170 1474 2202 των
1514 2147 1684 2211 πέλας
1729 2149 1882 2203 ἑλκο-

208 2249 249 2282 25
271 2230 491 2301 μένους.
559 2230 654 2284 καὶ
696 2232 770 2300 ἠν
811 2252 874 2300 γε
914 2229 1105 2301 νόμων
1150 2232 1312 2295 οὗτος
1353 2253 1614 2302 αντικρυς
1655 2229 1887 2303 ἀναιδὴς

271 2315 366 2369 καὶ
397 2312 803 2384 ἀπηνέστατος,
843 2319 1031 2369 πᾶσαν
1063 2313 1268 2387 ἥμερον
1297 2311 1659 2387 ὑπερεξάγων
1690 2315 1885 2387 φύσιν,

273 2396 367 2470 ἐφ’
404 2392 447 2472 ᾦ
478 2399 569 2452 καὶ
599 2403 834 2471 τιμωρία
864 2399 1203 2470 προσέκειτο,
1226 2397 1359 2464 τούς
1386 2402 1679 2464 ἐλεοῦντας
1702 2399 1768 2455 τά
1794 2409 1887 2456 ἴσα

273 2482 505 2554 πάσχειν
544 2495 659 2548 τοῖς
704 2484 1079 2554 ἐλεουμένοις,
1122 2487 1347 2555 δεσμοῖς
1377 2507 1435 2539 τε
1473 2485 1885 2555 καὶιφυλακαῖς

271 2572 722 2639 καθείργνυσθαι
740 2610 755 2638 ,
779 2566 883 2638 τὴν
909 2577 1036 2638 ἴσην
1066 2579 1181 2633 τοῖς
1210 2568 1718 2640 καταπονουμένοις
1739 2563 1886 2624 ὑπο-

208 2669 249 2702 30
271 2651 542 2722 μένοντας
583 2657 882 2724 τιμωρίαν,
925 2652 1057 2718 τούς
1087 2651 1152 2707 τοὶ
1183 2651 1556 2726 φιλάνθρωπα
1587 2656 1884 2709 διακονου-

272 2737 492 2806 μένους.
542 2739 620 2790 12.
653 2740 901 2792 τοιαῦται
931 2740 993 2792 αἱ
1019 2742 1310 2794 Λικιννίου
1353 2737 1634 2804 διατάξεις.
1688 2742 1747 2792 τί
1780 2736 1883 2809 χρὴ

274 2819 370 2886 τοὶς
401 2820 528 2894 περὶ
570 2819 763 2892 γάμων
794 2827 1147 2894 καινοτομίας
1178 2818 1646 2894 άπαριθμεῖσθαι,
1686 2818 1721 2892 ἢ
1751 2820 1884 2887 τούς
