2032 3174
1115 34 1149 61 Χ

348 152 454 194 LVI
1055 149 1180 190 OAP.
1212 151 1252 190 4.

341 262 519 313 fessus
567 267 649 312 est
696 261 801 326 sie,
852 278 1019 311 unum
1069 278 1188 311 esse
1227 259 1430 326 Deum,
1479 261 1714 313 omnium
1752 262 1949 333 guber-

341 353 614 411 natorem,
667 351 719 396 et
757 343 923 399 ‚bonis
971 345 1227 415 operibus
1266 362 1388 395 eum
1427 343 1620 412 coluit,
1670 364 1775 397 non
1813 345 1947 415 legis

343 429 684 497 (Mosaicae)
734 428 1094 479 caerimoniis.
1169 429 1350 497 Atque
1399 447 1583 481 omnes
1630 437 1810 482 terrae
1858 431 1948 482 tri-

342 514 439 564 bus
479 520 639 583 atque
677 531 863 565 omnes
902 511 1087 583 populi
1125 512 1181 563 in
1208 531 1269 564 eo
1297 513 1569 566 benedicti
1597 521 1739 566 sunt.
1802 518 1834 580 ξ
1866 515 1946 566 14.

339 599 428 649 Ex
484 597 739 667 operibus
798 615 935 667 quae
989 597 1172 650 verbis
1225 596 1394 650 multo
1446 597 1694 651 clariora·
1725 607 1850 651 sunt
1896 607 1950 651 et

341 681 599 750 (hominis
640 682 912 750 animum)
951 679 1120 734 multo
1160 681 1350 734 melius
1390 682 1765 748 manifestant,
1805 701 1947 735 nunc

336 767 706 835 cognoscitur,
753 766 897 836 apud
937 766 1082 820 solos
1121 766 1457 820 Christianos
1496 768 1723 837 reperiri
1760 766 1947 820 lauda—

339 851 502 903 bilem
540 850 689 902 illam
728 852 874 903 vitae
912 852 1195 903 rationem.
1277 854 1309 917 ξ
1351 852 1431 904 15.
1496 851 1640 918 Quid
1688 870 1816 905 vero
1854 871 1945 923 po·-

339 935 465 987 terit
519 935 782 1005 impedire
829 935 1113 1006 quominus
1166 936 1462 1002 fateamur,
1520 936 1745 988 eandem
1797 936 1942 989 illam

338 1020 484 1072 vitae
530 1021 791 1072 rationem
844 1029 896 1073 et
944 1021 1171 1072 eandem
1208 1019 1482 1088 religionis
1530 1021 1764 1073 formam
1809 1040 1943 1087 esse,

337 1103 520 1170 nobis,
570 1123 724 1174 quem
774 1123 806 1156 a
852 1104 1068 1157 Christo
1116 1105 1453 1174 accepimus,
1504 1111 1664 1175 atque
1711 1106 1942 1160 vestutis

337 1188 442 1240 Dei
481 1189 808 1242 amantibus
872 1190 1019 1258 Ergo
1058 1207 1231 1259 neque
1269 1207 1414 1242 nova
1450 1207 1623 1259 neque
1660 1191 1944 1260 peregrina

335 1272 581 1342 putanda
618 1281 702 1325 est
738 1273 985 1325 doctriua
1013 1273 1295 1342 (Christi),
1336 1273 1457 1339 sed,
1499 1273 1544 1324 si
1571 1273 1761 1326 decere
1799 1274 1939 1341 lieet,

336 1375 400 1408 ea
436 1377 626 1411 revera
665 1358 780 1410 sola
817 1366 899 1410 est
936 1357 1154 1427 religi0‚
1194 1376 1349 1424 vera,
1391 1376 1454 1409 ea
1491 1376 1629 1428 quae
1666 1378 1697 1410 a
1725 1359 1941 1411 Christo

335 1441 490 1494 nobis
528 1443 732 1495 tradita
771 1451 869 1495 est.

871 1951 1402 2001 CORRIGENDA.

504 2091 544 2130 p.
578 2079 673 2119 XL.
707 2081 732 2122 Ι.
766 2080 815 2118 ’21
849 2092 931 2130 pro
964 2078 1310 2130 antiquissimus
1341 2081 1366 2121 Ι,
1401 2078 1744 2133 antiquissimis.

504 2177 543 2215 p.
579 2163 699 2205 XLI.
735 2178 773 2205 n.
809 2163 851 2213 1)
884 2166 910 2205 l.
950 2162 1018 2203 Sic
1050 2163 1181 2216 Syrus
1216 2149 1393 2211 Ιὸαἶὲῧ

499 2261 541 2300 p.
578 2248 733 2292 XLIV.
767 2251 791 2287 Ι.
831 2251 846 2288 1
882 2263 961 2302 pro
993 2249 1218 2301 Repondit
1251 2252 1275 2289 Ι.
1310 2248 1571 2301 Respondit.
