1986 3152
219 573 239 604 5

218 1414 259 1445 15

218 1815 284 1866 20

289 101 390 153 150
964 94 1211 143 EUS'Essn

288 216 355 288 δὴ
390 218 742 288 ἐπικληθέντι
774 216 1018 288 Εὐσεβεῖ
1055 219 1146 272 καὶ
1185 219 1250 290 τῇ
1286 212 1568 288 Ῥωμαίων
1599 218 1888 293 συγκλήτῳ

285 305 461 374 βουλῇ
493 315 832 374 προσφωνεῖ.
893 303 984 358 καὶ
1015 299 1120 373 γὰρ
1154 301 1242 356 ἐπὶ
1275 302 1370 401 της
1408 298 1612 373 Ῥώμης
1642 299 1736 366 τὰς
1768 306 1891 358 δια-

283 383 473 457 τριβὰς
499 387 750 445 ἐποιεῖτο.
807 388 1061 458 ἐμφαίνει
1093 385 1204 441 δὲ
1178 384 1396 455 εαυτόν,
1426 381 1574 451 ὅστις
1599 386 1690 440 καὶ
1713 384 1891 443 πόθεν

283 469 384 541 ἠν,
418 467 509 525 διὰ
540 475 634 541 τῆς
666 468 964 541 ἀπολογίας
997 472 1057 526 ἐν
1085 467 1324 534 τούτοις

411 564 514 614 XII.
564 563 694 630 [Nic.
723 565 782 615 H.
806 565 860 614 E.
884 564 963 620 ΙΙΙ,
993 561 1077 613 26.
1102 561 1211 628 32]
1294 550 1708 626 Αυτοκράτορι
1749 560 1890 630 Τίτῳ

276 633 493 695 “Αίλίω
522 635 794 714 Ἀδριανω
816 636 1130 712 Ἀντωνίνῳ
1162 635 1409 709 Εὐσεβεῖ
1435 643 1680 710 Καίσαρι
1711 613 1892 710 Σεβά-

273 719 304 741 ‘
314 725 451 797 στῷ,
497 724 589 780 καὶ
637 719 998 799 Ουηρισσίμω
1040 724 1147 798 υἱῷ
1178 719 1497 796 φιλοσόφῳ,
1542 723 1633 778 καὶ
1663 728 1892 798 Λουκίῳ

275 801 624 883 “φιλοσόφω,
640 814 918 882 Καίσαρος
941 804 1108 879 φύσει
1131 809 1236 882 υἱῷ
1261 808 1353 863 καὶ
1374 802 1660 878 Εὐσεβοῦς
1687 811 1892 863 εἰσποι-

274 886 453 965 τἠτςῦ,
501 895 700 964 ἐραστῇ
732 897 1006 964 παιδείας,
1040 894 1162 965 ἱερᾷ
1191 913 1251 946 τε
1281 889 1571 966 συγκλήτῳ
1604 892 1696 947 καὶ
1726 893 1888 958 παντὶ

278 970 307 990 «⁸

221 993 261 1024 ιο

319 973 475 1052 δήμω
498 973 797 1049 Ῥωμαίων,
831 972 975 1049 ὑπὲρ
1000 980 1113 1032 τῶν
1139 977 1198 1031 ἐκ
1221 973 1426 1040 παντὸς
1451 977 1647 1046 γένους
1671 973 1892 1048 ἀνθρώ-

273 1054 435 1116 “πων
473 1056 678 1126 ἀδίκως
717 1063 1070 1133 μισουμένων
1111 1061 1203 1115 καὶ
1246 1061 1724 1131 ἐπηρεαζομένων,
1759 1057 1891 1116 Ἰου-

276 1138 496 1209 “στῖνος
537 1150 793 1215 Πρίσκου
832 1149 931 1201 τοῦ
972 1149 1274 1217 Βακχείου,
1315 1146 1428 1200 τῶν
1468 1142 1575 1200 ἀπὸ
1610 1149 1891 1208 Φλαουίας

273 1223 464 1294 “Νέας
510 1226 723 1293 πόλεως
763 1235 860 1300 τῆς
892 1234 1106 1299 Συρίας
1135 1233 1542 1299 Παλαιστίνης,
1587 1224 1664 1292 εἷς
1707 1227 1892 1284 αὐτῶν

275 1307 423 1382 “ὠ’ν,
485 1309 590 1383 τὴν
640 1310 1043 1386 προσφωνησιν
1091 1313 1183 1369 καὶ
1236 1314 1484 1379 ἔντευξιν
1535 1308 1889 1384 ποιήσομαι.”

284 1398 600 1469 ἐντευχθεὶς
634 1397 695 1453 δὲ
736 1399 827 1454 καὶ
857 1392 961 1469 ὑφ’
995 1399 1199 1470 ἑτέρων
1228 1394 1257 1452 ὁ
1291 1392 1455 1462 αὐτὸς
1499 1393 1760 1466 βασιλεύς
1802 1397 1892 1453 ἐπὶ

281 1483 376 1552 τῆς
401 1478 587 1546 Ἀσίας
618 1478 899 1554 ἀδελφῶν,
932 1487 1218 1546 παντοίαις
1248 1477 1448 1552 ὕβρεσι
1479 1478 1615 1553 πρὸς
1638 1483 1750 1538 τῶν
1774 1482 1893 1540 ἐπι-

282 1571 503 1638 χωρίων
536 1565 728 1638 δήμων
759 1568 1282 1638 καταπονουμένων,
1317 1563 1571 1637 τοιαύτης
1600 1561 1802 1637 ήξίωσε
1831 1562 1890 1621 τὸ

282 1649 472 1707 κοινὸν
502 1652 596 1723 τῆς
620 1648 807 1716 Ἀσίας
839 1649 1160 1719 διατάξεως’

408 1745 530 1794 ΧΙΙΙ.
588 1745 714 1811 [Nic.
744 1746 800 1795 H.
831 1746 884 1794 E.
914 1745 1004 1802 111,
1031 1743 1143 1811 28]
1215 1730 1627 1806 “Λύτοκράτωρ
1670 1741 1891 1806 Καῖσαρ

291 1816 546 1890 Μάρκος
578 1817 857 1925 Αυρήλιος
882 1817 1211 1884 Ἀντωνῖνος
1242 1816 1550 1890 Σεβαστὸς,
1588 1814 1890 1890 Ἀρμένιος,

271 1900 596 2010 ἱζάρχιερευς
619 1905 891 1976 μέγιστος,
926 1906 1260 1977 δημαρχικῆς
1289 1905 1536 1969 ἐξουσίας
1560 1900 1618 1958 τὸ
1643 1903 1892 1973 πέμπτον
1967 1966 1969 1968 v

272 1983 405 2042 “καὶ
437 1990 688 2061 δέκατον,
721 1987 931 2054 ὕπατος
961 1988 1021 2045 τὸ
1053 1994 1258 2063 τρίτον,
1290 1988 1368 2061 τῷ
1397 1989 1564 2062 κοινῷ
1588 1989 1683 2058 τῆς
1709 1985 1892 2052 Ἀσίας

274 2067 543 2142 “χαίρειν.
615 2076 664 2129 2
701 2070 805 2144 ε’γω
844 2097 947 2144 μεν
978 2069 1165 2129 οἷδα’”Ι
1133 2096 1219 2129 οτι
1250 2073 1342 2127 καὶ
1372 2084 1487 2137 τοῖς
1517 2080 1672 2136 θεοῖς
1705 2073 1892 2143 ἐπιμε-

274 2148 404 2219 “λές
449 2157 560 2211 ἐστι
598 2155 673 2227 μὴ
715 2154 1022 2212 λανθάνειν
1059 2154 1189 2222 τούς
1229 2153 1528 2219 τοιούτους.
1601 2151 1744 2211 πολὺ
1784 2153 1889 2226 γὰρ

276 2233 305 2253 “¹

217 2254 259 2286 25

312 2241 521 2309 μᾶλλον
562 2242 763 2296 ἐκεῖνοι
803 2238 1098 2296 κολάσαιεν
1127 2234 1198 2296 ἂν
1236 2231 1363 2305 τοὺς
1404 2235 1477 2310 μὴ
1519 2239 1891 2311 βουλομένους

272 2320 512 2387 “αὐτούς
553 2337 894 2395 προσκυνεῖν
934 2320 967 2396 ἢ
1005 2322 1179 2396 ὑμεῖς.
1277 2327 1324 2379 3.
1383 2320 1481 2388 οὓς
1529 2328 1606 2388 εἰς
1647 2319 1892 2394 ταραχὴν

272 2402 638 2478 ς’έμβάλλετε,
690 2412 1050 2479 βεβαιοῦντες
1087 2408 1189 2480 τὴν
1219 2405 1447 2479 γνώμην
1487 2402 1675 2464 αὐτῶν
1713 2403 1891 2479 ἥνπερ
1932 2483 1935 2487 ¹

273 2486 552 2563 “ἔχουσιν,
577 2490 648 2558 ὡς
680 2492 868 2549 ἀθέων
891 2495 1340 2565 κατηγοροῦντες.
1377 2500 1461 2564 εἰή
1489 2487 1542 2547 δ’
1564 2487 1635 2547 ἂν
1659 2494 1890 2556 ἐκείνοις

274 2569 534 2647 εἀἱρετὸν
574 2574 634 2633 τὸ
679 2582 868 2634 δοκεῖν
919 2578 1414 2651 κατηγορουμένοις
1457 2574 1728 2632 τεθνάναι
1758 2578 1891 2647 μᾶλ-

219 2653 291 2707 30‘
315 2666 414 2715 λον
443 2656 476 2731 ἢ
506 2664 601 2732 ζῆν
630 2656 772 2732 ὑπὲρ
803 2663 902 2718 τοῦ
931 2666 1141 2718 οἰκείου
1170 2663 1328 2719 θεοῦ.
1383 2657 1521 2718 ὅθεν
1551 2660 1643 2716 καὶ
1673 2662 1898 2730 νικῶσι,
1923 2731 1944 2738 ³

396 2855 421 2892 5
452 2855 615 2896 lustin.
647 2854 778 2906 Apol.
813 2855 847 2894 1.
885 2866 921 2893 e.
960 2856 995 2897 1.
1030 2867 1073 2906 p.
1098 2857 1166 2894 53.
1308 2855 1359 2894 19
1391 2853 1507 2894 lbid.
1541 2866 1579 2895 c.
1613 2853 1680 2894 68.
1714 2865 1758 2904 p.
1793 2852 1887 2906 100t
