1986 3152
305 91 409 141 :242
928 87 1174 128 EUSEBH

307 214 462 275 λημα.
529 208 607 258 10.
654 206 859 268 ἐκεῖνος
904 203 963 258 δὲ
996 204 1080 277 ’τῷ
1117 201 1219 273 μὲν
1264 205 1450 258 δοκεῖν
1492 206 1570 266 είς
1612 199 1913 273 πρόσωπον
1985 244 1986 268 ᾖ

305 289 636 358 ἐπέπληττεν
667 284 836 361 αὐτῷ,
872 286 1048 359 μηδὲν
1079 281 1220 357 ὑπὲρ
1252 281 1473 356 ἡλικίαν
1499 285 1638 357 μηδὲ
1661 290 1756 356 τῆς
1780 307 1912 359 προ·
1985 311 1986 346 3

303 372 515 443 φανοῦς
542 374 788 436 διανοίας
813 371 1118 442 περαιτέρω
1139 393 1189 426 τι
1216 376 1396 441 ζητεῖν
1418 374 1724 443 παραινῶν,
1754 374 1910 436 ἰδίως

306 455 363 511 δὲ
417 450 548 526 παρ’
595 455 778 529 ἑαυτῷ
825 454 891 510 τὰ
941 452 1151 526 μεγάλα
1201 452 1456 526 γεγηθῶς
1505 450 1608 523 τὴν
1646 459 1911 525 μεγίστην

259 563 279 593 5
304 536 569 611 ὡμολόγει
609 541 686 614 τῷ
727 536 953 596 πάντων
995 536 1230 610 ἀγαθῶν
1260 543 1418 613 αἰτίῳ
1448 539 1566 612 θεῷ
1596 533 1786 609 χάριν,
1829 534 1913 594 ὅτι

306 622 372 694 δὴ
413 620 586 679 αὐτὸν
614 620 867 680 τοιούτου
897 624 1106 695 πατέρα
1137 624 1401 694 γενέσθαι
1432 618 1627 686 παιδὸς
1659 618 1910 692 ἠξίωσεν.

308 708 392 762 11.
435 705 730 764 ἐπιστάντα
762 707 824 763 δὲ
854 704 962 779 ἤδη
993 705 1253 772 πολλάκις
1284 703 1619 763 καθεύδοντι
1649 706 1726 780 τῷ
1755 706 1914 761 παιδὶ

304 794 591 863 γυμνῶσαι
607 792 710 864 μὲν
727 790 902 848 αὐτοῦ
927 789 992 847 τὰ
1016 793 1216 865 στέρνα
1240 792 1434 863 φασὶν,
1453 787 1640 862 ῶσπερ
1666 788 1727 845 δὲ
1749 794 1914 846 θείου

303 873 616 947 πνεύματος
647 881 814 932 ἔνδον
847 878 907 932 ἐν
937 873 1123 942 αὐτοῖς
1154 873 1560 948 ἀφιερωμένου,
1593 875 1829 945 φιλῆσαί
1854 895 1912 929 τε

242 982 280 1012 10
303 964 614 1031 σεβασμίως
656 962 747 1016 καὶ
787 963 883 1032 τῆς
927 958 1207 1025 εὐτεκνίας
1248 957 1529 1032 μακάριον
1552 955 1753 1014 ἑαυτὸν
1782 953 1913 1030 ἡγή-

306 1054 528 1100 σασθαι.
591 1048 762 1101 ταῦτα
786 1046 878 1100 καὶ
902 1046 1060 1116 ἕτερα
1082 1043 1296 1110 τούτοις
1320 1043 1565 1115 συγγενῆ
1587 1043 1714 1113 περὶ
1739 1046 1914 1098 παῖδα

302 1125 434 1183 ὄντα
465 1126 563 1184 τὸν
589 1124 880 1200 ’ῼριγένην
909 1131 1176 1200 γενέσθαι
1199 1125 1661 1200 μνημονεύουσιν.
1726 1129 1805 1182 12.
1840 1123 1913 1191 ῶς

305 1211 363 1266 δὲ
408 1209 516 1282 ἤδη
557 1208 708 1288 αὐτῷ
738 1211 767 1269 ὅ
799 1211 976 1285 πατὴρ
1014 1218 1299 1288 μαρτυρίᾳ)
1331 1214 1671 1281 τετελείωτο,
1717 1214 1913 1282 ἔρημος

302 1293 414 1366 ἅμα
443 1297 607 1368 μητρὶ
638 1298 730 1352 καὶ
760 1299 1118 1370 βραχυτέροις
1149 1292 1412 1368 ἀδελφοῖς
1443 1294 1541 1351 τόν
1571 1290 1813 1366 ἀριθμὸν
1836 1295 1910 1366 ἓξ,

239 1400 277 1431 15
301 1381 765 1437 ἑπτακαιδέκατον
802 1379 867 1437 οὐ
899 1383 1101 1454 πλῆρες
1133 1386 1249 1446 ἔτος
1281 1377 1463 1452 ἄγων,
1505 1385 1908 1435 καταλείπεται.

304 1467 381 1520 13.
416 1467 510 1536 τῆς
541 1487 604 1536 γε
633 1462 743 1537 μὴν
766 1469 862 1522 τοῦ
887 1462 1092 1538 πατρὸς
1117 1470 1443 1539 περιουσίας
1466 1476 1580 1528 τοῖς
1605 1467 1910 1534 βασιλικοῖς

298 1555 561 1620 ταμιείοις
585 1545 1027 1622 ἀναληφθείσης,
1062 1552 1122 1606 ἐν
1145 1547 1344 1606 σπάνει
1367 1552 1480 1605 τῶν
1505 1546 1642 1603 κατὰ
1664 1545 1761 1603 τὸν
1784 1551 1911 1619 βίον
1954 1591 1956 1594 ⁴

299 1638 500 1703 χρειῶν
549 1633 655 1689 σὺν
705 1647 816 1700 τοῖς
859 1632 1205 1706 προσήκουσι
1245 1630 1543 1703 καταστάς,
1596 1636 1912 1703 οἰκονομίας

299 1719 392 1788 τῆς
441 1719 499 1772 ἐκ
548 1720 690 1774 θεοῦ
739 1721 1114 1791 καταξιοῦται,
1169 1719 1259 1774 καὶ
1307 1715 1565 1791 τυγχάνει
1608 1713 1912 1782 δεξιῶσεως

237 1819 278 1850 20
302 1795 440 1872 ὁμοῦ
492 1803 583 1857 καὶ
635 1798 1000 1869 ἀναπαύσεως
1045 1801 1194 1875 παρά
1235 1827 1344 1859 τινι
1385 1798 1767 1873 πλουσιωτάτῃ
1807 1799 1912 1872 μὲν

301 1882 397 1942 τὸν
436 1891 562 1956 βίον
604 1888 695 1942 καὶ
737 1910 803 1942 τα
844 1884 983 1942 άλλα
1015 1885 1460 1960 περιφανεστάτῃ
1491 1886 1744 1958 γυναικὶ,
1790 1888 1912 1940 δια-

299 1966 502 2040 βόητόν
543 1994 605 2041 γε
649 1969 761 2042 μὴν
799 1968 979 2044 ἄνδρα
1020 1970 1361 2044 περιεπούσῃ
1402 1973 1513 2027 τῶν
1543 1968 1663 2026 τότε
1695 1970 1783 2024 ἐπὶ
1814 1973 1911 2040 τῆς

295 2048 708 2127 Ἀλεξανδρείας
738 2059 1105 2129 αἱρεσιωτῶν
1139 2054 1199 2110 τὸ
1230 2057 1387 2127 γένος
1418 2046 1488 2124 ἧν
1517 2077 1676 2118 ουτος
1700 2051 1911 2109 Ἀντιο-

300 2134 453 2208 χεύς,
494 2135 665 2194 θετὸν
708 2138 769 2194 δὲ
799 2135 969 2195 αὐτὸν
1000 2137 1125 2194 υιὸν
1162 2137 1277 2211 εἶχέ
1301 2161 1359 2195 τε
1391 2156 1496 2194 συν
1527 2139 1694 2210 ἑαυτῇ
1725 2138 1815 2192 καὶ
1851 2139 1912 2193 ἐν

236 2242 278 2274 25
302 2228 415 2284 τοίς
467 2219 700 2292 μάλιστα
752 2235 1037 2293 περιεῖπεν
1088 2220 1121 2294 ἡ
1177 2224 1548 2303 δεδηλωμένη.
1634 2224 1713 2276 14.
1771 2217 1911 2277 ἄλλα

301 2303 477 2360 τούτω
510 2328 571 2376 γε
605 2303 905 2376 ἐπάναγκες
935 2303 964 2362 ὁ
994 2302 1274 2379 Ὠριγένης
1306 2303 1496 2363 συνῶν
1533 2310 1629 2377 τῆς
1672 2308 1725 2373 ἐξ
1766 2308 1910 2362 ἐκεί-

299 2411 402 2445 νου
455 2390 580 2460 περὶ
632 2387 734 2460 τὴν
783 2395 970 2446 πίστιν
1007 2388 1335 2464 ὄρθοδοξίας
1378 2394 1580 2491 ἐναργῆ
1620 2396 1911 2464 παρείχετο

300 2469 634 2544 δείγματα,
615 2470 697 2530 ότι
729 2473 798 2545 δὴ
827 2480 1032 2547 μυρίου
1064 2474 1315 2547 πλήθους
1350 2473 1439 2531 δια
1470 2473 1529 2531 τὸ
1562 2477 1768 2531 δοκοῦν
1793 2479 1908 2531 ἰκα-

299 2553 398 2612 νόν
441 2559 501 2613 έν
541 2555 686 2633 λόγω
729 2582 825 2615 του
864 2559 1096 2616 Παυλου
1141 2555 1323 2638 (τοῦτο
1344 2584 1469 2661 γαρ
1510 2550 1580 2630 ἦν
1618 2556 1789 2630 ὄνομα
1831 2559 1910 2614 τῶ

235 2663 277 2695 30
299 2635 488 2743 ἀνδρὶ)
521 2644 903 2714 συναγομένου
943 2642 1075 2714 παρ’
1112 2641 1262 2720 αὐτῷ
1292 2667 1360 2701 ου
1391 2642 1563 2716 μόνον
1593 2645 1920 2718 αἰρετικῶν,

298 2722 436 2781 αλλα
489 2727 580 2781 καὶ
635 2723 942 2800 ἡμετέρων,
996 2726 1354 2786 ουδεπῶποτε
1399 2725 1724 2801 προυτράπη
1770 2748 1910 2783 κατα

298 2806 398 2880 τὴν
444 2807 612 2882 εὐχὴν
653 2806 802 2887 αὐτῷ
843 2814 1139 2883 συστῆναι,
1192 2810 1490 2885 φυλάττων
1532 2813 1668 2878 ἐξέτι
1707 2808 1913 2876 παιδὸς,
