1986 3152
291 138 392 188 140
961 136 1208 178 EUSEBH

288 259 399 309 τῶν
430 249 753 308 ἀποστόλων
787 253 1095 324 διαδέχεται
1134 251 1508 324 Τελεσφόρος,
1543 256 1798 310 ἐνιαυτοῦ
1831 255 1896 311 δὲ
1927 259 1930 262 ’

288 335 490 409 μεταξὺ
533 338 623 392 καὶ
662 339 854 407 μηνῶν
909 337 1307 408 διαγενομένου
1346 341 1440 407 τῆς
1487 334 1898 409 Ἀλεξανδρέων

290 425 580 492 παροικίας
631 419 738 490 τὴν
796 426 1137 492 προστασίαν
1196 417 1450 492 Εὐμένης·
1508 423 1645 497 ἕκτῳ
1705 421 1893 497 κλήρῳ

291 507 626 577 διαδέχεται,
679 509 775 560 τοῦ
828 504 933 576 πρὸ
987 502 1159 561 αὐτοῦ
1211 509 1390 561 ἔτεσιν
1436 508 1635 561 ἕνδεκα
1677 507 1892 579 διαρκέ-

244 610 264 642 5
289 607 500 654 σαντος.

416 683 487 733 VL
545 683 673 749 [Nic.
702 683 759 732 H.
790 684 842 732 E.
872 685 953 742 111,
982 681 1094 749 24]
1165 674 1274 728 Καὶ
1309 675 1445 744 δῆτα
1475 678 1571 744 τῆς
1608 669 1895 730 Ἰουδαίων

288 756 624 822 ἀποστασιάς
677 748 841 822 αὖθις
893 764 968 823 εἰς
1010 759 1150 829 μέγα
1190 758 1281 812 καὶ
1323 757 1465 813 πολὺ
1507 755 1895 829 προελθούσης

279 841 508 913 Ροῦφος
552 838 806 912 ἐπάρχων
845 846 939 913 τῆς
974 839 1273 911 Ἰουδαίας,
1318 846 1707 914 στρατιωτικῆς
1744 839 1895 918 αυτῷ

288 931 597 998 συμμαχίας
626 923 734 980 ὑπὸ
765 930 1033 997 βασιλέως
1065 931 1433 998 πεμφθείσης,
1465 939 1583 990 ταῖς
1607 901 1894 992 ἀπονοίαίς

226 1031 266 1061 10
292 1009 479 1066 αὐτῶν
510 1009 753 1080 ἀφειδῶς
785 1008 1061 1082 χρεόμενος
1094 1007 1335 1081 ἐπεξῄει,
1368 1009 1641 1082 μυριάδας
1673 1008 1896 1083 ἀθρόως

286 1092 511 1161 ἀνδρῶν
541 1092 678 1166 ὁμοῦ
716 1096 807 1148 καὶ
839 1099 1058 1150 παίδων
1082 1097 1172 1149 καὶ
1203 1098 1487 1164 γυναικῶν
1519 1099 1892 1166 διαφθείρων,

287 1181 529 1249 πολέμου
573 1202 632 1234 τε
671 1175 821 1252 νόμῳ
861 1176 955 1242 τάς
996 1175 1175 1249 χώρας
1220 1175 1406 1233 αὐτῶν
1439 1177 1893 1247 ἐξανδραποδιζό-

287 1284 463 1333 μενος.
536 1265 584 1317 2.
622 1259 940 1333 ἐστρατήγει
990 1262 1048 1316 δὲ
1082 1259 1370 1317 Ἰουδαίων
1410 1267 1710 1332 τηνικαῦτα
1750 1270 1894 1333 Βαρ-

288 1347 530 1417 χωχέβας
569 1343 771 1417 ὄνομα,
815 1343 1043 1418 (ἀστέρα
1076 1349 1235 1417 δηλοῖ
1264 1345 1479 1415 τοῦτο),
1526 1345 1591 1401 τὰ
1622 1346 1724 1417 μὲν
1754 1343 1895 1402 ἄλλα

224 1447 263 1479 15
287 1428 574 1502 λῃστρικὸς
605 1432 696 1485 καὶ
731 1428 957 1500 φονικός
987 1453 1068 1494 τις
1098 1428 1269 1502 ἀνὴρ,
1314 1431 1402 1485 ἐπὶ
1435 1430 1496 1486 δὲ
1526 1434 1592 1502 τῇ
1625 1447 1893 1502 προσηγο-

288 1521 399 1587 ρία,
432 1511 520 1570 οἶα
555 1511 640 1568 ἐπ’
674 1512 1066 1587 ἀνδραπόδων,
1100 1537 1172 1578 ως
1206 1511 1273 1585 δὴ
1309 1516 1359 1580 ἐξ
1392 1513 1637 1587 οὐρανοῦ
1667 1513 1895 1587 φωστὴρ

288 1595 475 1662 αὐτοῖς
500 1597 911 1707 κατεληλυθώς,
944 1600 1306 1670 κακουμένοις
1328 1622 1387 1654 τε
1414 1597 1713 1670 ἐπιλάμψαι
1736 1621 1894 1670 τερα·
1969 1615 1971 1617 ’

288 1680 597 1753 τεύομενος.
633 1687 679 1738 ὃ.
707 1679 1053 1754 ἀκμάσαντος
1073 1683 1133 1738 δε
1155 1686 1252 1738 τοῦ
1277 1683 1518 1753 πολέμου
1543 1689 1698 1746 ε”τους
1722 1680 1890 1738 ὀκτω-

288 1764 619 1822 καιδεκάτου
664 1769 758 1837 τῆς
793 1765 1088 1838 ἡγεμονίας
1125 1763 1422 1834 Ἀδριανοῦ
1457 1765 1593 1822 κατὰ
1629 1772 1894 1838 Βίθθηρα

229 1870 270 1900 20
293 1848 475 1921 πόλιν,
506 1847 623 1921 ἥτις
655 1875 725 1922 ην
751 1849 1080 1922 ἐχυρωτάτη,
1112 1853 1224 1906 τῶν
1247 1845 1642 1922 Ιεροσολύμων
1666 1846 1733 1906 ού
1759 1849 1893 1922 σφό-

289 1939 395 2005 δρα
426 1933 614 2005 πόρρω
649 1938 936 2005 διεστωσα,
969 1940 1063 2006 τῆς
1086 1957 1146 1989 τε
1178 1935 1388 1999 ἔξωθεν
1413 1940 1731 2006 πολιορκίας
1762 1958 1892 2007 χρο-
1974 1945 1977 1947 ’

287 2023 413 2073 νίου
444 2021 762 2089 γενομένης,
795 2021 936 2094 λιμω
964 2040 1022 2073 τε
1045 2019 1136 2073 καὶ
1169 2022 1319 2085 δίψει
1343 2021 1455 2074 τῶν
1480 2021 1895 2090 νεωτεροποιῶν

289 2106 366 2165 εἰς
419 2106 661 2191 ε’σχατον
686 2100 928 2173 ὀλέθρου
969 2102 1446 2172 περιελαθέντων,
1500 2104 1591 2157 καὶ
1643 2107 1741 2158 τοῦ
1793 2105 1890 2173 τῆς

286 2181 551 2250 ἀπονοιας
593 2172 778 2250 αύτοῑς
810 2191 990 2241 αἰτίου
1020 2183 1122 2257 τὴν
1153 2182 1312 2251 ἀξίαν
1354 2188 1666 2251 ἐκτίσαντος
1708 2191 1890 2258 δίκην,

231 2288 272 2319 25
295 2265 354 2324 τὸ
385 2290 497 2323 παν
529 2274 693 2334 ἔθνος
727 2271 778 2335 ἐξ
813 2271 1027 2325 ἐκείνου
1048 2271 1139 2324 καὶ
1171 2272 1264 2340 τῆς
1295 2271 1421 2339 περὶ
1454 2267 1519 2325 τά
1544 2265 1893 2342 Ιεροσόλυμα

286 2355 386 2423 γῆς
416 2350 647 2423 πάμπαν
679 2355 987 2423 ἐπιβαίνειν
1019 2363 1284 2426 εἴργεται,
1329 2352 1505 2425 νόμου
1540 2352 1768 2426 δόγματι
1799 2355 1890 2409 καὶ

288 2433 600 2502 διατάξεσιν
642 2433 962 2508 Ἀδριανοῦ,
1006 2433 1077 2502 οἷς
1109 2432 1178 2493 ἀν
1208 2435 1336 2509 μηδ’
1377 2441 1428 2504 ἐξ
1462 2436 1712 2494 ἀπόπτου
1742 2448 1892 2494 θεω-

287 2532 439 2590 ροῖεν
462 2519 521 2575 τὸ
546 2524 801 2596 πατρῷον
833 2524 1059 2593 ἔδαφος,
1087 2524 1570 2594 ἐγκελευσαμένου.
1626 2520 1894 2594 Ἀρίστων

285 2599 315 2659 ὁ
373 2611 644 2670 Πελλαῖος
700 2609 918 2675 ἱστορεῖ.
1013 2609 1061 2661 4.
1114 2602 1258 2661 οὕτω
1315 2606 1382 2677 δὴ
1422 2609 1519 2677 τῆς
1559 2603 1768 2671 πόλεως
1810 2610 1890 2670 εἰς

223 2705 264 2738 30
294 2691 527 2759 ἐρημίαν
571 2694 669 2744 τοῦ
706 2685 993 2745 Ἰουδαίων
1025 2695 1228 2755 ἔθνους
1260 2693 1350 2745 καὶ
1394 2693 1634 2761 παντελῆ
1667 2687 1892 2762 φθορὰν

286 2774 398 2828 τῶν
435 2770 609 2828 «πάλαι
649 2771 953 2845 οἰκητόρων
1007 2772 1314 2844 ἐλθούσης,
1371 2776 1422 2840 ἐξ
1469 2772 1788 2846 ἀλλοφύλου
1833 2795 1892 2828 τε

286 2857 482 2926 γένους
534 2863 1011 2929 συνοικισθείσης,
1066 2856 1099 2928 ἡ
1145 2861 1436 2930 μετέπειτα
1489 2859 1736 2914 συστᾶσα
1766 2855 1890 2914 Ῥω-
