1986 3152
244 113 350 164 270
921 108 1170 149 EUSEBII

237 227 528 298 “σιαστὴς,
561 227 789 282 Κωέλθ·
832 216 1039 295 ςΑισμα
1066 219 1398 296 Ἀισμάτων,
1439 225 1548 298 Σὶρ
1574 221 1857 297 Ἀσσιρίμ“

238 308 532 381 “Ἡσαΐας,
561 306 785 366 Ἰεσσία·
821 306 1081 380 Ἱερεμίας
1113 307 1220 363 σὺν
1251 305 1488 382 Θρήνοις
1521 309 1612 364 καὶ
1641 310 1712 381 τῇ
1741 311 1862 364 ἐπι-

237 394 442 467 (ςστολῇ
474 396 534 450 ἐν
567 395 680 462 ἑνὶ,
717 387 972 464 Ἰερεμία·
1017 389 1266 462 Δανιὴλ,
1297 389 1543 463 Δανιήλ·
1583 388 1862 464 Ἰεζεκιὴλ,

237 476 549 549 ΝἸεζεκιήλ·
586 474 736 548 Ἰωβ,
765 472 912 546 Ἰω’β·
954 471 1190 547 Ἐσθήρ,
1218 471 1437 548 Ἐσθήρ.
1501 477 1602 542 ἔξω
1637 477 1697 533 δὲ
1725 474 1856 533 τού-

201 562 385 619 5“των
417 563 529 618 ἐστὶ
559 558 627 617 τοὶ
660 558 1068 632 Μακκαβαϊκα,
1105 556 1244 633 ἅπερ
1278 561 1670 633 ἐπιγέγραπται
1700 568 1855 633 Σαρ-

236 646 389 718 “βὴθ
420 641 787 716 Σαβαναιέλ.”
848 648 897 700 3.
935 649 1106 700 ταῦτα
1137 645 1240 716 μὲν
1271 635 1373 701 οὖν
1406 647 1465 700 ἐν
1495 647 1570 720 τῷ
1601 665 1862 717 προειρη-

243 732 390 806 με’νςο
422 735 614 802 τίθησι
645 727 1059 803 συγγράμματι”
1115 731 1176 784 ἐν
1209 728 1270 784 δὲ
1300 730 1377 804 τῷ
1406 725 1605 804 πρώτῳ
1635 731 1747 785 τῶν
1779 733 1856 792 εἰς

242 812 301 871 τὸ
351 813 486 870 κατα
528 823 858 883 Ματθαῖον,
910 812 1006 870 τὸν
1059 810 1512 885 ἐκκλησιαστικὸν
1561 809 1865 884 φυλάττων

245 897 472 971 κανόνα,
505 897 645 971 μόνα
674 899 916 971 τέσσαρα
945 898 1154 954 εἰδέναι
1187 893 1476 969 εὐαγγέλια
1500 893 1860 970 μαρτύρεται,

183 999 222 1030 10
249 974 363 1039 οἶδε’
398 1005 513 1049 πως
553 980 786 1055 γράφων
825 985 874 1038 4.
911 977 1022 1048 “ὦς
1067 985 1127 1038 ἐν
1159 980 1462 1051 παραδόσει
1493 979 1696 1053 μαθων
1729 981 1855 1053 περὶ

238 1065 388 1123 “τῶν
418 1065 704 1139 τεσσάρων
736 1064 1097 1138 εὐαγγελίων,
1130 1061 1164 1121 ἃ
1195 1068 1286 1122 καὶ
1317 1063 1459 1138 μόνα
1483 1062 1857 1138 ἀναντίρρητά

238 1147 426 1208 Νἐστιν
474 1153 533 1207 ἐν
571 1154 636 1224 τῇ
677 1148 786 1206 ὑπὸ
827 1149 928 1207 τὸν
969 1146 1213 1222 οὐρανὸν
1256 1152 1518 1224 ἐκκλησία
1558 1151 1657 1205 τοῦ
1696 1150 1855 1218 θεοῦ,

238 1232 356 1290 “ὅτι
395 1237 613 1306 πρῶτον
654 1235 756 1307 μὲν
796 1237 1095 1308 γέγραπται
1136 1233 1195 1290 τὸ
1238 1232 1375 1289 κατὰ
1405 1231 1502 1289 τόν
1532 1254 1663 1288 ποτε
1693 1230 1861 1288 τελεό·

237 1315 407 1391 “νην,
456 1315 692 1392 ὕστερον
742 1318 801 1374 δὲ
854 1315 1161 1374 ἀπόστολον
1193 1315 1373 1389 Ἰησοῦ
1414 1321 1656 1388 Χριστοῦ
1701 1324 1858 1373 Ματ-

183 1401 473 1475 15“(θαῖον,
524 1400 870 1460 ἐκδεδωκότα
912 1400 1046 1458 αὐτὸ
1087 1414 1199 1468 τοῖς
1240 1398 1721 1473 ἆπὸἸουδαϊσμοῦ
1763 1422 1857 1457 πι-

237 1483 534 1544 “στεύσασι
554 1532 568 1559 ,
637 1485 954 1561 γράμμασιν
1006 1482 1315 1560 Ἑβραϊκοῖς
1386 1489 1858 1557 συντεταγμένον·

239 1567 323 1629 “5.
360 1569 623 1646 δεύτερον
655 1572 717 1628 δὲ
746 1571 806 1627 τὸ
838 1570 974 1627 κατὰ
1005 1569 1262 1645 Μάρκον,
1298 1568 1370 1636 ὡς
1401 1571 1612 1644 Πέτρος
1642 1567 1857 1641 ὑφηγή-

237 1653 411 1712 “σατο
443 1654 619 1732 αὐτῷ,
652 1653 991 1727 ποιήσαντα,
1021 1652 1087 1712 ὃν
1119 1656 1208 1712 καὶ
1240 1653 1369 1711 υἱὸν
1401 1657 1461 1712 ἐν
1490 1657 1556 1728 τῇ
1587 1655 1865 1727 καθολικῇ

238 1738 267 1759 “
280 1743 537 1814 ἐπιστολῇ
570 1740 661 1797 διὰ
690 1739 904 1798 τούτων
935 1735 1252 1812 ὦμολόγησε
1283 1737 1516 1811 φάσκων
1540 1735 1856 1806 “ἆσπάζεται

183 1822 417 1897 20“ὑμᾶς
447 1822 481 1897 ἡ
514 1828 574 1881 ἐν
597 1830 897 1896 Βαβυλῶνι
928 1821 1268 1895 συνεκλεκτὴ
1299 1825 1391 1879 καὶ
1423 1822 1646 1896 Μάρκος
1676 1820 1704 1878 ὁ
1737 1819 1862 1887 υἱός

238 1906 414 1981 “μου’.
475 1913 520 1965 6.
555 1912 646 1965 καὶ
676 1915 862 1982 τρίτον
883 1906 943 1965 τὸ
967 1908 1103 1965 κατὰ
1127 1910 1372 1978 Λουκᾶν,
1405 1907 1465 1964 τὸ
1487 1904 1599 1963 ὑπὸ
1624 1903 1861 1963 Παύλου

238 1988 267 2012 “
281 1991 680 2066 ἐπαινούμενον
721 1990 1073 2065 εὐαγγέλιον,
1115 2005 1227 2059 τοῖς
1262 1989 1369 2048 ἀπὸ
1402 1996 1514 2048 τῶν
1547 1994 1733 2048 ἐθνῶν
1763 2013 1862 2047 πε-

237 2072 566 2148 “ποιηκότα·
611 2078 699 2133 ἐπὶ
742 2082 877 2134 πᾶσι
917 2075 976 2133 τὸ
1018 2074 1155 2133 κατὰ
1186 2072 1500 2147 Ἰωάννην.”
1573 2079 1618 2132 7.
1663 2075 1755 2132 καὶ
1797 2077 1856 2131 ἐν

247 2163 325 2236 τῷ
362 2162 587 2236 πέμπτῳ
631 2161 692 2217 δὲ
722 2165 834 2217 τῶν
866 2166 943 2226 εἰς
973 2157 1031 2217 τὸ
1064 2159 1201 2216 κατὰ
1225 2158 1490 2232 Ἰωάννην
1524 2162 1864 2231 ἐξηγητικῶν·

183 2240 276 2301 256
318 2242 483 2310 αὐτὸς
524 2250 701 2302 ταῦτα
741 2247 868 2319 περὶ
906 2250 1019 2301 τῶν
1061 2247 1363 2301 ἐπιστολῶν
1392 2246 1504 2300 τῶν
1534 2241 1863 2300 ἀποστόλων

249 2334 446 2402 φησίν“
495 2323 559 2385 “ὁ
615 2329 676 2385 δὲ
730 2330 1027 2394 ίκανωθεὶς
1080 2326 1333 2394 διάκονος
1379 2334 1720 2400 γεγενῆσθαι
1762 2329 1864 2399 τῆς

242 2408 472 2486 ’(καινῆς
514 2411 815 2485 διαθήκης,
858 2412 925 2469 οὔ
967 2411 1308 2485 γράμματος,
1349 2408 1488 2469 ἄλλα
1524 2410 1861 2485 πνεύματος,

239 2495 530 2568 ““Παῦλος,
571 2492 599 2554 ὅ
640 2497 1012 2571 πεπληρωκὼς
1050 2496 1111 2554 τὸ
1151 2493 1475 2570 εὐαγγέλιον
1516 2494 1621 2553 ἀπὸ
1651 2494 1856 2569 Ἰερου-

241 2577 460 2655 “σαλὴμ
494 2583 584 2638 καὶ
616 2579 801 2658 κύκλῳ
833 2584 990 2656 μέχρι
1020 2584 1119 2638 τοῦ
1137 2580 1461 2655 Ἰλλυρικοῦ,
1493 2577 1626 2638 οὐδὲ
1655 2578 1861 2645 πάσαις

365 2749 416 2788 10
449 2747 671 2800 Origenes
701 2746 790 2789 vol.
822 2746 893 2788 III
925 2761 966 2800 p.
998 2748 1080 2787 440
1110 2746 1212 2787 Del.
1249 2746 1336 2800 (III
1367 2759 1408 2800 p.
1445 2749 1464 2786 1
1499 2728 1705 2797 Lommss).

253 2805 303 2843 19
337 2806 358 2843 1
383 2805 505 2843 Petr.
530 2806 569 2853 5,
594 2805 658 2844 13.
776 2804 829 2843 26
863 2803 1087 2855 Origenes
1114 2802 1280 2844 Comm.
1306 2802 1372 2842 ed.
1398 2803 1540 2844 Huet.
1559 2801 1647 2843 vol.
1670 2801 1717 2842 II
1739 2815 1778 2853 p.
1799 2801 1858 2841 88

252 2861 287 2910 (Ι
320 2874 362 2912 p.
396 2861 476 2900 165
507 2858 712 2910 Lomm.).
829 2861 880 2899 27
914 2861 938 2898 2
972 2859 1073 2901 Cor.
1106 2862 1146 2911 3,
1179 2860 1218 2899 6.
1338 2860 1391 2900 ’28
1423 2859 1548 2902 Rom.
1584 2859 1650 2908 15,
1687 2859 1751 2897 19.
