2032 3174
351 114 419 165 66
1027 112 1272 153 EUSEBII

352 229 417 286 τὰ
448 226 692 300 κτήματα
737 229 826 283 καὶ
866 224 961 291 τας
1000 224 1261 298 ὑπάρξεις
1305 226 1798 300 διαπιπράσκοντες
1838 230 1963 301 ἐμέ-

353 319 501 384 ριζον
533 307 703 367 ἅπασι
734 309 864 367 καθ’
895 307 924 366 ὃ
948 307 1018 366 ἄν
1040 334 1119 377 τις
1143 317 1335 382 χρείαν
1360 310 1523 383 εἶχεν,
1557 307 1628 377 ὥς
1652 309 1782 384 μηδ’
1815 312 1967 370 εἷναί

351 420 475 454 τινα
509 397 670 466 ἐνδεῆ
699 392 827 468 παρ’
866 392 1080 461 αὐτοῖς·
1130 392 1248 451 ὅσοι
1279 397 1418 466 γοῦν
1457 393 1711 469 κτήτορες
1741 402 1963 469 χωρίων

351 476 384 552 ἢ
418 483 609 538 οἰκιῶν
638 474 906 552 ὑπῆρχον,
940 473 1012 544 ὡς
1043 474 1070 535 5
1104 477 1262 551 λόγος
1294 480 1458 551 φησὶ,
1491 482 1805 547 πωλοῦντες
1837 486 1960 553 ἔφε-

308 588 328 620 5
353 589 451 638 ρον
481 561 574 628 τοὶς
604 562 759 636 τιμὰς
789 568 901 621 τῶν
931 565 1414 636 πιπρασκομένων,
1452 561 1711 621 ἐτίθεσαν
1732 587 1791 620 τε
1814 562 1961 637 παρὰ
2024 632 2032 635 Α

351 648 479 715 τοὺς
510 645 684 712 πόδας
715 653 828 704 τῶν
867 644 1216 719 ἀποστόλων,
1261 644 1399 703 ὥστε
1442 651 1801 704 διαδίδοσθαι
1834 646 1962 704 ἑκά-

352 751 461 809 στςο
493 730 636 788 καθὸ
667 729 737 788 ἄν
765 755 846 798 τις
876 737 1067 804 χρείαν
1099 731 1261 804 εἶχεν.
1338 736 1381 788 7.
1413 728 1480 788 τα
1511 729 1867 806 παραπλήσια
1899 732 1962 789 δὲ

350 814 562 881 τούτοις
592 814 946 890 μαρτυρήσας
975 828 1088 882 τοῖς
1133 816 1491 888 δηλουμένοις
1532 811 1560 872 ὁ
1595 822 1786 873 Φίλων
1826 823 1958 873 συλ-

342 906 547 1004 τλαβαῖς
571 896 764 966 αὐταῖς
786 900 1033 974 ἐπιφέρει
1057 901 1234 972 λέγων
1254 903 1426 957 ταῦτα
1451 902 1578 972 περὶ
1601 923 1785 956 αυτων
1817 896 1961 957 ου’τω

290 1010 328 1042 10
342 983 663 1057 “πολλαχοῦ
707 1008 808 1057 μεν
860 985 963 1040 οὐν
1014 986 1108 1056 τῆς
1149 986 1476 1056 οἰκουμένης
1518 985 1631 1040 ἐστὶ
1670 981 1729 1040 τὸ
1774 985 1958 1056 γένος·

342 1065 495 1126 “ἒδει
526 1091 630 1142 γαρ
661 1064 881 1139 αγαθοῦ
910 1074 1123 1124 τελείου
1154 1082 1448 1141 μετασχεῖν
1479 1069 1572 1124 καὶ
1605 1066 1704 1140 τὴν
1729 1063 1962 1125 Ελλαδα

342 1150 472 1208 “nal
503 1151 606 1224 τῂν
636 1151 936 1224 βάρβαρον.
1010 1150 1294 1221 πλεονάζει
1337 1149 1390 1208 δ’
1427 1156 1486 1209 ἐν
1519 1149 1787 1228 Αἰγύπτῳ
1821 1148 1958 1209 καθ’

340 1232 612 1293 “ἕκαστον
663 1239 774 1292 τῶν
828 1237 1276 1307 ἐπικαλουμένων
1327 1239 1543 1308 νομῶν,
1598 1237 1688 1291 καὶ
1727 1234 1961 1308 μάλιστα

342 1318 506 1394 “περὶ
538 1319 639 1390 τὴν
662 1317 1097 1393 Ἀλεξάνδρειαν.
1175 1324 1220 1376 8.
1256 1325 1313 1376 οἱ
1352 1319 1412 1375 δὲ
1454 1317 1809 1392 πανταχόθεν
1840 1317 1963 1393 ἄρι-

286 1429 326 1460 15
343 1400 526 1475 “στοι,
573 1401 828 1477 καθάπερ
871 1409 948 1469 εἰς
980 1407 1220 1474 πατρίδα
1260 1407 1659 1477 θεραπευτῶν,
1701 1399 1962 1460 ἀποικίαν

341 1484 697 1545 “στε’λλονται
749 1486 884 1561 πρός
936 1512 987 1544 τι
1038 1493 1243 1561 χωρίον
1296 1485 1765 1560 ἐπιτηδειότατον,
1825 1485 1961 1561 ὅπερ

339 1570 532 1629 “ε’στὶν
570 1571 711 1644 ὑπὲρ
750 1578 946 1645 λίμνης
978 1578 1204 1646 Μαρίας
1245 1577 1501 1644 κείμενον
1544 1573 1631 1628 ἐπὶ
1671 1569 1962 1643 γεωλόφου
2021 1631 2024 1635 ,

337 1653 811 1729 “χθαμαλωτέρου
837 1653 1056 1730 σφόδρα
1081 1652 1368 1729 εὐκαίρως,
1393 1652 1695 1727 ἀσφαλείας
1718 1679 1776 1712 τε
1800 1658 1962 1712 ἕνεκα

343 1738 471 1796 ’“καὶ
513 1738 671 1813 ἀέρος
718 1736 1070 1812 εὐκρασιάς.”
1153 1744 1198 1795 9.
1237 1735 1351 1796 εἶθ’
1396 1741 1518 1810 ἑξῆς
1571 1737 1665 1805 τὰς
1721 1737 1961 1811 οἰκήσεις

288 1846 329 1878 20
355 1821 539 1880 αὐτῶν
580 1821 771 1881 ὁποῖαί
811 1846 967 1891 τινες.
997 1813 1141 1894 ἦσαν
1174 1820 1482 1894 διαγράψας
1514 1824 1640 1896 περὶ
1679 1826 1791 1880 των
1823 1823 1960 1881 κατὰ

341 1931 537 2016 χωραν
577 1909 881 1980 ἐκκλησιων
919 1905 1093 1964 ταῦτά
1133 1925 1307 1979 φησιν
1332 1901 1431 1963 “ε’ν
1474 1905 1676 1980 ἑκαστῃ
1719 1908 1780 1964 δε
1811 1913 1958 1964 οἰκία

341 1988 533 2048 “ε’στὶν
577 2000 777 2064 οἴκημα
819 1989 971 2066 ιερόν
1009 1986 1039 2047 ὃ
1078 1997 1324 2047 καλειται
1367 2003 1623 2063 σεμνεῖον
1668 1994 1759 2048 καὶ
1789 2015 1963 2064 μονα-

339 2073 634 2179 ἑστηριον,
677 2079 736 2132 ἐν
779 2099 820 2131 ω
851 2072 1184 2148 μονούμενοι
1222 2098 1287 2130 τα
1327 2077 1425 2132 τοῦ
1463 2078 1669 2148 σεμνοῦ
1702 2081 1829 2146 βίου
1859 2100 1960 2148 μυ-

343 2154 575 2232 “στη’ρια
617 2161 934 2230 τελουνται,
975 2159 1151 2231 μηδεν
1190 2163 1614 2231 εἰσκομίζοντες,
1655 2157 1729 2231 μὴ
1769 2157 1957 2230 ποτὸν,

286 2238 452 2316 25“μὴ
495 2247 704 2314 σιτίον,
757 2244 902 2315 μηδέ
935 2266 986 2298 τι
1025 2245 1136 2299 τῶν
1176 2239 1359 2299 ἄλλων
1403 2239 1504 2299 ὅσα
1545 2242 1681 2317 πρὸς
1721 2242 1815 2309 τὰς
1861 2247 1959 2300 τοῦ

340 2323 626 2400 “adgnatos
665 2333 849 2400 χρείας
890 2325 1192 2399 ἀναγκαῖα,
1235 2324 1373 2383 ἄλλα
1414 2325 1615 2399 νόμους
1662 2330 1755 2384 καὶ
1801 2325 1958 2398 λόγια

341 2407 761 2469 “θεσπισθε’ντα
793 2410 885 2468 διὰ
923 2414 1225 2486 προφητῶν
1257 2413 1346 2467 καὶ
1377 2407 1613 2484 ὕμνους,
1655 2413 1746 2467 καὶ
1787 2408 1960 2468 τᾶλλα

341 2492 462 2563 “οἷς
488 2494 754 2568 ἐπιστήμη
779 2497 870 2552 καὶ
895 2493 1147 2567 εὐσέβεια
1172 2494 1538 2563 συναύξονται
1563 2496 1656 2552 καὶ
1680 2498 1960 2552 τελειοῦν-

342 2575 521 2637 “voca''
587 2585 666 2637 10.
700 2581 790 2636 καὶ
833 2578 962 2654 μεθ’
1009 2578 1168 2651 ἕτερά
1207 2598 1342 2652 φησι
1373 2577 1473 2636 “τὸ
1517 2577 1570 2635 δ’
1620 2581 1672 2645 ἐξ
1716 2581 1959 2636 ἑωθινοῦ
2031 2643 2032 2646 ¹

289 2660 566 2737 εο“με’χρις
598 2665 829 2738 ἑσπέρας
863 2662 1133 2737 διάστημα
1158 2662 1382 2738 σύμπαν
1408 2660 1594 2731 αὐτοῖς
1620 2666 1768 2720 ε’στιν
1791 2660 2006 2734 &imm-2<

464 2859 490 2897 4
521 2857 619 2898 Act.
643 2859 684 2910 4,
709 2859 778 2899 34.
954 2859 1006 2899 10
1036 2857 1154 2900 Phil.
1177 2856 1268 2898 vol.
1292 2859 1329 2900 2.
1364 2870 1408 2909 p.
1430 2857 1526 2900 474.
1549 2858 1645 2900 475.
