1986 3152
259 1413 299 1444 15

319 101 422 154 160
983 101 1231 141 EUSEBn

307 214 442 275 “τοῦ
483 215 680 283 παιδός
725 234 827 273 σου
853 212 1030 288 Ἰησοῦ
1069 218 1316 289 Χριστοῦ
1355 214 1564 290 πατὴρ,
1610 214 1681 272 δι’
1730 207 1798 274 οῦ
1826 215 1928 290 τὴν

308 298 472 374 “περὶ
504 301 565 357 σὲ
598 303 899 372 ἐπίγνωσιν
932 297 1265 373 εἰλήφαμεν,
1311 298 1339 356 ὁ
1384 299 1515 366 θεὸς
1555 298 1805 372 ἀγγέλων
1835 302 1926 358 καὶ

309 381 643 457 “δυνάμεων
674 386 765 441 καὶ
797 382 975 456 πάσης
1005 390 1100 456 τῆς
1130 390 1361 449 κτίσεως
1391 383 1595 451 παντός
1625 408 1684 441 τε
1713 390 1812 441 τοῦ
1843 387 1928 457 γέ·

311 465 478 536 “vove
509 472 621 526 τῶν
648 473 898 540 δικαίων,
930 475 986 525 οἳ
1014 471 1178 536 ζῶσιν
1211 466 1449 525 ἐνώπιόν
1481 487 1602 540 σου,
1626 465 1839 540 εῦλογῶ
1868 486 1929 527 σε

274 549 339 603 δῖ(

347 552 429 610 ὅτι
469 550 707 626 ήξίωσάς
747 575 815 626 με
855 558 951 625 τῆς
991 551 1196 625 ἡμέρας
1238 553 1331 608 καὶ
1373 550 1518 625 ω’ρας
1557 551 1787 626 ταύτης,
1833 555 1954 610 τοῦ

307 635 541 710 “λαβεῑ’ν
570 639 734 711 μέρος
760 641 821 694 ἐν
843 633 1065 713 ἀριθμῷ
1095 641 1207 694 τῶν
1236 635 1551 710 μαρτύρων,
1579 640 1639 694 ἐν
1661 641 1736 713 τῷ
1768 642 1931 710 ποτη-

309 720 450 799 “ρίῳ
482 725 583 779 τοῦ
612 727 888 797 Χριστοῦ,
934 727 1010 787 εἰς
1052 718 1358 778 ἀνάστασιν
1390 724 1527 792 ζωῆς
1559 726 1791 778 αἰωνίου
1823 733 1957 789 ψυ-γ

307 804 445 880 “χῆς
476 830 535 864 τε
565 808 658 863 καὶ
690 804 957 879 σώματος,
993 809 1052 862 ἐν
1082 804 1376 880 ἀφθαρσίᾳ
1406 803 1717 878 πνεύματος
1741 801 1957 877 ἆγίου·’

310 885 431 948 “34.
478 895 538 949 ἐν
577 887 658 956 οἷς
699 895 1114 964 προσδεχθείην
1156 888 1396 947 ἐνώπιόν
1440 907 1542 946 σου
1585 889 1828 964 σήμερον
1873 893 1957 947 gv*

256 970 341 1024 10“

348 981 528 1051 θυσία
568 981 721 1032 πίονι
761 977 853 1031 καὶ
893 977 1232 1049 προσδεκτῇ,
1286 971 1475 1040 καθώς
1527 980 1956 1048 προητοίμασας·

311 1054 791 1133 “προφανερω’σας
823 1060 914 1115 καὶ
945 1057 1242 1131 πληρώσας
1273 1054 1300 1114 ὁ
1334 1055 1584 1131 ἀψευδὴς
1615 1060 1707 1115 καὶ
1738 1053 1935 1131 ἀληθι-

331 1138 444 1209 νὸς
474 1142 619 1208 θεός.
683 1147 766 1200 35.
811 1141 902 1199 δια
944 1148 1106 1200 τοῦτο
1138 1145 1230 1199 καὶ
1261 1144 1388 1216 περὶ
1421 1142 1648 1200 πάντων
1679 1143 1741 1200 σε
1773 1146 1961 1214 αἰνῶ,

310 1225 412 1283 “σὲ
445 1224 685 1299 εὐλογῶ,
729 1228 791 1283 σὲ
833 1225 1070 1297 δοξάζω,
1113 1224 1204 1283 δια
1245 1231 1342 1283 τοῦ
1375 1233 1609 1284 αἰωνίου
1639 1223 1937 1328 ἀρχιερέως

311 1307 541 1384 ωΙησοῦ
580 1314 823 1385 Χριστοῦ
862 1315 961 1368 τοῦ
993 1307 1280 1383 ἀγαπητοῦ
1320 1332 1422 1368 σου
1465 1310 1689 1384 παιδὸς,
1746 1307 1821 1367 δι’
1870 1301 1942 1368 οῦ

330 1393 438 1452 σοι
470 1395 579 1453 σὺν
610 1393 762 1472 αῦτῳ
787 1398 847 1453 ἐν
869 1394 1142 1468 πνεύματι
1164 1391 1305 1471 αγίω
1321 1394 1470 1468 δόξα,
1495 1397 1588 1452 καὶ
1612 1397 1719 1454 νῦν
1742 1397 1834 1452 καὶ
1859 1399 1936 1462 εἰς
1951 1411 1961 1426 “·

312 1475 480 1547 ξ’τοὺς
519 1483 819 1554 μέλλοντας
861 1483 1096 1552 αἰῶνας,
1139 1477 1325 1552 ἀμήν.’
1390 1484 1474 1537 36.
1509 1479 1944 1552 ἀναπέμψαντος·

315 1559 415 1621 Νδὲ
447 1561 623 1622 αὐτοῦ
650 1563 711 1622 τὸ
742 1561 889 1637 ἀμὴν
931 1567 1024 1621 καὶ
1058 1563 1453 1638 πληρώσαντος
1487 1564 1589 1637 τὴν
1622 1562 1971 1637 προσευχὴν*14

313 1644 410 1706 “os
434 1655 534 1706 τοῦ
566 1647 740 1724 πυρὸς
771 1647 1063 1723 ἄνθρωποι
1095 1653 1304 1721 ἐξῆψαν
1332 1649 1391 1705 τὸ
1422 1654 1564 1722 πῦρ,
1606 1646 1845 1720 μεγάλης
1877 1648 1958 1705 δὲ·

313 1730 711 1806 “ε’κλαμψάσης
742 1733 947 1806 φλογὸς
977 1737 1172 1806 θαῦμα
1198 1738 1419 1806 εἴδομεν
1450 1729 1531 1798 οἷς
1565 1738 1709 1789 ἰδεῖν
1744 1730 1946 1804 ἐδόθη,

260 1836 301 1866 20
318 1812 349 1836 t<

357 1824 413 1874 οἳ
441 1819 533 1874 καὶ
566 1816 917 1893 ἐτηρήθησαν
950 1824 1027 1884 εἰς
1057 1817 1117 1875 τὸ
1149 1814 1474 1890 ἀναγγεῖλαι
1497 1830 1610 1884 τοῖς
1637 1824 1848 1883 λοιποῖς
1873 1815 1946 1873 vde*

317 1897 639 1975 “γενόμενα.
705 1907 789 1959 37.
822 1900 883 1960 τὸ
915 1901 1019 1974 γὰρ
1051 1905 1161 1976 πῦρ
1203 1900 1450 1974 καμάρας
1492 1902 1638 1968 εἶδος
1680 1903 1934 1974 ποιῆσαν,

308 1983 543 2059 “ὦ’σπερ
575 1983 788 2059 ὀθόνης
819 1992 1018 2044 πλοίου
1048 1985 1159 2043 ὑπὸ
1192 1984 1508 2058 πνεύματος
1532 1986 1936 2059 πληρουμένης,

317 2067 542 2146 “κυ’κλςο
574 2077 936 2144 περιετείχισε
964 2071 1025 2128 τὸ
1059 2073 1218 2143 σῶμα
1260 2076 1358 2128 τοῦ
1401 2069 1704 2143 μάρτυρος,
1747 2071 1839 2126 καὶ
1868 2061 1962 2141 ἦν’

317 2151 435 2259 ἶῖεἰς
473 2156 644 2226 μέσον
685 2151 787 2227 οὐχ
828 2153 901 2220 ὥς
943 2154 1086 2227 σὰρξ
1119 2156 1411 2227 καιομένη,
1451 2150 1578 2209 ἀλλ’
1621 2152 1693 2219 ὡς
1736 2151 1949 2226 χρυσὸς·

262 2255 304 2287 25

359 2239 450 2294 καὶ
492 2236 733 2311 ἄργυρος
766 2242 826 2295 ἐν
857 2245 1071 2314 καμίνῳ
1112 2236 1476 2311 πυρούμενος.
1538 2239 1630 2293 καὶ
1659 2236 1764 2309 γὰρ
1798 2233 1958 2294 εῦω-”

318 2320 349 2342 “
362 2326 483 2388 δίας
514 2320 769 2394 τοιαύτης
802 2321 1251 2395 ἀντελαβόμεθα,
1294 2321 1366 2387 ὡς
1399 2324 1714 2393 λιβανωτοῦ
1744 2323 1938 2379 πνέον-
1985 2336 1986 2360 ³

322 2403 450 2474 “τος
493 2402 527 2478 ἢ
567 2404 738 2464 ἄλλον
779 2404 929 2473 τινὸς
972 2410 1085 2463 τῶν
1114 2412 1311 2479 τιμίων
1343 2404 1667 2480 ἀρωμάτων.
1730 2410 1814 2463 38.
1847 2406 1937 2462 πέ-

321 2488 458 2562 “ρας
489 2493 630 2562 γοῦν
663 2489 876 2557 ἰδόντες
917 2494 975 2547 οἰ
1012 2488 1206 2563 ἄνομοι
1235 2488 1308 2563 μὴ
1343 2489 1659 2564 δυνάμενον
1686 2487 1747 2547 τὸ
1781 2494 1936 2562 σῶμα

322 2571 470 2632 “find
528 2578 629 2632 τοῦ
679 2573 852 2647 πυρὸς
905 2579 1301 2647 δαπανηθῆναι
1356 2577 1654 2632 ἐκέλευσαν
1705 2580 1938 2648 προσελ-

265 2657 352 2707 30“

360 2658 538 2716 θόντα
585 2656 735 2736 αὐτῷ
777 2660 1123 2733 κομφέκτορα
1167 2665 1490 2734 παραβῦσαι
1535 2657 1594 2715 τὸ
1626 2661 1798 2731 ξίφος.
1887 2661 1948 2739 9.ἱ

325 2740 454 2807 “nal
484 2747 646 2800 τοῦτο
677 2742 1008 2817 ποιήσαντος
1041 2747 1239 2817 ἐξῆλθε
1270 2747 1484 2816 πλῆθος
1514 2747 1772 2842 αίματος,
1801 2740 1937 2799 ω’στε

324 2824 697 2900 “κατασβέσαι
728 2827 787 2885 τὸ
819 2834 952 2901 πῦρ,
984 2830 1075 2885 καὶ
1106 2826 1392 2901 θαυμάσαι
1424 2825 1601 2885 πάντα
1632 2824 1732 2885 τὸν
1754 2824 1934 2900 ὄχλον,
