<?xml version="1.0" encoding="UTF-8"?>
<!DOCTYPE html PUBLIC "-//W3C//DTD XHTML 1.0 Transitional//EN"
    "http://www.w3.org/TR/xhtml1/DTD/xhtml1-transitional.dtd">
<html xmlns="http://www.w3.org/1999/xhtml" xml:lang="en" lang="en">
 <head>
  <title>
</title>
<meta http-equiv="Content-Type" content="text/html;charset=utf-8" />
  <meta name='ocr-system' content='tesseract 3.04.00' />
  <meta name='ocr-capabilities' content='ocr_page ocr_carea ocr_par ocr_line ocrx_word'/>
</head>
<body>
  <div class='ocr_page' id='page_1' title='image "./operaeusebius04euseuoft_0202.png"; bbox 0 0 1986 3152; ppageno 0'>
   <div class='ocr_carea' id='block_1_1' title="bbox 305 141 1217 195">
    <p class='ocr_par' dir='ltr' id='par_1_1' title="bbox 305 141 1217 195">
     <span class='ocr_line' id='line_1_1' title="bbox 305 141 1217 195; baseline 0 -14"><span class='ocrx_word' id='word_1_1' title='bbox 305 144 405 195; x_wconf 80' lang='lat'><em>142</em></span> <span class='ocrx_word' id='word_1_2' title='bbox 969 141 1217 182; x_wconf 80' lang='lat' dir='ltr'>EUSEBII</span> 
     </span>
    </p>
   </div>
   <div class='ocr_carea' id='block_1_2' title="bbox 234 253 1986 2760">
    <p class='ocr_par' dir='ltr' id='par_1_2' title="bbox 301 253 1942 582">
     <span class='ocr_line' id='line_1_2' title="bbox 303 253 1906 332; baseline -0.001 -17"><span class='ocrx_word' id='word_1_3' title='bbox 303 257 444 315; x_wconf 79' lang='grc' dir='ltr'><em>αὐτὰ</em></span> <span class='ocrx_word' id='word_1_4' title='bbox 474 263 550 332; x_wconf 77' lang='grc' dir='ltr'><em>τῷ</em></span> <span class='ocrx_word' id='word_1_5' title='bbox 575 256 895 332; x_wconf 76' lang='grc' dir='ltr'><em>Μενάνδρῳ</em></span> <span class='ocrx_word' id='word_1_6' title='bbox 920 261 1327 327; x_wconf 77' lang='grc' dir='ltr'><em>Ιψευδολογῆσαι</em></span> <span class='ocrx_word' id='word_1_7' title='bbox 1350 253 1378 312; x_wconf 82' lang='grc' dir='ltr'><em>ὁ</em></span> <span class='ocrx_word' id='word_1_8' title='bbox 1405 262 1702 329; x_wconf 77' lang='grc' dir='ltr'><em>Εἰρηναῖος</em></span> <span class='ocrx_word' id='word_1_9' title='bbox 1729 261 1906 330; x_wconf 77' lang='grc' dir='ltr'><em>δηλοῖ,</em></span> 
     </span>
     <span class='ocr_line' id='line_1_3' title="bbox 303 337 1908 446; baseline -0.001 -48"><span class='ocrx_word' id='word_1_10' title='bbox 303 341 644 415; x_wconf 75' lang='grc' dir='ltr'><em>προσχήματι</em></span> <span class='ocrx_word' id='word_1_11' title='bbox 690 341 752 397; x_wconf 74' lang='grc' dir='ltr'><em>δὲ</em></span> <span class='ocrx_word' id='word_1_12' title='bbox 803 339 1258 446; x_wconf 76' lang='grc' dir='ltr'><em>ἀπορρητοτέρων</em></span> <span class='ocrx_word' id='word_1_13' title='bbox 1308 337 1404 396; x_wconf 83' lang='grc' dir='ltr'><em>τὸν</em></span> <span class='ocrx_word' id='word_1_14' title='bbox 1446 345 1783 412; x_wconf 89' lang='grc' dir='ltr'><em>Βασιλείδην</em></span> <span class='ocrx_word' id='word_1_15' title='bbox 1829 347 1908 408; x_wconf 86' lang='grc' dir='ltr'><em>εἰς</em></span> 
     </span>
     <span class='ocr_line' id='line_1_4' title="bbox 301 423 1942 500; baseline 0 -18"><span class='ocrx_word' id='word_1_16' title='bbox 301 426 360 482; x_wconf 85' lang='grc' dir='ltr'><em>τὸ</em></span> <span class='ocrx_word' id='word_1_17' title='bbox 392 423 623 499; x_wconf 77' lang='grc' dir='ltr'><em>ἄπειρον</em></span> <span class='ocrx_word' id='word_1_18' title='bbox 651 439 829 481; x_wconf 78' lang='grc' dir='ltr'><em>τεῖναι</em></span> <span class='ocrx_word' id='word_1_19' title='bbox 858 447 953 490; x_wconf 87' lang='grc' dir='ltr'><em>τας</em></span> <span class='ocrx_word' id='word_1_20' title='bbox 987 427 1259 496; x_wconf 80' lang='grc' dir='ltr'><em>ἐπινοίας,</em></span> <span class='ocrx_word' id='word_1_21' title='bbox 1307 428 1614 495; x_wconf 80' lang='grc' dir='ltr'><em>δυσσεβοῦς</em></span> <span class='ocrx_word' id='word_1_22' title='bbox 1645 427 1908 498; x_wconf 76' lang='grc' dir='ltr'><em>αἱρέσεως</em></span> <span class='ocrx_word' id='word_1_23' title='bbox 1936 491 1942 500; x_wconf 33' lang='grc'><em>,</em></span> 
     </span>
     <span class='ocr_line' id='line_1_5' title="bbox 305 505 1910 586; baseline -0.001 -20"><span class='ocrx_word' id='word_1_24' title='bbox 305 512 485 586; x_wconf 76' lang='grc' dir='ltr'><em>ἑαυτῷ</em></span> <span class='ocrx_word' id='word_1_25' title='bbox 509 507 831 582; x_wconf 75' lang='grc' dir='ltr'><em>τερατώδεις</em></span> <span class='ocrx_word' id='word_1_26' title='bbox 855 505 1254 565; x_wconf 83' lang='grc' dir='ltr'><em>άναπλάσαντα</em></span> <span class='ocrx_word' id='word_1_27' title='bbox 1276 514 1628 579; x_wconf 89' lang='grc' dir='ltr'><em>μυθοποιίας.</em></span> <span class='ocrx_word' id='word_1_28' title='bbox 1674 513 1721 565; x_wconf 80' lang='grc'><em>5.</em></span> <span class='ocrx_word' id='word_1_29' title='bbox 1749 514 1910 565; x_wconf 89' lang='grc' dir='ltr'><em>πλεί-</em></span> 
     </span>
    </p>

    <p class='ocr_par' dir='ltr' id='par_1_3' title="bbox 258 588 1986 1002">
     <span class='ocr_line' id='line_1_6' title="bbox 258 588 1910 666; baseline 0 -16"><span class='ocrx_word' id='word_1_30' title='bbox 258 624 278 656; x_wconf 82' lang='lat'>5</span> <span class='ocrx_word' id='word_1_31' title='bbox 304 614 451 651; x_wconf 87' lang='grc' dir='ltr'><em>στων</em></span> <span class='ocrx_word' id='word_1_32' title='bbox 481 595 584 650; x_wconf 84' lang='grc' dir='ltr'><em>οὐν</em></span> <span class='ocrx_word' id='word_1_33' title='bbox 611 596 1079 664; x_wconf 79' lang='grc' dir='ltr'><em>ἐκκλησιαστικῶν</em></span> <span class='ocrx_word' id='word_1_34' title='bbox 1101 588 1327 663; x_wconf 73' lang='grc' dir='ltr'><em>ἀνδρῶν</em></span> <span class='ocrx_word' id='word_1_35' title='bbox 1350 590 1471 648; x_wconf 83' lang='grc' dir='ltr'><em>κατ’</em></span> <span class='ocrx_word' id='word_1_36' title='bbox 1511 594 1689 649; x_wconf 82' lang='grc' dir='ltr'><em>ἐκεινο</em></span> <span class='ocrx_word' id='word_1_37' title='bbox 1713 595 1910 666; x_wconf 80' lang='grc' dir='ltr'><em>καιροῦ</em></span> 
     </span>
     <span class='ocr_line' id='line_1_7' title="bbox 300 674 1908 750; baseline 0 -16"><span class='ocrx_word' id='word_1_38' title='bbox 300 682 395 748; x_wconf 80' lang='grc' dir='ltr'><em>τῆς</em></span> <span class='ocrx_word' id='word_1_39' title='bbox 448 675 717 750; x_wconf 73' lang='grc' dir='ltr'><em>ἀληθείας</em></span> <span class='ocrx_word' id='word_1_40' title='bbox 775 675 1369 749; x_wconf 80' lang='grc' dir='ltr'><em>ῦπεραγωνιζομένων,</em></span> <span class='ocrx_word' id='word_1_41' title='bbox 1431 674 1800 750; x_wconf 76' lang='grc' dir='ltr'><em>λογικώτερόν</em></span> <span class='ocrx_word' id='word_1_42' title='bbox 1849 700 1908 734; x_wconf 86' lang='grc' dir='ltr'><em>τε</em></span> 
     </span>
     <span class='ocr_line' id='line_1_8' title="bbox 300 758 1910 834; baseline 0 -16"><span class='ocrx_word' id='word_1_43' title='bbox 300 766 396 833; x_wconf 85' lang='grc' dir='ltr'><em>τῆς</em></span> <span class='ocrx_word' id='word_1_44' title='bbox 436 758 798 832; x_wconf 81' lang='grc' dir='ltr'><em>άποστολικῆς</em></span> <span class='ocrx_word' id='word_1_45' title='bbox 840 763 932 817; x_wconf 85' lang='grc' dir='ltr'><em>καὶ</em></span> <span class='ocrx_word' id='word_1_46' title='bbox 975 763 1422 831; x_wconf 85' lang='grc' dir='ltr'><em>ἐκκλησιαστικῆς</em></span> <span class='ocrx_word' id='word_1_47' title='bbox 1465 758 1626 832; x_wconf 82' lang='grc' dir='ltr'><em>δόξης</em></span> <span class='ocrx_word' id='word_1_48' title='bbox 1656 758 1910 834; x_wconf 81' lang='grc' dir='ltr'><em>ὑπερμα-</em></span> 
     </span>
     <span class='ocr_line' id='line_1_9' title="bbox 302 842 1986 921; baseline -0.001 -19"><span class='ocrx_word' id='word_1_49' title='bbox 302 844 571 918; x_wconf 79' lang='grc' dir='ltr'><em>χούντων,</em></span> <span class='ocrx_word' id='word_1_50' title='bbox 602 843 709 917; x_wconf 83' lang='grc' dir='ltr'><em>ἤδη</em></span> <span class='ocrx_word' id='word_1_51' title='bbox 733 846 876 910; x_wconf 76' lang='grc' dir='ltr'><em>τινὲς</em></span> <span class='ocrx_word' id='word_1_52' title='bbox 900 846 992 901; x_wconf 86' lang='grc' dir='ltr'><em>καὶ</em></span> <span class='ocrx_word' id='word_1_53' title='bbox 1026 843 1115 900; x_wconf 80' lang='grc' dir='ltr'><em>διὰ</em></span> <span class='ocrx_word' id='word_1_54' title='bbox 1140 842 1586 917; x_wconf 76' lang='grc' dir='ltr'><em>συγγραμμάτων</em></span> <span class='ocrx_word' id='word_1_55' title='bbox 1608 858 1721 910; x_wconf 80' lang='grc' dir='ltr'><em>τοῖς</em></span> <span class='ocrx_word' id='word_1_56' title='bbox 1751 845 1909 917; x_wconf 86' lang='grc' dir='ltr'><em>μετέ-</em></span> <span class='ocrx_word' id='word_1_57' title='bbox 1985 903 1986 921; x_wconf 23' lang='lat'>¹</span> 
     </span>
     <span class='ocr_line' id='line_1_10' title="bbox 302 926 1908 1002; baseline 0 -17"><span class='ocrx_word' id='word_1_58' title='bbox 302 951 463 985; x_wconf 89' lang='grc' dir='ltr'><em>πειτα</em></span> <span class='ocrx_word' id='word_1_59' title='bbox 503 928 952 1002; x_wconf 80' lang='grc' dir='ltr'><em>προφυλακτικάς</em></span> <span class='ocrx_word' id='word_1_60' title='bbox 995 926 1179 985; x_wconf 73' lang='grc' dir='ltr'><em>αὐτῶν</em></span> <span class='ocrx_word' id='word_1_61' title='bbox 1223 927 1290 999; x_wconf 92' lang='grc' dir='ltr'><em>δὴ</em></span> <span class='ocrx_word' id='word_1_62' title='bbox 1335 926 1546 985; x_wconf 88' lang='grc' dir='ltr'><em>τούτων</em></span> <span class='ocrx_word' id='word_1_63' title='bbox 1584 931 1696 985; x_wconf 73' lang='grc' dir='ltr'><em>τῶν</em></span> <span class='ocrx_word' id='word_1_64' title='bbox 1727 933 1908 1001; x_wconf 88' lang='grc' dir='ltr'><em>δηλω-</em></span> 
     </span>
    </p>

    <p class='ocr_par' dir='ltr' id='par_1_4' title="bbox 242 1004 1947 1421">
     <span class='ocr_line' id='line_1_11' title="bbox 242 1004 1908 1085; baseline -0.003 -12"><span class='ocrx_word' id='word_1_65' title='bbox 242 1043 281 1075; x_wconf 90' lang='lat'><em>10</em></span> <span class='ocrx_word' id='word_1_66' title='bbox 302 1019 514 1070; x_wconf 77' lang='grc' dir='ltr'><em>θεισῶν</em></span> <span class='ocrx_word' id='word_1_67' title='bbox 556 1015 826 1084; x_wconf 81' lang='grc' dir='ltr'><em>αἱρέσεων</em></span> <span class='ocrx_word' id='word_1_68' title='bbox 855 1026 1121 1085; x_wconf 77' lang='grc' dir='ltr'><em>παρεῖχον</em></span> <span class='ocrx_word' id='word_1_69' title='bbox 1153 1010 1402 1084; x_wconf 81' lang='grc' dir='ltr'><em>ἐφόδους.</em></span> <span class='ocrx_word' id='word_1_70' title='bbox 1465 1017 1514 1069; x_wconf 86' lang='grc'><em>6.</em></span> <span class='ocrx_word' id='word_1_71' title='bbox 1549 1004 1628 1070; x_wconf 69' lang='grc' dir='ltr'><em>ὦν</em></span> <span class='ocrx_word' id='word_1_72' title='bbox 1659 1018 1737 1076; x_wconf 86' lang='grc' dir='ltr'><em>εἰς</em></span> <span class='ocrx_word' id='word_1_73' title='bbox 1767 1011 1908 1085; x_wconf 79' lang='grc' dir='ltr'><em>ἡμᾶς</em></span> 
     </span>
     <span class='ocr_line' id='line_1_12' title="bbox 301 1094 1907 1170; baseline 0 -18"><span class='ocrx_word' id='word_1_74' title='bbox 301 1100 580 1169; x_wconf 78' lang='grc' dir='ltr'><em>κατῆλθεν</em></span> <span class='ocrx_word' id='word_1_75' title='bbox 622 1099 682 1152; x_wconf 88' lang='grc' dir='ltr'><em>ἐν</em></span> <span class='ocrx_word' id='word_1_76' title='bbox 733 1108 846 1161; x_wconf 80' lang='grc' dir='ltr'><em>τοῖς</em></span> <span class='ocrx_word' id='word_1_77' title='bbox 897 1095 1018 1152; x_wconf 88' lang='grc' dir='ltr'><em>τότε</em></span> <span class='ocrx_word' id='word_1_78' title='bbox 1070 1094 1501 1169; x_wconf 89' lang='grc' dir='ltr'><em>γνωριμωτάτου</em></span> <span class='ocrx_word' id='word_1_79' title='bbox 1542 1098 1907 1170; x_wconf 75' lang='grc' dir='ltr'><em>συγγραφέως</em></span> 
     </span>
     <span class='ocr_line' id='line_1_13' title="bbox 293 1178 1907 1253; baseline 0.001 -18.004"><span class='ocrx_word' id='word_1_80' title='bbox 293 1178 568 1251; x_wconf 86' lang='grc' dir='ltr'><em>Ἀγρίππα</em></span> <span class='ocrx_word' id='word_1_81' title='bbox 626 1178 907 1253; x_wconf 86' lang='grc' dir='ltr'><em>Κάστορος</em></span> <span class='ocrx_word' id='word_1_82' title='bbox 979 1178 1309 1244; x_wconf 77' lang='grc' dir='ltr'><em>ικανώτατος</em></span> <span class='ocrx_word' id='word_1_83' title='bbox 1379 1203 1515 1236; x_wconf 88' lang='grc' dir='ltr'><em>κατα</em></span> <span class='ocrx_word' id='word_1_84' title='bbox 1573 1185 1907 1236; x_wconf 86' lang='grc' dir='ltr'><em>Βασιλείδου</em></span> 
     </span>
     <span class='ocr_line' id='line_1_14' title="bbox 301 1260 1906 1336; baseline 0.002 -18"><span class='ocrx_word' id='word_1_85' title='bbox 301 1269 547 1335; x_wconf 80' lang='grc' dir='ltr'><em>ἔλεγχος,</em></span> <span class='ocrx_word' id='word_1_86' title='bbox 601 1263 701 1336; x_wconf 84' lang='grc' dir='ltr'><em>τὴν</em></span> <span class='ocrx_word' id='word_1_87' title='bbox 747 1261 1034 1334; x_wconf 88' lang='grc' dir='ltr'><em>δεινότητα</em></span> <span class='ocrx_word' id='word_1_88' title='bbox 1075 1267 1170 1334; x_wconf 80' lang='grc' dir='ltr'><em>τῆς</em></span> <span class='ocrx_word' id='word_1_89' title='bbox 1213 1260 1449 1334; x_wconf 83' lang='grc' dir='ltr'><em>τάνδρὸς</em></span> <span class='ocrx_word' id='word_1_90' title='bbox 1496 1261 1906 1322; x_wconf 79' lang='grc' dir='ltr'><em>ἀποκαλύπτων</em></span> 
     </span>
     <span class='ocr_line' id='line_1_15' title="bbox 299 1343 1947 1421; baseline 0.001 -19"><span class='ocrx_word' id='word_1_91' title='bbox 299 1354 566 1418; x_wconf 36' lang='grc' dir='ltr'><em>γοητειᾞας</em></span> <span class='ocrx_word' id='word_1_92' title='bbox 648 1352 691 1404; x_wconf 83' lang='lat'><em>7.</em></span> <span class='ocrx_word' id='word_1_93' title='bbox 738 1349 1022 1418; x_wconf 88' lang='grc' dir='ltr'><em>ε’κφαίνων</em></span> <span class='ocrx_word' id='word_1_94' title='bbox 1064 1344 1119 1402; x_wconf 82' lang='grc' dir='ltr'><em>δ’</em></span> <span class='ocrx_word' id='word_1_95' title='bbox 1164 1347 1267 1402; x_wconf 86' lang='grc' dir='ltr'><em>οῦν</em></span> <span class='ocrx_word' id='word_1_96' title='bbox 1309 1343 1482 1404; x_wconf 79' lang='grc' dir='ltr'><em>αὐτοῦ</em></span> <span class='ocrx_word' id='word_1_97' title='bbox 1512 1370 1578 1402; x_wconf 88' lang='grc' dir='ltr'><em>τα</em></span> <span class='ocrx_word' id='word_1_98' title='bbox 1618 1344 1909 1421; x_wconf 78' lang='grc' dir='ltr'><em>απόρρητοῖ</em></span> <span class='ocrx_word' id='word_1_99' title='bbox 1942 1412 1947 1419; x_wconf 41' lang='grc'><em>,</em></span> 
     </span>
    </p>

    <p class='ocr_par' dir='ltr' id='par_1_5' title="bbox 238 1428 1974 1839">
     <span class='ocr_line' id='line_1_16' title="bbox 238 1428 1907 1504; baseline -0.001 -16"><span class='ocrx_word' id='word_1_100' title='bbox 238 1456 277 1488; x_wconf 86' lang='lat'><em>15</em></span> <span class='ocrx_word' id='word_1_101' title='bbox 300 1450 474 1502; x_wconf 87' lang='grc' dir='ltr'><em>φησιν</em></span> <span class='ocrx_word' id='word_1_102' title='bbox 524 1429 697 1488; x_wconf 78' lang='grc' dir='ltr'><em>αὐτὸν</em></span> <span class='ocrx_word' id='word_1_103' title='bbox 749 1437 826 1497; x_wconf 86' lang='grc' dir='ltr'><em>εἰς</em></span> <span class='ocrx_word' id='word_1_104' title='bbox 876 1455 979 1503; x_wconf 89' lang='grc' dir='ltr'><em>μεν</em></span> <span class='ocrx_word' id='word_1_105' title='bbox 1018 1428 1079 1487; x_wconf 84' lang='grc' dir='ltr'><em>τὸ</em></span> <span class='ocrx_word' id='word_1_106' title='bbox 1121 1428 1443 1502; x_wconf 82' lang='grc' dir='ltr'><em>εὐαγγέλιον</em></span> <span class='ocrx_word' id='word_1_107' title='bbox 1494 1432 1733 1502; x_wconf 88' lang='grc' dir='ltr'><em>τέσσαρα</em></span> <span class='ocrx_word' id='word_1_108' title='bbox 1771 1429 1907 1504; x_wconf 81' lang='grc' dir='ltr'><em>πρὸς</em></span> 
     </span>
     <span class='ocr_line' id='line_1_17' title="bbox 299 1513 1908 1590; baseline 0 -19"><span class='ocrx_word' id='word_1_109' title='bbox 299 1527 413 1580; x_wconf 83' lang='grc' dir='ltr'><em>τοῖς</em></span> <span class='ocrx_word' id='word_1_110' title='bbox 467 1523 640 1572; x_wconf 81' lang='grc' dir='ltr'><em>εἴκοσι</em></span> <span class='ocrx_word' id='word_1_111' title='bbox 693 1513 956 1582; x_wconf 80' lang='grc' dir='ltr'><em>συντάξαι</em></span> <span class='ocrx_word' id='word_1_112' title='bbox 1007 1520 1226 1586; x_wconf 85' lang='grc' dir='ltr'><em>βιβλία,</em></span> <span class='ocrx_word' id='word_1_113' title='bbox 1281 1513 1564 1588; x_wconf 80' lang='grc' dir='ltr'><em>προφήτας</em></span> <span class='ocrx_word' id='word_1_114' title='bbox 1620 1515 1680 1571; x_wconf 76' lang='grc' dir='ltr'><em>δὲ</em></span> <span class='ocrx_word' id='word_1_115' title='bbox 1729 1516 1908 1590; x_wconf 75' lang='grc' dir='ltr'><em>ἑαυτῷ</em></span> 
     </span>
     <span class='ocr_line' id='line_1_18' title="bbox 299 1594 1905 1671; baseline 0 -17"><span class='ocrx_word' id='word_1_116' title='bbox 299 1596 567 1670; x_wconf 87' lang='grc' dir='ltr'><em>ὀνομάσαι</em></span> <span class='ocrx_word' id='word_1_117' title='bbox 611 1602 952 1670; x_wconf 81' lang='grc' dir='ltr'><em>Βαρκαββᾶν</em></span> <span class='ocrx_word' id='word_1_118' title='bbox 993 1601 1085 1654; x_wconf 88' lang='grc' dir='ltr'><em>καὶ</em></span> <span class='ocrx_word' id='word_1_119' title='bbox 1125 1597 1368 1671; x_wconf 78' lang='grc' dir='ltr'><em>Βαρκώφ</em></span> <span class='ocrx_word' id='word_1_120' title='bbox 1409 1601 1499 1654; x_wconf 83' lang='grc' dir='ltr'><em>καὶ</em></span> <span class='ocrx_word' id='word_1_121' title='bbox 1541 1596 1742 1664; x_wconf 75' lang='grc' dir='ltr'><em>ἄλλους</em></span> <span class='ocrx_word' id='word_1_122' title='bbox 1771 1594 1905 1654; x_wconf 82' lang='grc' dir='ltr'><em>άνυ-</em></span> 
     </span>
     <span class='ocr_line' id='line_1_19' title="bbox 301 1679 1974 1758; baseline 0 -21"><span class='ocrx_word' id='word_1_123' title='bbox 301 1679 580 1754; x_wconf 84' lang='grc' dir='ltr'><em>πάρκτους</em></span> <span class='ocrx_word' id='word_1_124' title='bbox 611 1681 763 1747; x_wconf 75' lang='grc' dir='ltr'><em>τινας</em></span> <span class='ocrx_word' id='word_1_125' title='bbox 797 1685 980 1758; x_wconf 72' lang='grc' dir='ltr'><em>ἑαυτῷ</em></span> <span class='ocrx_word' id='word_1_126' title='bbox 1009 1681 1456 1754; x_wconf 76' lang='grc' dir='ltr'><em>συστησάμενον,</em></span> <span class='ocrx_word' id='word_1_127' title='bbox 1500 1680 1817 1755; x_wconf 87' lang='grc' dir='ltr'><em>βαρβάρους</em></span> <span class='ocrx_word' id='word_1_128' title='bbox 1847 1704 1907 1738; x_wconf 90' lang='grc' dir='ltr'><em>τε</em></span> <span class='ocrx_word' id='word_1_129' title='bbox 1971 1735 1974 1737; x_wconf 86' lang='grc'><em>,</em></span> 
     </span>
     <span class='ocr_line' id='line_1_20' title="bbox 300 1762 1906 1839; baseline 0.001 -19"><span class='ocrx_word' id='word_1_130' title='bbox 300 1762 487 1831; x_wconf 73' lang='grc' dir='ltr'><em>αὐτοῖς</em></span> <span class='ocrx_word' id='word_1_131' title='bbox 529 1772 606 1832; x_wconf 88' lang='grc' dir='ltr'><em>εἰς</em></span> <span class='ocrx_word' id='word_1_132' title='bbox 646 1764 984 1839; x_wconf 82' lang='grc' dir='ltr'><em>κατάπληξιν</em></span> <span class='ocrx_word' id='word_1_133' title='bbox 1028 1771 1140 1823; x_wconf 74' lang='grc' dir='ltr'><em>τῶν</em></span> <span class='ocrx_word' id='word_1_134' title='bbox 1190 1765 1257 1821; x_wconf 75' lang='grc' dir='ltr'><em>τὰ</em></span> <span class='ocrx_word' id='word_1_135' title='bbox 1301 1771 1528 1822; x_wconf 86' lang='grc' dir='ltr'><em>τοιαῦτα</em></span> <span class='ocrx_word' id='word_1_136' title='bbox 1578 1763 1906 1838; x_wconf 80' lang='grc' dir='ltr'><em>τεθηπότων</em></span> 
     </span>
    </p>

    <p class='ocr_par' dir='ltr' id='par_1_6' title="bbox 234 1847 1951 2256">
     <span class='ocr_line' id='line_1_21' title="bbox 234 1847 1905 1923; baseline 0 -17"><span class='ocrx_word' id='word_1_137' title='bbox 234 1875 274 1906; x_wconf 77' lang='lat'><em>20</em></span> <span class='ocrx_word' id='word_1_138' title='bbox 302 1851 627 1922; x_wconf 84' lang='grc' dir='ltr'><em>ἐπιφημίσαι</em></span> <span class='ocrx_word' id='word_1_139' title='bbox 679 1857 1076 1923; x_wconf 89' lang='grc' dir='ltr'><em>προσηγορίας,</em></span> <span class='ocrx_word' id='word_1_140' title='bbox 1133 1847 1418 1906; x_wconf 86' lang='grc' dir='ltr'><em>διδάσκειν</em></span> <span class='ocrx_word' id='word_1_141' title='bbox 1463 1873 1522 1906; x_wconf 90' lang='grc' dir='ltr'><em>τε</em></span> <span class='ocrx_word' id='word_1_142' title='bbox 1574 1847 1905 1922; x_wconf 78' lang='grc' dir='ltr'><em>ἀδιαφορεῑν</em></span> 
     </span>
     <span class='ocr_line' id='line_1_22' title="bbox 301 1930 1904 2006; baseline 0 -18"><span class='ocrx_word' id='word_1_143' title='bbox 301 1933 696 1991; x_wconf 77' lang='grc' dir='ltr'><em>εἰδωλοθύτων</em></span> <span class='ocrx_word' id='word_1_144' title='bbox 726 1933 1168 2006; x_wconf 85' lang='grc' dir='ltr'><em>ἀπογευομένους</em></span> <span class='ocrx_word' id='word_1_145' title='bbox 1199 1935 1290 1990; x_wconf 86' lang='grc' dir='ltr'><em>καὶ</em></span> <span class='ocrx_word' id='word_1_146' title='bbox 1333 1930 1735 2005; x_wconf 75' lang='grc' dir='ltr'><em>ἐξομνυμένους</em></span> <span class='ocrx_word' id='word_1_147' title='bbox 1766 1931 1904 1989; x_wconf 80' lang='grc' dir='ltr'><em>άπα-</em></span> 
     </span>
     <span class='ocr_line' id='line_1_23' title="bbox 300 2014 1951 2090; baseline 0.001 -19"><span class='ocrx_word' id='word_1_148' title='bbox 300 2015 664 2087; x_wconf 86' lang='grc' dir='ltr'><em>ραφυλάκτως</em></span> <span class='ocrx_word' id='word_1_149' title='bbox 695 2015 796 2090; x_wconf 84' lang='grc' dir='ltr'><em>τὴν</em></span> <span class='ocrx_word' id='word_1_150' title='bbox 826 2025 1014 2075; x_wconf 91' lang='grc' dir='ltr'><em>πίστιν</em></span> <span class='ocrx_word' id='word_1_151' title='bbox 1038 2015 1175 2074; x_wconf 76' lang='grc' dir='ltr'><em>κατά</em></span> <span class='ocrx_word' id='word_1_152' title='bbox 1197 2014 1326 2082; x_wconf 81' lang='grc' dir='ltr'><em>τοῦς</em></span> <span class='ocrx_word' id='word_1_153' title='bbox 1356 2019 1468 2072; x_wconf 72' lang='grc' dir='ltr'><em>τῶν</em></span> <span class='ocrx_word' id='word_1_154' title='bbox 1493 2020 1754 2088; x_wconf 77' lang='grc' dir='ltr'><em>διωγμῶν</em></span> <span class='ocrx_word' id='word_1_155' title='bbox 1783 2039 1903 2073; x_wconf 87' lang='grc' dir='ltr'><em>και·</em></span> <span class='ocrx_word' id='word_1_156' title='bbox 1948 2030 1951 2031; x_wconf 71' lang='grc'>’</span> 
     </span>
     <span class='ocr_line' id='line_1_24' title="bbox 300 2098 1906 2175; baseline 0.001 -21"><span class='ocrx_word' id='word_1_157' title='bbox 300 2098 456 2170; x_wconf 82' lang='grc' dir='ltr'><em>ροῦς,</em></span> <span class='ocrx_word' id='word_1_158' title='bbox 511 2105 919 2172; x_wconf 71' lang='grc' dir='ltr'><em>Πυθαγορικῶς</em></span> <span class='ocrx_word' id='word_1_159' title='bbox 958 2125 1018 2158; x_wconf 91' lang='grc' dir='ltr'><em>τε</em></span> <span class='ocrx_word' id='word_1_160' title='bbox 1056 2114 1169 2167; x_wconf 88' lang='grc' dir='ltr'><em>τοῖς</em></span> <span class='ocrx_word' id='word_1_161' title='bbox 1211 2106 1541 2173; x_wconf 86' lang='grc' dir='ltr'><em>προσιοῦσιν</em></span> <span class='ocrx_word' id='word_1_162' title='bbox 1581 2099 1733 2175; x_wconf 75' lang='grc' dir='ltr'><em>αὐτῷ</em></span> <span class='ocrx_word' id='word_1_163' title='bbox 1769 2122 1906 2157; x_wconf 91' lang='grc' dir='ltr'><em>πεν-</em></span> 
     </span>
     <span class='ocr_line' id='line_1_25' title="bbox 298 2181 1906 2256; baseline 0.002 -19"><span class='ocrx_word' id='word_1_164' title='bbox 298 2183 460 2254; x_wconf 84' lang='grc' dir='ltr'><em>ταέτη</em></span> <span class='ocrx_word' id='word_1_165' title='bbox 484 2183 700 2255; x_wconf 84' lang='grc' dir='ltr'><em>σιωπὴν</em></span> <span class='ocrx_word' id='word_1_166' title='bbox 730 2183 1226 2256; x_wconf 81' lang='grc' dir='ltr'><em>παρακελεύεσθαι.</em></span> <span class='ocrx_word' id='word_1_167' title='bbox 1289 2189 1335 2239; x_wconf 81' lang='grc'><em>8.</em></span> <span class='ocrx_word' id='word_1_168' title='bbox 1371 2185 1462 2240; x_wconf 85' lang='grc' dir='ltr'><em>καὶ</em></span> <span class='ocrx_word' id='word_1_169' title='bbox 1494 2186 1652 2254; x_wconf 81' lang='grc' dir='ltr'><em>ἕτερα</em></span> <span class='ocrx_word' id='word_1_170' title='bbox 1686 2184 1747 2240; x_wconf 72' lang='grc' dir='ltr'><em>δὲ</em></span> <span class='ocrx_word' id='word_1_171' title='bbox 1775 2181 1906 2240; x_wconf 90' lang='grc' dir='ltr'><em>τού-</em></span> 
     </span>
    </p>

    <p class='ocr_par' dir='ltr' id='par_1_7' title="bbox 238 2264 1904 2675">
     <span class='ocr_line' id='line_1_26' title="bbox 238 2264 1904 2340; baseline 0.002 -20"><span class='ocrx_word' id='word_1_172' title='bbox 238 2288 279 2321; x_wconf 79' lang='lat'><em>25</em></span> <span class='ocrx_word' id='word_1_173' title='bbox 301 2289 415 2331; x_wconf 89' lang='grc' dir='ltr'><em>τοις</em></span> <span class='ocrx_word' id='word_1_174' title='bbox 459 2265 814 2340; x_wconf 81' lang='grc' dir='ltr'><em>παραπλήσια</em></span> <span class='ocrx_word' id='word_1_175' title='bbox 854 2266 997 2340; x_wconf 79' lang='grc' dir='ltr'><em>ἀμφὶ</em></span> <span class='ocrx_word' id='word_1_176' title='bbox 1037 2271 1135 2324; x_wconf 86' lang='grc' dir='ltr'><em>τοῦ</em></span> <span class='ocrx_word' id='word_1_177' title='bbox 1175 2272 1507 2324; x_wconf 86' lang='grc' dir='ltr'><em>Βασιλείδου</em></span> <span class='ocrx_word' id='word_1_178' title='bbox 1549 2269 1844 2334; x_wconf 82' lang='grc' dir='ltr'><em>καταλέξας</em></span> <span class='ocrx_word' id='word_1_179' title='bbox 1875 2264 1904 2323; x_wconf 82' lang='grc' dir='ltr'><em>ὃ</em></span> 
     </span>
     <span class='ocr_line' id='line_1_27' title="bbox 301 2348 1903 2423; baseline 0.002 -19"><span class='ocrx_word' id='word_1_180' title='bbox 301 2352 584 2420; x_wconf 84' lang='grc' dir='ltr'><em>εἰρημένος</em></span> <span class='ocrx_word' id='word_1_181' title='bbox 615 2348 718 2407; x_wconf 83' lang='grc' dir='ltr'><em>οὐκ</em></span> <span class='ocrx_word' id='word_1_182' title='bbox 749 2349 995 2421; x_wconf 71' lang='grc' dir='ltr'><em>ἀγεννῶς</em></span> <span class='ocrx_word' id='word_1_183' title='bbox 1023 2354 1120 2422; x_wconf 84' lang='grc' dir='ltr'><em>τῆς</em></span> <span class='ocrx_word' id='word_1_184' title='bbox 1152 2356 1499 2423; x_wconf 87' lang='grc' dir='ltr'><em>δηλωθείσης</em></span> <span class='ocrx_word' id='word_1_185' title='bbox 1531 2353 1795 2423; x_wconf 76' lang='grc' dir='ltr'><em>αἱρέσεως</em></span> <span class='ocrx_word' id='word_1_186' title='bbox 1826 2357 1903 2416; x_wconf 87' lang='grc' dir='ltr'><em>εἰς</em></span> 
     </span>
     <span class='ocr_line' id='line_1_28' title="bbox 299 2431 1902 2507; baseline 0.001 -18"><span class='ocrx_word' id='word_1_187' title='bbox 299 2437 584 2503; x_wconf 84' lang='grc' dir='ltr'><em>προῦπτον</em></span> <span class='ocrx_word' id='word_1_188' title='bbox 624 2431 878 2506; x_wconf 74' lang='grc' dir='ltr'><em>ἐφώρασε</em></span> <span class='ocrx_word' id='word_1_189' title='bbox 919 2434 1021 2506; x_wconf 85' lang='grc' dir='ltr'><em>τὴν</em></span> <span class='ocrx_word' id='word_1_190' title='bbox 1060 2432 1294 2506; x_wconf 88' lang='grc' dir='ltr'><em>πλάνην.</em></span> <span class='ocrx_word' id='word_1_191' title='bbox 1368 2439 1416 2492; x_wconf 85' lang='grc'><em>9.</em></span> <span class='ocrx_word' id='word_1_192' title='bbox 1466 2433 1668 2507; x_wconf 84' lang='grc' dir='ltr'><em>γράφει</em></span> <span class='ocrx_word' id='word_1_193' title='bbox 1710 2435 1771 2491; x_wconf 74' lang='grc' dir='ltr'><em>δὲ</em></span> <span class='ocrx_word' id='word_1_194' title='bbox 1810 2436 1902 2492; x_wconf 83' lang='grc' dir='ltr'><em>καὶ</em></span> 
     </span>
     <span class='ocr_line' id='line_1_29' title="bbox 299 2517 1902 2593; baseline 0.001 -21"><span class='ocrx_word' id='word_1_195' title='bbox 299 2521 600 2587; x_wconf 80' lang='grc' dir='ltr'><em>Εἰρηναῖος</em></span> <span class='ocrx_word' id='word_1_196' title='bbox 631 2524 993 2590; x_wconf 86' lang='grc' dir='ltr'><em>συγχρονίσαι</em></span> <span class='ocrx_word' id='word_1_197' title='bbox 1024 2517 1236 2584; x_wconf 82' lang='grc' dir='ltr'><em>τούτοις</em></span> <span class='ocrx_word' id='word_1_198' title='bbox 1255 2517 1681 2593; x_wconf 86' lang='grc' dir='ltr'><em>Καρποκράτην,</em></span> <span class='ocrx_word' id='word_1_199' title='bbox 1715 2519 1902 2590; x_wconf 83' lang='grc' dir='ltr'><em>ἑτέρας</em></span> 
     </span>
     <span class='ocr_line' id='line_1_30' title="bbox 299 2601 1900 2675; baseline 0.002 -21"><span class='ocrx_word' id='word_1_200' title='bbox 299 2601 562 2674; x_wconf 74' lang='grc' dir='ltr'><em>αἱρέσεως</em></span> <span class='ocrx_word' id='word_1_201' title='bbox 603 2604 699 2673; x_wconf 83' lang='grc' dir='ltr'><em>τῆς</em></span> <span class='ocrx_word' id='word_1_202' title='bbox 730 2605 841 2658; x_wconf 78' lang='grc' dir='ltr'><em>τῶν</em></span> <span class='ocrx_word' id='word_1_203' title='bbox 879 2607 1203 2673; x_wconf 75' lang='grc' dir='ltr'><em>γνωστικῶν</em></span> <span class='ocrx_word' id='word_1_204' title='bbox 1244 2605 1635 2675; x_wconf 86' lang='grc' dir='ltr'><em>ἐπικληθείσης</em></span> <span class='ocrx_word' id='word_1_205' title='bbox 1673 2603 1900 2671; x_wconf 84' lang='grc' dir='ltr'><em>πατέρα,</em></span> 
     </span>
    </p>

    <p class='ocr_par' dir='ltr' id='par_1_8' title="bbox 234 2681 1965 2760">
     <span class='ocr_line' id='line_1_31' title="bbox 234 2681 1965 2760; baseline 0.002 -22"><span class='ocrx_word' id='word_1_206' title='bbox 234 2705 276 2738; x_wconf 78' lang='lat'><em>30</em></span> <span class='ocrx_word' id='word_1_207' title='bbox 300 2689 358 2739; x_wconf 85' lang='grc' dir='ltr'><em>οἳ</em></span> <span class='ocrx_word' id='word_1_208' title='bbox 394 2685 485 2739; x_wconf 87' lang='grc' dir='ltr'><em>καὶ</em></span> <span class='ocrx_word' id='word_1_209' title='bbox 516 2689 613 2740; x_wconf 91' lang='grc' dir='ltr'><em>τοῦ</em></span> <span class='ocrx_word' id='word_1_210' title='bbox 646 2689 903 2757; x_wconf 88' lang='grc' dir='ltr'><em>Σίμωνος</em></span> <span class='ocrx_word' id='word_1_211' title='bbox 944 2685 1044 2758; x_wconf 83' lang='grc' dir='ltr'><em>οὐχ</em></span> <span class='ocrx_word' id='word_1_212' title='bbox 1084 2684 1158 2753; x_wconf 77' lang='grc' dir='ltr'><em>ὥς</em></span> <span class='ocrx_word' id='word_1_213' title='bbox 1203 2685 1413 2753; x_wconf 71' lang='grc' dir='ltr'><em>ἐκεῖνος</em></span> <span class='ocrx_word' id='word_1_214' title='bbox 1454 2684 1733 2760; x_wconf 81' lang='grc' dir='ltr'><em>κρύβδην,</em></span> <span class='ocrx_word' id='word_1_215' title='bbox 1774 2681 1901 2741; x_wconf 76' lang='grc' dir='ltr'><em>ἀλλ’</em></span> <span class='ocrx_word' id='word_1_216' title='bbox 1942 2711 1965 2717; x_wconf 32' lang='lat' dir='ltr'>x</span> 
     </span>
    </p>
   </div>
   <div class='ocr_carea' id='block_1_3' title="bbox 299 2806 499 2813">
    <p class='ocr_par' dir='ltr' id='par_1_9' title="bbox 299 2806 499 2813">
     <span class='ocr_line' id='line_1_32' title="bbox 299 2806 499 2813; baseline 0 0"><span class='ocrx_word' id='word_1_217' title='bbox 299 2806 499 2813; x_wconf 95' lang='lat' dir='ltr'><em> </em></span> 
     </span>
    </p>
   </div>
   <div class='ocr_carea' id='block_1_4' title="bbox 501 2808 633 2812">
    <p class='ocr_par' dir='ltr' id='par_1_10' title="bbox 501 2808 633 2812">
     <span class='ocr_line' id='line_1_33' title="bbox 501 2808 633 2812; baseline 0 0"><span class='ocrx_word' id='word_1_218' title='bbox 501 2808 633 2812; x_wconf 95' lang='lat' dir='ltr'><em> </em></span> 
     </span>
    </p>
   </div>
   <div class='ocr_carea' id='block_1_5' title="bbox 416 2876 1036 2930">
    <p class='ocr_par' dir='ltr' id='par_1_11' title="bbox 416 2876 1036 2930">
     <span class='ocr_line' id='line_1_34' title="bbox 416 2876 1036 2930; baseline 0.005 -15"><span class='ocrx_word' id='word_1_219' title='bbox 416 2876 438 2915; x_wconf 88' lang='lat'>1</span> <span class='ocrx_word' id='word_1_220' title='bbox 470 2876 590 2918; x_wconf 81' lang='lat' dir='ltr'>Iren.</span> <span class='ocrx_word' id='word_1_221' title='bbox 622 2877 760 2929; x_wconf 58' lang='lat'><strong>1‚&gt;24,</strong></span> <span class='ocrx_word' id='word_1_222' title='bbox 794 2878 831 2919; x_wconf 91' lang='lat'><em>1.</em></span> <span class='ocrx_word' id='word_1_223' title='bbox 865 2891 906 2930; x_wconf 86' lang='lat' dir='ltr'><em>p.</em></span> <span class='ocrx_word' id='word_1_224' title='bbox 941 2879 1036 2919; x_wconf 84' lang='lat'>101.</span> 
     </span>
    </p>
   </div>
  </div>
 </body>
</html>
