1986 3152
539 94 697 137 msT.
730 93 979 138 EOCLES.
1012 95 1091 138 VI.
1124 97 1187 138 13,
1225 98 1287 134 14.
1614 91 1714 143 257

106 209 365 284 ὁμολογεῖ
414 209 549 282 πρὸς
601 215 714 267 τῶν
768 212 1030 282 ἑταίρων,
1084 205 1147 276 ἃς
1200 216 1357 283 ἔτυχε
1409 208 1557 282 παρὰ
1608 214 1719 266 τῶν

110 292 354 368 ἀρχαίων
396 297 790 369 πρεσβυτέρων
833 291 1079 366 ἀκηκοώς
1126 293 1488 367 παραδόσεις,
1531 295 1719 366 γραφῇ

109 391 222 445 τοῖς
265 376 399 451 μετὰ
438 382 612 435 ταῦτα
654 382 1018 450 παραδοῦναι.
1081 380 1352 451 μέμνηται
1386 379 1443 435 δὲ
1477 382 1535 435 ἐν
1567 374 1716 453 αὐτῷ

114 469 435 529 Μελίτωνος
467 465 557 519 καὶ
591 470 897 537 Εἰρηναίου
929 469 1027 520 καί
1051 487 1219 520 τινων
1251 465 1484 536 ἑτέρων,
1519 455 1596 519 ‹52›
1628 463 1718 517 καὶ

106 546 204 612 τὰς
241 545 522 619 διηγήσεις
553 549 811 605 τέθειται.

237 643 356 692 XIV.
404 629 493 688 Ἐν
518 633 578 688 δὲ
601 646 719 698 ταῖς
734 629 1171 702 ’Τποτυπώσεσα
1197 629 1494 698 ξυνελόντα
1523 636 1720 701 εἰπεῖν,

111 714 288 786 πάσης
318 719 411 787 τῆς
438 714 774 787 ἐνδιαθήκου
798 720 1015 788 γραφῆς
1042 717 1465 787 ἐπιτετμημένας
1490 721 1722 786 πεποίη-

108 822 195 855 ται
246 797 559 871 διηγήσεις,
610 800 752 872 μηδὲ
802 799 896 863 τὰς
938 797 1361 871 άντιλεγομένας
1402 797 1721 868 παρελθών,

107 881 212 955 τὴν
228 881 411 940 Ἰούδα
443 885 583 955 λέγω
615 886 708 940 καὶ
737 883 830 948 τὰς
863 882 1054 948 λοιπὰς
1089 882 1388 948 καθολικάς
1416 880 1721 952 ἐπιστολάς,

108 966 212 1039 τήν
249 991 307 1024 τε
338 965 603 1042 Βαρνάβα
645 970 737 1024 καὶ
775 968 877 1040 τὴν
910 970 1129 1040 Πέτρου
1171 969 1475 1040 λεγομένην
1512 963 1722 1022 ἀποκά-

111 1059 298 1120 λυψιν.
360 1056 409 1108 2.
444 1055 535 1108 καὶ
565 1051 666 1123 τὴν
697 1051 832 1125 πρὸς
847 1051 1138 1124 Ἐβραίους
1168 1053 1227 1108 δὲ
1254 1050 1545 1122 ἐπιστολὴν
1570 1048 1722 1107 Παύ-

43 1170 46 1171 ’
111 1144 211 1192 λου
242 1137 343 1208 μὲν
375 1136 524 1193 εἶναί
549 1157 706 1210 φησι,
739 1136 1057 1211 γεγράφθαι
1092 1135 1440 1208 δὲἙβραίοις
1461 1131 1723 1208 Ἐβραϊκῇ

109 1224 292 1295 φωνῇ,
326 1225 552 1278 Λουκᾶν
585 1223 646 1278 δὲ
670 1228 970 1322 φιλοτίμως
996 1220 1170 1294 αὐτὴν
1193 1219 1723 1294 μεθερμηνεύσαντα

113 1308 376 1362 ἐκδοῦναι
407 1303 815 1379 τοῖς”Ελλησιν,
855 1305 994 1363 όθεν
1024 1304 1122 1362 τὸν
1154 1304 1324 1362 αὐτὸν
1355 1307 1535 1377 χρῶτα
1568 1299 1716 1376 εὑρί-

112 1400 347 1447 σκεσθαι
378 1389 515 1446 κατά
547 1388 648 1462 τὴν
681 1393 978 1464 ἑρμηνείαν
1009 1389 1208 1462 ταύτης
1232 1413 1290 1446 τε
1314 1392 1409 1461 τῆς
1437 1393 1722 1459 ἐπιστολῆς

113 1477 204 1530 καὶ
238 1479 349 1530 τῶν
380 1473 674 1547 Πράξεων·
708 1479 755 1532 3.
790 1475 863 1548 μὴ
894 1473 1320 1547 προγεγράφθαι
1353 1474 1413 1531 δὲ
1444 1471 1503 1528 τὸ
1528 1468 1724 1530 e‘How'-

113 1566 204 1624 λος
237 1557 588 1631 άπόστολος”,
624 1558 869 1624 εἰκότως·
906 1556 1178 1633 Ἑβραίοις
1210 1557 1342 1631 γάρ,
1375 1559 1577 1630 φησὶν,
1613 1559 1724 1613 ε’πι-

110 1644 384 1714 στέλλων,
439 1642 720 1716 πρόληψιν
772 1643 1026 1717 εἰληφόσι
1078 1642 1199 1700 κατ’
1245 1643 1416 1700 αὐτοῦ
1455 1643 1546 1698 καὶ
1586 1637 1726 1698 ὑπο-

113 1725 413 1784 πτεύουσιν
445 1725 633 1798 αὐτὸν,
666 1732 908 1795 συνετῶς
940 1727 1089 1785 πάνυ
1120 1726 1223 1785 οὐκ
1257 1731 1315 1784 ἐν
1339 1727 1477 1800 ἀρχῇ
1502 1724 1726 1798 ἀπέτρε-

115 1824 224 1877 ψεν
265 1810 467 1877 αὐτοὺς
508 1812 566 1868 τό
610 1810 784 1885 ὄνομα
816 1820 951 1878 θείς.
1015 1818 1063 1867 4.
1098 1812 1213 1869 εἶτα
1243 1809 1459 1884 ’ὑποβὰς
1493 1813 1727 1882 ἐπιλέγει

105 1891 252 1967 Ηἤδη
296 1896 358 1952 δὲ
397 1895 470 1962 ὡς
512 1896 540 1953 ὁ
584 1895 848 1970 μακάριος
890 1904 1045 1969 ἔλεγε
1087 1896 1493 1970 πρεσβύτερος,
1537 1896 1655 1950 ἐπεὶ
1699 1893 1727 1951 ὁ

106 1976 333 2052 ’(κύριος
375 1978 677 2048 ἀπόστολος
718 1980 796 2038 ὢν
837 1987 934 2039 τοῦ
976 1979 1416 2054 παντοκράτορος
1449 1977 1727 2051 άπεστάλη

104 2062 281 2136 “ambs
304 2063 623 2138 Ἑβραίους,
657 2064 748 2123 διά
778 2065 1101 2139 μετριότητα
1131 2063 1159 2123 ὁ
1190 2071 1434 2137 Παῦλος,
1469 2062 1618 2121 ὡσάν
1651 2070 1727 2129 εἰς

110 2145 214 2205 “vde
233 2154 372 2221 ἔθνη
390 2146 817 2224 ἀπεσταλμένος,
842 2150 945 2208 οὐκ
965 2150 1227 2225 ἐγγράφει
1249 2148 1728 2223 ἑαυτόνἙβραίων

113 2228 484 2307 ’(ἆπόστολον,
531 2235 621 2292 διά
665 2259 722 2292 τε
752 2236 853 2310 τὴν
885 2236 1019 2310 πρὸς
1049 2234 1146 2293 τὸν
1176 2235 1371 2309 κύριον
1401 2234 1594 2307 τιμὴν,
1638 2232 1729 2290 διά

110 2316 205 2374 “τε
243 2317 302 2374 τὸ
351 2321 409 2374 ἐκ
451 2329 773 2393 περιουσίας
805 2324 894 2376 καὶ
928 2334 1039 2387 τοῖς
1070 2317 1340 2394 Ἑβραίοις
1375 2321 1730 2389 ἐπιστέλλειν,

108 2393 125 2414 (
1375 2408 1397 2423 μ’
1514 2398 1534 2422 3⁷

129 2401 341 2459 ’ἐθνῶν
377 2401 591 2474 κήρυκα
629 2402 762 2461 ὄντα
805 2409 895 2461 καὶ
937 2402 1294 2463 άπόστολον.”
1371 2426 1417 2462 O.
1464 2413 1632 2468 αυθις
1674 2400 1727 2459 δ’

123 2489 180 2543 ἐν
225 2499 337 2553 τοῖς
380 2481 566 2555 αὖτοῖς
605 2484 634 2545 ὁ
675 2488 902 2562 Κλήμης
945 2495 1182 2561 βιβλίοις
1225 2491 1350 2562 περὶ
1393 2494 1488 2560 τῆς
1528 2486 1730 2555 τάξεως

116 2572 231 2628 τῶν
257 2570 604 2643 εὐαγγελίων
635 2571 946 2647 παράδοσιν
977 2579 1088 2631 τῶν
1120 2572 1399 2632 ἀνέκαθεν
1431 2575 1729 2646 πρεσβυτέ-

120 2679 236 2728 ρων
274 2658 545 2728 τέθειται,
585 2660 783 2715 τοῦτον
825 2663 1062 2730 ἔχουσαν
1103 2659 1200 2716 τὸν
1245 2656 1480 2732 τρόπον·
1536 2680 1729 2728 προγε-

233 2852 257 2890 6
291 2848 434 2890 Clem.
469 2851 596 2892 Alex.
633 2852 802 2903 fragm.
835 2866 877 2904 p.
918 2853 1022 2893 1024
1053 2853 1175 2893 Pott.

206 2933 437 2963 Eusnssms
474 2935 538 2965 lv,
1415 2919 1475 2968 17

1747 995 1785 1024 10

1748 1415 1786 1445 15

1751 1836 1790 1865 20

1753 2258 1792 2289 25

1754 2678 1794 2709 30
