1986 3152
261 122 364 172 262
930 118 1173 159 EUsEssn

255 238 439 309 μένων
461 233 865 308 μνημονεύσας,
890 233 1066 306 μηδὲν
1088 235 1352 306 μηδαμῶς
1375 239 1594 306 φαῦλον
1619 240 1860 309 ἔγκλημα

255 333 366 385 τοῖς
400 317 669 391 δόγμασιν
702 320 989 390 ἐπιβαλεῖν
1023 319 1310 389 δυνηθεὶς,
1343 314 1546 394 ἀπορίᾳ
1569 317 1750 391 λόγων
1775 322 1864 376 ἐπὶ

255 402 315 459 τὸ
358 408 633 476 λοιδορεῖν
674 404 928 475 τρέπεται
968 403 1058 457 καὶ
1099 400 1225 468 τοὺς
1268 399 1527 502 ἐξηγητας
1567 401 1863 476 ἐνδιαβαλ-

255 495 392 558 λειν,
427 487 505 544 ὠν
534 485 769 559 μαλιστα
799 483 895 542 τὸν
912 483 1228 560 Ὠριγένην·
1261 489 1309 543 3.
1336 481 1402 542 ὃν
1432 509 1568 542 κατα
1598 484 1700 559 τὴν
1729 490 1864 544 νέαν

213 567 474 643 εὴλικίαν
516 572 815 643 ἐγνωκέναι
857 568 1038 643 φήσας
1081 568 1408 642 διαβαλλειν
1449 570 1552 642 μὲν
1589 574 1863 644 πειρᾶται,

255 657 532 712 συνιστῶν
576 655 637 712 δὲ
679 652 785 726 ἄρα
816 652 915 711 τὸν
945 652 1125 727 ἄνδρα
1158 652 1458 726 ἐλάνθανε,
1501 652 1568 710 τὰ
1597 655 1700 727 μὲν
1733 657 1867 712 ε’πα-
1901 698 1906 702 -

255 737 543 811 ληθεύων,
591 742 649 795 ἐν
689 736 770 805 οἷς
801 735 924 795 οὐδ’
963 741 1159 811 ἑτέρως
1193 735 1341 815 αὐτῷ
1373 740 1559 811 λέγειν
1588 731 1659 811 ἦν
1690 744 1867 797 δυνα-

254 823 367 895 τὸν,
399 821 464 880 τοὶ
495 825 557 880 δὲ
588 825 679 880 καὶ
710 821 1085 896 ψευδόμενος,
1125 825 1183 879 ἐν
1217 820 1299 889 οἷς
1331 821 1600 896 λήσεσθαι
1634 821 1865 896 ἐνόμιζε,

255 910 345 964 καὶ
376 931 494 964 τοτε
525 931 625 980 μεν
657 931 729 973 ως
760 910 1097 981 Χριστιανοῦ
1127 912 1478 980 κατηγορῶν,
1521 931 1640 964 τοτε
1674 907 1735 964 δὲ
1763 906 1866 980 τὴν

194 1011 231 1042 10
256 994 381 1064 περὶ
413 1016 478 1048 τα
509 990 788 1064 φιλόσοφα
819 990 1119 1064 μαθήματα
1153 995 1404 1048 ἐπίδοσιν
1436 989 1608 1048 αὐτοῦ
1642 990 1866 1065 διαγρα-

207 1099 393 1178 φων.
468 1080 516 1131 4.
560 1074 729 1132 ἄκουε
771 1072 823 1132 δ’
869 1076 971 1132 οὖν
1011 1100 1045 1131 α
1084 1094 1220 1148 φησι
1261 1099 1396 1132 κατα
1441 1071 1649 1143 λέξιν“
1657 1081 1752 1148 τῆς
1797 1073 1866 1148 δὴ

246 1156 607 1232 Μμοχθηριας
636 1163 747 1216 τῶν
771 1157 1093 1216 Ἰουδαϊκῶν
1133 1163 1366 1232 γραφῶν
1407 1156 1509 1216 οὐκ
1540 1157 1865 1231 απόστασιν,

248 1239 446 1300 “λύσιν
489 1245 554 1300 δέ
588 1267 734 1309 τινες
781 1239 970 1317 εὑρεῖν
1011 1245 1503 1316 προθυμηθέντες,
1550 1241 1633 1300 ἐπ’
1673 1242 1868 1316 ἐξηγή-

246 1324 397 1393 “σεις
432 1325 728 1402 ἐτραποντο
760 1325 1187 1400 ἄσυγκλώστους
1219 1329 1309 1384 καὶ
1341 1324 1721 1400 ἀναρμόστους
1752 1341 1868 1395 τοῖς

194 1411 259 1461 15
266 1409 709 1485 γεγραμμένοις,
771 1408 875 1468 οὐκ
933 1410 1238 1484 απολογίαν
1296 1417 1509 1484 μᾶλλον
1559 1408 1700 1485 ὑπερ
1752 1417 1868 1469 τῶν

244 1494 558 1599 Ξόθνείων,
612 1493 936 1568 παραδοχὴν
985 1497 1045 1552 δε
1087 1498 1178 1552 καὶ
1221 1502 1449 1553 ἔπαινον
1489 1508 1602 1562 τοῖς
1644 1502 1867 1563 οἰκείοις

244 1577 577 1655 “φερου’σας.
642 1586 935 1653 αἰνίγματα
959 1580 1064 1654 γὰρ
1088 1604 1154 1636 τα
1177 1582 1432 1654 φανερῶς
1457 1603 1606 1652 παρα
1629 1589 1873 1639 Μωυσει

246 1661 555 1738 ((λεγόμενα
594 1663 736 1722 εἶναι
768 1663 1179 1738 κομπάσαντες,
1223 1668 1313 1722 καὶ
1348 1664 1760 1731 ἐπιθειάσαντες
1793 1664 1868 1730 ὦς

247 1744 636 1822 “θεσπίσματα
669 1748 850 1822 πλήρη
883 1754 1140 1822 κρυφίων
1170 1755 1522 1822 μυστηρίων,
1558 1747 1650 1805 διά
1681 1773 1739 1806 τε
1767 1752 1869 1806 τοῦ

193 1829 471 1934 20“τύφου
523 1833 582 1890 τὸ
635 1832 882 1907 κριτικὸν
933 1837 1027 1906 τῆς
1079 1836 1256 1907 ψυχῆς
1310 1831 1867 1906 καταγοητεύσαντες,

251 1914 590 2020 αέπαγουσιν
643 1914 969 1991 ἐξηγήσειςῗ
1054 1922 1102 1975 5.
1151 1917 1267 1974 εἶτα
1313 1915 1444 1991 μεθ’
1489 1916 1648 1991 ἕτερά
1697 1938 1870 1990 φησιν

251 1997 316 2056 “5
351 2002 412 2057 δε
443 2000 641 2076 τρόπος
670 2007 768 2074 τῆς
799 2000 1028 2068 ατοπίας
1063 2005 1113 2070 ἐξ
1146 1998 1380 2077 ανδρός,
1413 2026 1455 2077 ῳ
1488 1999 1637 2074 κᾶγω
1669 2005 1869 2075 κομιδῆ

250 2081 408 2186 Ξνέος
434 2110 513 2141 ων
545 2091 623 2142 ἔτι
657 2084 1004 2158 ἐντετύχηκα,
1037 2085 1259 2160 σφόδρα
1289 2084 1753 2159 ευδοκιμήσαντος
1778 2088 1869 2142 καὶ

251 2164 368 2226 “gu
411 2166 484 2224 δι’
520 2194 598 2225 ων
638 2172 997 2227 καταλέλοιπε
1029 2189 1474 2271 συγγραμματων
1507 2167 1871 2273 ευδοκιμοῦν-

195 2249 264 2298 25
290 2277 408 2324 τος,
455 2251 822 2326 παρειλήφθω
860 2250 1205 2326 Ὠριγένους,
1263 2278 1331 2311 ου
1374 2256 1528 2320 κλέος
1568 2277 1716 2327 παρα
1758 2267 1872 2320 τοις

252 2333 645 2403 “διδασκαλοις
697 2335 910 2394 τούτων
962 2362 1072 2394 των
1125 2338 1305 2410 λόγων
1349 2341 1487 2412 μέγα
1537 2331 1883 2396 διαδέδοται..

251 2417 340 2479 “6.
380 2418 650 2495 ἀκροατὴς
682 2420 785 2495 γὰρ
828 2413 985 2488 οὗτος
1015 2419 1325 2495 Ἀμμωνίου
1366 2425 1466 2480 τοῦ
1507 2428 1770 2495 πλείστην
1812 2427 1873 2480 ἐν

253 2502 403 2572 “vocs
435 2505 567 2563 καθ’
594 2503 737 2579 ἡμᾶς
767 2504 983 2579 χρόνοις
1017 2509 1266 2565 ἐπίδοσιν
1299 2511 1358 2564 ἐν
1389 2513 1691 2583 φιλοσοφίᾳ
1717 2511 1872 2580 ἐσχη-

251 2588 447 2657 “κότος
488 2590 759 2663 γεγονώς,
812 2596 888 2656 εἰς
929 2593 1029 2664 μὲν
1068 2589 1169 2663 τὴν
1207 2596 1319 2649 τῶν
1362 2592 1543 2665 λόγων
1584 2596 1872 2665 ἐμπειρίαν

200 2697 241 2729 30
257 2670 505 2747 “πολλὴν
546 2673 693 2750 παρὰ
734 2677 834 2731 τοῦ
877 2675 1217 2733 διδασκάλου
1256 2674 1358 2749 τὴν
1400 2676 1673 2750 ὠφέλειαν
1716 2673 1872 2747 ἐκτή-
1940 2725 1959 2754 4

256 2754 452 2831 “σατο,
513 2765 590 2826 εἰς
636 2760 697 2816 δὲ
737 2757 838 2831 τὴν
879 2757 1058 2832 ὀρθὴν
1097 2767 1195 2817 τοῦ
1237 2767 1366 2832 βίου
1407 2765 1732 2836 προαίρεσιν
1770 2757 1873 2832 τὴν
1959 2755 1964 2757 ξ

256 2838 554 2902 “ἐναντίαν
598 2846 791 2922 ἐκείνῳ
833 2850 1065 2917 πορείαν
1109 2843 1412 2918 ἐποιήσατο.
1491 2850 1535 2903 7.
1571 2841 1872 2918 Ἀμμώνιος
