1986 3152
262 106 367 158 470
932 104 1178 146 EUSEBH

265 221 529 295 πρόπυλα
578 220 1046 293 νενομισμένους,
1099 219 1304 286 ἄλλους
1358 221 1421 277 δὲ
1473 221 1707 295 πρώτοις
1755 234 1872 287 τοῖς

268 309 479 374 ἔξωθεν
511 300 657 377 ἀμφὶ
695 303 800 376 τὴν
830 302 1015 377 αῦλὴν
1048 307 1106 361 ἐκ
1135 304 1489 378 τετραγώνου
1522 311 1702 362 κίοσιν
1730 304 1872 362 ὑπε-

271 387 498 464 στήριζε,
529 401 648 454 ταῖς
679 388 921 463 πρώταις
951 394 1066 446 τῶν
1094 390 1369 463 τεττάρων
1400 388 1746 462 εὐαγγελίων
1776 395 1874 447 τοῦ

263 473 583 547 γράμματος
615 479 917 547 προβολαῖς
951 474 1281 547 ἐμβιβάζων,
1325 473 1457 540 τοῦς
1490 473 1549 530 δ’
1584 473 1691 546 ἤδη
1731 470 1875 547 ἀμφὶ

223 581 243 614 5
265 558 364 616 τὸν
394 563 679 630 βασίλειον
711 557 866 615 οἷκον
910 559 1257 633 ἑκατέρωθεν
1289 558 1754 632 παραζεύγνυσιν,
1798 563 1876 614 ἔτι

266 644 369 716 μὲν
400 643 846 716 κατηχουμένους
878 643 971 699 καὶ
1015 645 1075 700 ἐν
1106 642 1249 717 αῦξῃ
1281 645 1371 699 καὶ
1414 648 1669 718 προκοπῇ
1699 651 1873 699 καθε-

269 731 511 799 στῶτας,
543 723 613 783 ου’
645 726 760 800 μὴν
791 727 983 801 πόρρω
1015 749 1124 784 που
1155 729 1248 784 καὶ
1279 727 1501 802 μακράν
1523 733 1619 801 τῆς
1642 732 1756 784 τῶν
1781 729 1875 784 ἐν-

268 811 479 869 δοτάτω
509 819 775 878 θεοπτίας
816 817 930 868 τῶν
960 817 1173 869 πιστῶν
1218 813 1657 886 διεζευγμένους·
1697 815 1782 868 64.
1818 814 1876 868 ἐκ

269 895 337 969 δὴ
370 896 585 953 τούτων
615 896 712 962 τὰς
745 894 1057 971 ἀκηράτους
1089 896 1273 970 ψυχάς
1302 904 1443 974 θείῳ
1486 901 1703 974 λουτρῷ
1734 921 1876 971 χρυ-

206 1006 246 1038 10
271 986 375 1038 σοῦ
429 985 594 1053 δίκην
644 979 1100 1054 άποσμηχθείσας
1154 982 1526 1056 παραλαβών,
1579 979 1878 1038 κάνταῦθα

263 1065 396 1132 τοῦς
428 1065 533 1138 μὲν
563 1071 710 1122 κίοσι
740 1070 853 1121 τῶν
887 1066 1136 1133 ἐξωτάτω
1167 1065 1312 1123 πολῦ
1339 1072 1647 1140 κρείττοσιν
1681 1068 1739 1122 ἐκ
1761 1071 1876 1122 τῶν

266 1149 539 1207 ἐνδοτάτω
578 1154 864 1222 μυστικῶν
903 1155 1003 1222 τῆς
1047 1155 1266 1224 γραφῆς
1298 1149 1593 1224 δογμάτων
1624 1147 1878 1222 ὑποστη-

263 1240 420 1308 ρίζει,
462 1233 596 1300 τοῦς
639 1234 700 1290 δὲ
730 1246 844 1300 τοῖς
885 1233 1027 1308 πρὸς
1068 1232 1130 1291 τὸ
1173 1239 1294 1307 φῶς
1335 1233 1635 1307 άνοίγμασι
1666 1258 1877 1291 καταυ-

263 1319 429 1390 γάζει.
488 1321 572 1375 65.
615 1318 883 1396 προπύλῳ
925 1319 1030 1392 μὲν
1074 1319 1157 1376 ἐνὶ
1186 1325 1429 1396 μεγίστῳ
1460 1324 1558 1392 τῆς
1590 1324 1692 1376 τοῦ
1725 1341 1877 1393 παμ-

208 1427 248 1460 15
271 1403 538 1476 βασιλέως
573 1401 696 1468 ἐνὸς
726 1404 818 1460 καὶ
847 1404 1024 1477 μόνου
1053 1408 1197 1461 θεοῦ
1228 1407 1550 1476 δοξολογίας
1573 1403 1673 1461 τὸν
1697 1403 1880 1461 πάντα

266 1488 417 1546 νεῶν
446 1493 833 1562 κατακοσμῶν,
867 1493 1111 1563 Χριστοῦ
1145 1489 1207 1546 δὲ
1237 1491 1330 1545 καὶ
1360 1495 1463 1546 τοῦ
1503 1486 1669 1560 ἁγίου
1702 1487 1880 1545 πνεύ-

265 1596 433 1646 ματος
482 1571 617 1644 παρ’
656 1573 884 1646 ἑκάτερα
925 1578 1020 1646 τῆς
1051 1578 1154 1630 τοῦ
1187 1573 1395 1648 πατρὸς
1437 1572 1742 1640 αῦθεντίας
1782 1571 1880 1638 τοὶς

267 1659 534 1731 δευτέρας
578 1657 757 1730 αὐγάς
798 1664 902 1715 τοῦ
945 1657 1131 1731 φωτὸς
1174 1659 1625 1733 παρασχόμενος,
1666 1663 1782 1715 τῶν
1823 1679 1881 1713 τε

267 1747 478 1799 λοιπῶν
521 1741 611 1799 διά
651 1748 754 1799 τοῦ
801 1742 1007 1813 παντὸς
1065 1752 1224 1800 οἴκου
1279 1742 1539 1816 ἄφθονον
1591 1743 1683 1799 καὶ
1734 1740 1879 1798 πολῦ

206 1851 248 1883 20
276 1827 545 1901 διάφορον
585 1833 683 1899 τῆς
724 1826 858 1885 καθ’
894 1831 1128 1885 ἕκαστον
1160 1826 1427 1901 ἀληθείας
1467 1819 1527 1885 τό
1571 1827 1745 1900 σαφὲς
1786 1827 1880 1882 καὶ

268 1912 544 1984 φωτεινὸν
577 1913 1034 1986 ἐνδεικνύμενος,
1078 1913 1258 1986 πάντη
1305 1913 1367 1970 δὲ
1398 1914 1492 1969 καὶ
1524 1910 1880 1984 πανταχόθεν

266 1996 397 2062 τοῦς
430 2002 635 2065 ζῶντας
667 1998 759 2053 καὶ
788 1998 1095 2070 βεβηκότας
1126 1999 1219 2054 καὶ
1250 1996 1516 2069 εὐπαγεῖς
1541 2002 1656 2053 τῶν
1681 1999 1880 2068 ψυχῶν

270 2087 468 2146 λίθους
503 2084 790 2155 ἐγκρίνας,
831 2081 931 2139 τὸν
959 2083 1137 2155 μέγαν
1175 2084 1266 2138 καὶ
1295 2081 1584 2154 βασιλικὸν
1617 2084 1668 2148 ἐξ
1694 2079 1882 2136 ἁπάν-

263 2189 377 2222 των
409 2163 566 2222 οἷκον
599 2166 1025 2236 ἐπισκευάζεται,
1059 2165 1317 2239 λαμπρὸν
1339 2167 1431 2222 καὶ
1456 2164 1640 2238 φωτὸς
1665 2169 1882 2236 ἔμπλεω

203 2271 243 2304 25
269 2250 336 2306 τά
367 2272 424 2306 τε
458 2254 697 2306 ἔνδοθεν
727 2250 821 2305 καὶ
850 2249 914 2305 τά
950 2249 1131 2322 ἐκτὸς,
1178 2249 1261 2307 ὅτι
1290 2249 1364 2323 μὴ
1400 2249 1549 2322 ψυχὴ
1583 2249 1758 2322 μόνον
1791 2249 1883 2304 καὶ

268 2334 506 2405 διάνοια,
539 2335 632 2390 καὶ
661 2333 722 2390 τὸ
756 2338 916 2406 σῶμα
948 2335 1010 2391 δὲ
1041 2333 1235 2400 αὐτοῖς
1267 2333 1493 2405 ἁγνείας
1525 2335 1617 2390 καὶ
1651 2351 1880 2412 σωφρο-

267 2418 442 2490 σῦνης
474 2426 794 2475 πολυανθεϊ
821 2418 1008 2495 κόσμῳ
1042 2422 1425 2491 κατηγλάιστο.
1496 2423 1579 2475 66.
1627 2423 1792 2475 ἔνεισι
1824 2415 1880 2473 δ’
1924 2455 1929 2460 -

268 2506 329 2560 ἐν
368 2507 511 2579 τῷδε
550 2509 628 2579 τῷ
685 2507 814 2578 ἱερῷ
862 2505 954 2560 καὶ
1002 2504 1201 2578 θρόνοι
1239 2502 1429 2577 βάθρα
1471 2527 1527 2560 τε
1569 2508 1744 2577 μυρία
1790 2502 1884 2557 καὶ

269 2587 627 2662 καθιστήρια,
678 2591 737 2644 ἐν
770 2588 927 2654 ὅσαις
960 2601 1167 2661 ψυχαῖς
1198 2587 1264 2644 τα
1295 2594 1396 2645 τοῦ
1427 2594 1591 2645 θείου
1625 2585 1882 2659 πνεῦμα-

203 2694 243 2726 30
268 2696 358 2739 τος
407 2670 641 2745 ἐφιζάνει
683 2673 1011 2746 δωρήματα,
1054 2670 1144 2730 οἷα
1187 2674 1278 2729 καὶ
1331 2672 1499 2729 πάλαι
1555 2671 1723 2744 ῶφθη
1767 2683 1884 2736 τοῖς
1953 2743 1956 2748 ¹

269 2756 417 2830 ἀμφὶ
449 2755 580 2824 τοῦς
613 2756 800 2831 ἶεροῦς
832 2756 1175 2824 ἀποστόλους
1195 2802 1209 2830 ,
1254 2753 1335 2824 οἷς
1368 2757 1654 2829 ἐφάνησαν
1685 2760 1878 2827 διαμε-
1951 2748 1957 2753 “

275 2842 549 2915 ριζόμεναι
578 2847 828 2914 γλῶσσαι
861 2841 991 2899 ῶσεὶ
1023 2842 1229 2917 πυρὸς,
1265 2842 1534 2898 ἐκάθισάν
1563 2864 1622 2898 τε
1656 2837 1742 2912 ἐφ’
1783 2842 1883 2896 ἕνα
