1986 3152
549 78 976 147 HISTAEOCLES.
1007 107 1059 148 v.
1091 109 1131 149 7.
1165 108 1204 149 ε.
1592 104 1696 157 207

86 222 406 287 ὑποθέσεως
467 223 544 297 τῷ
601 222 1022 295 προδηλωθέντι
1076 231 1302 293 εἴρηται.
1396 225 1457 279 ἐν
1511 223 1571 279 δὲ
1620 228 1696 298 τῷ

86 309 314 382 πέμπτῳ
373 307 498 378 περὶ
557 309 652 376 τῆς
694 302 955 362 Ἰωάννου
1006 302 1405 373 ἀποκαλύψεως
1457 308 1548 362 καὶ
1600 309 1697 378 τῆς

85 389 278 463 ψήφου
319 394 415 462 τῆς
455 392 555 446 τοῦ
596 386 948 462 ἀντιχρίστου
990 396 1361 464 προσηγορίας
1401 387 1546 447 οὕτω
1581 396 1696 447 δια-

85 473 382 547 λαμβάνει·
424 468 672 530 “τούτων
715 476 776 530 δὲ
816 471 989 538 οὕτως
1032 474 1299 546 ἐχόντων,
1339 477 1431 531 καὶ
1474 477 1534 531 ἐν
1563 481 1697 532 πᾶσι

78 553 181 615 “δὲ
222 573 336 623 τοῖς
388 562 712 622 σπουδαίοις
764 560 857 613 καὶ
907 556 1154 630 ἀρχαίοις
1199 557 1557 631 ἀντιγράφοις
1597 562 1740 616 τοῦδ

78 637 359 714 ε’ἀριθμοῦ
390 640 588 698 τούτου
619 645 895 713 κειμένου,
927 645 1019 697 καὶ
1049 641 1486 714 μαρτυρούντων
1510 641 1697 700 αὐτῶν

117 729 350 783 ἐκείνων
399 730 512 782 τῶν
562 722 683 781 κατ’
725 723 857 792 ὄψιν
906 723 1004 781 τὸν
1040 723 1302 797 Ἰωάννην
1350 726 1693 799 ἑωρακότων,

114 811 206 866 καὶ
237 812 338 867 τοῦ
366 808 534 880 λόγου
568 807 926 874 διδάσκοντος
956 807 1098 881 ἡμᾶς
1139 806 1220 866 ὅτι
1259 809 1288 866 ὁ
1320 808 1556 882 ἀριθμὸς
1597 815 1697 867 τοῦ

77 888 381 966 “ὀνόματος
412 897 508 950 τοῦ
539 900 746 965 θηρίου
776 892 914 949 κατὰ
944 893 1045 966 τὴν
1075 899 1188 950 τῶν
1203 892 1482 966 Ἑλλήνων
1506 898 1697 966 ψῆφον

76 972 207 1034 “διὰ
247 982 363 1035 τῶν
404 981 464 1034 ἐν
503 974 655 1053 αὐτῷ
693 975 1032 1050 γραμμάτων
1075 974 1447 1049 ἐμφαίνεται.”
1509 983 1557 1035 6.
1604 981 1695 1035 καὶ
1718 1003 1759 1036 10

79 1060 435 1132 ὑποκαταβὰς
473 1064 603 1134 περὶ
643 1066 742 1118 τοῦ
786 1059 959 1118 αὐτοῦ
999 1060 1199 1133 φάσκει
1233 1058 1428 1135 “ἡμεῖς
1458 1055 1562 1119 οὖν
1592 1060 1697 1119 οὐκ

0 1178 2 1253 χ
74 1141 628 1219 “ἀποκινδυνεύομεν
658 1147 783 1217 περὶ
806 1151 904 1203 τοῦ
927 1144 1195 1218 ὀνόματος
1218 1152 1317 1203 τοῦ
1341 1145 1696 1220 ἀντιχρίστου

76 1226 551 1304 ((ἀποφαινόμενοι
592 1233 982 1303 βεβαιωτικᾱῖς.
1055 1237 1105 1287 εἰ
1144 1229 1248 1302 γάρ
1291 1237 1404 1288 ἔδει
1444 1228 1695 1303 ἀναφαν-

75 1310 215 1372 “δὸν
245 1319 321 1392 τῷ
353 1322 461 1372 νῦν
491 1319 665 1390 καιρῷ
696 1313 1068 1386 κηρύττεσθαι
1099 1312 1343 1388 τοῦνομα
1375 1313 1580 1386 αὐτοῦ,
1617 1314 1688 1371 δι’

75 1395 330 1457 “ε’κείνου
370 1395 440 1456 ἂν
481 1402 684 1472 ἐρρέθη
722 1405 821 1456 τοῦ
860 1401 953 1455 καὶ
993 1399 1096 1470 τὴν
1136 1397 1492 1464 ἀποκάλυψιν
1523 1402 1694 1473 ἑωρα-
1720 1424 1759 1457 15

78 1479 294 1550 “κότος’
342 1481 477 1541 οὐδὲ
507 1481 612 1556 γάρ
643 1481 748 1554 πρὸ
780 1488 994 1540 πολλοῦ
1024 1481 1228 1556 χρόνου
1261 1484 1515 1554 ἑωράθη,
1556 1480 1695 1540 ἀλλὰ

75 1563 312 1640 ἐσχεδὸν
344 1570 432 1625 ἐπὶ
463 1572 561 1639 τῆς
591 1566 855 1639 ἡμετέρας
885 1572 1108 1639 γενεάς,
1153 1566 1288 1638 πρὸς
1317 1572 1392 1644 τῷ
1424 1570 1568 1623 τέλει
1599 1572 1694 1642 τῆς

75 1647 464 1724 ((Δομετιανοῦ
495 1648 716 1724 ἀρχῆς.”
788 1657 833 1708 7.
877 1655 1048 1708 ταῦτα
1080 1654 1170 1708 καὶ
1202 1654 1328 1723 περὶ
1360 1658 1455 1723 τῆς
1485 1650 1697 1708 ἀποκα-

82 1734 299 1805 λύψεως
332 1735 611 1809 ἱστόρηται
640 1740 715 1812 τῷ
750 1739 1134 1812 δεδηλωμένςο.
1207 1739 1475 1808 μέμνηται
1509 1738 1570 1793 δὲ
1601 1739 1692 1792 καὶ

79 1825 173 1894 τῆς
196 1819 461 1878 Ἰωάννου
503 1820 723 1893 πρώτης
765 1823 1080 1892 ἐπιστολῆς,
1122 1819 1397 1893 μαρτύρια
1442 1824 1494 1888 ἐξ
1526 1819 1693 1892 αὐτῆς
1718 1846 1759 1878 20

81 1914 312 1963 πλεῖστα
355 1908 658 1979 εἰσφέρων,
701 1901 904 1976 ὁμοίως
948 1906 1009 1960 δε
1049 1907 1141 1961 καὶ
1184 1909 1278 1976 τῆς
1308 1909 1529 1977 Πέτρου
1563 1929 1694 1976 προ·

80 1986 385 2062 τέρας.ού
416 1989 590 2063 μόνον
624 1990 683 2046 δε
715 1990 898 2061 οἶδεν,
941 1987 1081 2045 ἀλλά
1113 1991 1204 2046 καὶ
1235 1987 1559 2062 ἀποδέχεται
1592 1989 1694 2060 τὴν

80 2079 180 2131 τοῦ
197 2078 469 2147 Ποιμένος
493 2073 715 2147 γραφὴν
735 2070 935 2174 λέγων
938 2069 1138 2139 καλως
1162 2075 1265 2130 οὐν
1286 2069 1488 2146 εἷπενῆ
1506 2073 1693 2147 γραφὴ

76 2153 147 2260 “η
180 2161 446 2231 λέγουσα,
480 2183 702 2231 πρωτον
731 2157 958 2215 πάντων
989 2166 1291 2216 πίστευσον
1322 2158 1403 2215 ὅτι
1436 2165 1514 2225 εἱς
1547 2161 1695 2214 ἐστὶν

78 2237 143 2299 “ὁ
173 2243 324 2315 θεὸς,
355 2241 386 2300 ὁ
417 2269 458 2300 τι
506 2242 686 2300 πάντα
718 2240 936 2309 κτίσας”
970 2245 1060 2299 καὶ
1090 2267 1156 2299 τα
1188 2247 1323 2314 ἑξῆς.
1390 2248 1436 2299 8.
1471 2245 1562 2299 καὶ
1594 2268 1693 2315 ρη-
1717 2265 1758 2298 25

85 2340 199 2394 τοῖς
246 2332 312 2384 δέ
350 2347 496 2386 τισιν
541 2332 600 2384 ἐκ
644 2332 740 2400 τῆς
780 2332 1113 2401 Σολομῶνος
1155 2335 1372 2400 Σοφίας
1417 2331 1694 2400 κέχρηται,

19 2408 22 2411 Δ
82 2415 380 2484 μονονουχὶ
440 2411 699 2485 φάσκων·
763 2409 951 2485 ὅρασις
1006 2417 1067 2469 δε
1118 2417 1259 2470 θεοῦ
1312 2411 1694 2483 περιποιητικὴ

85 2493 435 2569 ἀφθαρσίας,
489 2495 780 2569 ἀφθαρσία
835 2497 894 2552 δε
947 2495 1109 2567 ἐγγύς
1162 2498 1303 2553 εἶναι
1348 2511 1496 2553 ποιεῖ
1537 2498 1691 2551 θεοῦ.

85 2582 177 2636 καὶ
218 2579 804 2682 ἀπομνημονευμάτων
847 2581 907 2636 δε
948 2579 1319 2638 ἀποστολικου
1352 2580 1499 2645 τινὸς
1530 2597 1694 2649 πρεσ-

42 2673 46 2676 ’
89 2667 344 2737 βυτέρου,
377 2666 443 2722 οὑ
462 2663 706 2738 τοῦνομα
729 2668 911 2739 σιωπῇ
934 2668 1315 2736 παραδέδωκε,
1339 2662 1691 2738 μνημονεύει,
1717 2685 1758 2717 3ο

77 721 108 743 (C

74 805 103 827 Κ

197 2803 226 2841 4
255 2804 375 2844 Iren.
393 2804 446 2851 V,
466 2805 534 2852 30,
556 2805 590 2842 l.
607 2817 650 2856 p
670 2805 935 2844 328.11
969 2803 1086 2845 Iren.
1118 2803 1172 2853 V,
1204 2804 1272 2853 30,
1297 2805 1334 2842 3.
1368 2816 1410 2854 p.
1430 2803 1523 2841 330.
1639 2800 1692 2837 23

86 2855 204 2899 Iren.
222 2859 298 2909 IV,
317 2861 386 2910 20,
404 2861 442 2898 2.
463 2873 505 2911 p.
517 2838 614 2900 253.
674 2862 727 2899 27
748 2860 867 2900 Iren.
885 2860 950 2901 IV
966 2861 1033 2910 38,
1050 2862 1088 2899 3
1109 2872 1152 2911 p
1165 2860 1262 2899 285.
1298 2857 1426 2897 conf.
1450 2858 1554 2906 Sap.
1574 2858 1613 2904 6,
1626 2856 1692 2893 20.
