1986 3152
579 97 735 139 HIST.
769 97 1019 138 EOCLES.
1051 98 1128 140 VI.
1188 99 1270 142 8.9,
1621 95 1723 148 251

250 226 327 274 lx.
382 224 512 290 [Nic.
540 225 598 273 H.
630 224 682 273 E.
714 226 773 281 v,
803 222 875 290 9.]
956 212 1146 271 Πολλὰ
1186 214 1286 286 μὲν
1327 209 1428 271 οὖν
1466 216 1557 270 καὶ
1588 212 1728 271 ἄλλα

113 297 403 370 παράδοξα
442 302 499 354 οἰ
533 303 626 368 τῆς
668 305 956 370 παροικίας
1001 305 1219 354 πολῖται
1261 294 1412 355 ῶσὰν
1453 302 1511 355 ἐκ
1548 321 1727 372 παρα-

43 383 47 387 ’
114 382 323 447 δόσεως
363 385 475 438 τῶν
514 380 649 439 κατα
682 381 948 454 διαδοχὴν
979 379 1239 454 άδελφῶν
1270 385 1369 439 τοῦ
1399 389 1727 454 Ναρκίσσου

119 465 592 540 μνημονεύουσιν,
633 469 694 524 ἐν
723 463 804 532 οἷς
837 468 927 523 καὶ
958 464 1175 523 τοιόνδε
1205 491 1255 522 τι
1285 472 1478 539 θαῦμα
1514 466 1586 524 δι’
1625 465 1729 524 αὖ·

111 555 217 608 τοῦ
258 550 483 623 γεγονὸς
526 555 818 622 ἱστοροῦσι.
903 555 948 606 2.
998 549 1134 607 κατὰ
1173 550 1273 623 τὴν
1312 551 1558 624 μεγάλην
1598 553 1727 608 ποτὲ

118 638 218 692 τοῦ
247 634 428 707 πάσχα
462 635 918 707 διανυκτέρευσιν
947 632 1203 690 τοῦλαιόν
1233 654 1370 715 φασι
1400 650 1513 701 τοῖς
1545 634 1728 693 διακό-

117 743 234 783 νοις
278 721 563 774 ἐπιλιπεῖν.
641 716 726 790 ἐφ’
766 719 808 773 ῶ
849 716 909 774 τὸ
951 740 1063 774 παν
1103 724 1317 790 πλῆθος
1362 723 1547 790 δεινῆς
1583 717 1730 777 ἄθυ-

115 808 244 876 μίας
286 799 658 873 διαλαβούσης
702 801 798 858 τὸν
829 800 1155 874 Νάρκισσον
1196 815 1309 867 τοῖς
1343 800 1409 858 τά
1439 807 1597 875 φῶτα
1628 829 1729 860 πα-

111 883 552 959 ρασκευάζουσιν
585 884 828 953 ἐπιτάξαι
859 883 1014 959 ὕδωρ
1041 882 1419 958 άνιμήσαντας
1454 886 1525 953 ῶς
1558 884 1730 945 αὐτὸν

116 980 447 1044 κομιεῖσθαι.
508 973 556 1026 3.
583 969 782 1027 τούτου
811 970 871 1026 δὲ
896 968 1005 1043 ἅμα
1030 968 1175 1046 λόγῳ
1201 973 1545 1043 πραχθέντος
1570 974 1726 1028 ἐπευ·

111 1054 352 1127 ξάμενον
384 1058 457 1130 τῷ
487 1051 650 1111 ὕδατι
684 1058 863 1128 ἐγχέαι
894 1052 1032 1110 κατά
1062 1058 1176 1111 τῶν
1206 1053 1429 1128 λύχνων
1459 1062 1639 1112 πίστει
1663 1062 1730 1130 τῇ

114 1146 196 1206 εἰς
219 1139 315 1195 τὸν
339 1137 533 1210 κύριον
557 1146 758 1214 γνησία
782 1138 1321 1211 παρακελεύσασθαι.
1377 1139 1731 1211 ποιησάντων

117 1225 179 1280 δὲ
210 1225 300 1279 καὶ
341 1228 503 1280 τοῦτο
544 1221 693 1293 παρὰ
732 1221 911 1280 πάντα
951 1222 1116 1295 λόγον
1158 1223 1392 1295 δυνάμει
1434 1224 1728 1301 παραδόξῳ

118 1310 212 1364 καὶ
253 1314 384 1382 θεία
423 1314 754 1380 μεταβαλεῖν
797 1311 847 1375 ἐξ
888 1305 1090 1374 ὕδατος
1123 1313 1201 1373 εἰς
1244 1311 1433 1364 ἐλαίου
1468 1307 1728 1382 ποιότητα

112 1391 218 1464 τὴν
256 1391 462 1463 φύσιν,
506 1389 655 1464 παρά
693 1414 751 1447 τε
789 1399 1063 1458 πλείστοις
1094 1394 1205 1448 τῶν
1237 1390 1436 1449 αὐτόθι
1467 1389 1729 1466 ἀδελφῶν

119 1478 208 1532 ἐπὶ
240 1474 506 1549 μήκιστον
539 1479 590 1544 ἐξ
625 1479 840 1533 ἐκείνου
873 1478 964 1532 καὶ
990 1482 1066 1542 εἰς
1090 1472 1229 1550 ἡμᾶς
1253 1475 1434 1549 βραχύ
1456 1501 1506 1533 τι
1533 1482 1728 1551 δεῖγμα

113 1566 215 1616 τοῦ
243 1559 365 1616 τότε
395 1558 680 1633 θαύματος
712 1566 1085 1634 φυλαχθῆναι.
1163 1565 1208 1616 4.
1243 1561 1381 1617 ἄλλα
1412 1585 1470 1618 τε
1501 1569 1730 1619 πλεῖστα

114 1646 244 1717 περὶ
284 1647 384 1701 τοῦ
421 1650 550 1716 βίου
590 1648 755 1701 τοῦδε
796 1649 893 1701 τοῦ
931 1641 1132 1718 ἀνδρὸς
1164 1643 1378 1718 μνήμης
1409 1642 1531 1713 ἄξια
1562 1670 1730 1703 κατα-

114 1731 405 1800 λέγουσιν,
452 1732 511 1784 ε’ν
552 1725 634 1794 οἷς
675 1731 767 1784 καὶ
809 1727 1027 1786 τοιόνδε
1065 1754 1131 1786 τι.
1201 1727 1260 1786 τὸ
1295 1727 1524 1786 εὔτονον
1555 1727 1728 1788 αὐτοῦ

116 1814 210 1868 καὶ
251 1810 482 1886 στερρὸν
521 1817 620 1869 τοῦ
665 1819 792 1883 βιόυ
824 1817 1037 1886 φαῦλοί
1061 1838 1205 1879 τινες
1237 1811 1622 1885 ἀνθρωπίσκοι
1652 1814 1726 1887 μὴ

113 1894 231 1953 οἷοί
256 1919 315 1953 τε
345 1899 566 1970 φέρειν,
602 1898 715 1954 δέει
745 1900 846 1954 τοῦ
874 1896 947 1969 μὴ
980 1903 1144 1970 δίκην
1173 1896 1442 1971 ὑποσχεῖν
1472 1893 1727 1970 ἁλόντας,

118 1978 213 2037 διὰ
263 1979 322 2037 τὸ
373 1988 544 2055 μυρία
597 1978 736 2038 κακὰ
782 1983 999 2048 ἑαυτοῖς
1045 1985 1392 2053 συνειδέναι,
1448 1980 1731 2054 συσκευήν

117 2063 237 2122 κατ’
275 2061 448 2122 αὐτοῦ
478 2066 852 2138 προλαβόντες
884 2065 1294 2139 συρράπτουσι,
1338 2073 1435 2123 καί
1460 2091 1583 2123 τινα
1617 2072 1731 2123 δει-

32 2176 41 2182 *
114 2147 224 2221 νὴν
265 2153 629 2223 καταχέουσιν
669 2147 842 2207 αυτοῦ
883 2149 1165 2224 διαβολήν.
1252 2155 1301 2207 5.
1347 2151 1462 2208 εἶτα
1507 2150 1731 2208 πιστού-

115 2257 274 2306 μενοι
314 2232 442 2301 τούς
483 2232 868 2308 ἀκροωμένους
899 2233 1081 2307 ὅρκοις
1114 2239 1411 2308 ἐβεβαίουν
1440 2260 1536 2302 τας
1568 2259 1729 2308 κατη-

118 2323 329 2390 γορίας,
363 2317 512 2375 καὶὸ
542 2343 643 2390 μεν
673 2322 706 2391 ἡ
737 2317 847 2391 μὴν
877 2317 1136 2376 ἀπόλοιτο
1167 2322 1304 2391 πυρὶ
1336 2317 1577 2392 ὤμνυεν,
1609 2316 1637 2377 ὃ
1672 2321 1732 2376 δε

120 2393 156 2472 ἦ
185 2401 295 2474 μὴν
326 2405 491 2478 σκαιᾷ
519 2401 667 2460 νόσω
701 2409 1052 2477 δαπανηθείη
1082 2403 1142 2460 τὸ
1175 2423 1359 2477 σωμα,
1397 2399 1425 2460 ὃ
1460 2405 1522 2460 δε
1551 2411 1732 2477 τρίτος

121 2476 158 2558 ἦ
195 2483 306 2558 μὴν
345 2484 439 2553 τάς
481 2482 703 2557 ὁράσεις
734 2493 1040 2560 πηρωθείη.
1102 2487 1226 2545 ἀλλ’
1261 2487 1386 2546 οὐδ’
1423 2487 1596 2554 οὕτως
1629 2485 1730 2544 αὐ-

122 2583 263 2642 τοῖς,
297 2577 495 2643 καίπερ
527 2569 816 2643 ὀμνύουσι,
848 2574 960 2628 τῶν
994 2576 1205 2629 πιστῶν
1235 2597 1314 2639 τις
1346 2586 1604 2647 προσεῖχε
1634 2573 1732 2629 τὸν

122 2658 292 2725 νοῦν,
337 2652 428 2710 διά
467 2653 567 2728 τὴν
603 2661 680 2722 εἰς
712 2653 919 2721 πάντας
951 2654 1279 2729 λάμπουσαν
1312 2660 1371 2713 ἐκ
1401 2660 1500 2714 τοῦ
1529 2654 1731 2722 παντὸς

126 2737 501 2812 σωφροσύνην
540 2763 597 2797 τε
629 2741 721 2795 καὶ
752 2738 1063 2813 πανάρετον
1094 2739 1319 2813 ἀγωγὴν
1349 2745 1447 2798 τοῦ
1478 2746 1731 2812 Ναρκίσ-

121 2841 239 2879 σου.
302 2828 347 2879 6.
382 2822 547 2892 αὐτός
578 2847 639 2896 γε
673 2822 782 2897 μὴν
823 2822 924 2896 τὴν
963 2829 1074 2881 τῶν
1118 2828 1425 2898 εἰρημένων
1465 2828 1730 2896 μηδαμῶς

1752 580 1772 611 5

1752 1001 1792 1032 10

1755 1421 1793 1452 15

1754 2261 1795 2293 25

1755 2681 1796 2713 30
