1986 3152
276 117 378 169 288
951 117 1197 158 EUSEBH

265 232 469 304 “ἕργον
519 228 928 304 παραθήσομαι.
1011 234 1059 287 3.
1102 229 1404 304 Χαιρήμων
1444 223 1513 303 ἦν
1552 227 1882 304 ὑπεργήρως
1954 284 1957 285 ⁷

266 315 399 388 “τῆς
440 320 652 373 Νείλου
691 315 1033 386 καλουμένης
1074 318 1369 381 ἐπίσκοπος
1414 315 1636 382 πόλεως.
1719 309 1878 383 οὗτος

268 396 383 464 “eds
422 397 482 456 τὸ
509 395 765 471 Ἀραβιον
804 421 928 470 ορος
960 395 1070 471 ἅμα
1100 404 1166 473 τῇ
1197 404 1416 474 συμβίῳ
1447 401 1648 457 ἑαυτοῦ
1680 399 1880 474 φυγῶν

266 480 406 540 εὀὐκ
449 480 895 554 ἐπανελήλυθεν,
938 479 1070 540 οὐδὲ
1111 482 1471 556 ἐδυνήθησαν
1514 488 1657 540 ἰδεῖν
1697 482 1880 542 οὐκέτι

231 564 482 624 5“καίτοι
520 566 694 623 πολλὰ
741 565 1326 647 διερευνησάμενοιόί
1364 568 1598 640 ἀδελφοὶ
1627 565 1754 624 οὔτε
1784 568 1880 625 αὐ-

265 648 427 717 “τους
458 649 584 708 οὔτε
614 649 679 708 τὰ
710 649 947 724 σώματα.
1010 656 1058 709 4.
1100 654 1293 708 πολλοὶ
1327 651 1386 708 δὲ
1417 656 1473 708 οἱ
1499 649 1617 716 κατ’
1656 649 1789 709 αὐτὸ
1819 650 1880 709 τὸ

263 733 655 808 “Ἀραβικὸν’
638 734 763 808 όρος
807 738 1406 810 ἐξανδραποδισθέντες
1437 733 1547 792 ὑπὸ
1580 735 1881 809 βαρβαρων

263 816 681 893 “Σαρακηνῶν,
735 823 792 875 οἱ
832 845 933 894 μεν
983 818 1137 894 μόλις
1191 822 1280 876 ἐπὶ
1332 828 1554 885 πολλοῖς
1607 818 1881 892 χρήμασιν

262 900 721 1007 ἰέλυτρώθησαν,
774 909 831 961 οἱ
881 905 942 962 δε
993 907 1150 1005 μέχρι
1195 906 1287 960 καὶ
1331 908 1436 962 νῦν
1476 903 1737 961 οὐδέπω.
1788 907 1881 962 καὶ

210 1011 250 1041 10
282 986 474 1044 ταῦτα
507 992 803 1061 διεξῆλθον
833 987 900 1046 οὐ
930 1014 1136 1062 ματην,
1174 987 1411 1060 ἀδελφε,
1443 985 1570 1045 ἀλλ’
1602 993 1696 1045 ίνα
1728 993 1880 1063 εἰδῇς

263 1071 402 1128 “ὅσα
433 1075 525 1129 καὶ
555 1071 719 1144 ἡλίκα
752 1071 910 1130 δεινα
941 1072 1071 1146 παρ’
1107 1069 1241 1146 ἡμῖν
1273 1075 1510 1144 συνέβη·
1546 1065 1625 1130 ῶν
1656 1076 1713 1130 οι
1738 1076 1880 1146 μάλ-

265 1153 399 1212 “λον
429 1158 820 1229 πεπειραμένοι
851 1163 1079 1214 πλείονα
1110 1181 1179 1213 αν
1211 1154 1458 1214 εἰδεῖενΫ
1529 1161 1576 1213 5.
1614 1156 1729 1212 ειτα
1758 1157 1880 1214 τού·

268 1263 380 1306 τοις
432 1242 680 1313 ἐπιφέρει
727 1243 862 1313 μετὰ
902 1243 1109 1314 βραχέα
1151 1242 1329 1312 λέγων
1363 1236 1554 1296 “αὖτοὶ
1596 1245 1788 1297 τοίνυν
1828 1245 1885 1299 οἱ

262 1323 444 1381 ’ςθεῖοι
496 1323 769 1398 μάρτυρες
822 1327 952 1396 παρ’
1010 1322 1172 1398 ἡμῖν,
1225 1329 1279 1381 οἱ
1329 1329 1436 1382 νῦν
1487 1327 1584 1381 τοῦ
1638 1329 1879 1396 Χριστοῦ

206 1407 567 1482 15“ποὲρεδροι
624 1411 716 1466 καὶ
767 1413 861 1482 τῆς
913 1416 1196 1482 βασιλείας
1248 1405 1424 1465 αὐτοῦ
1476 1411 1734 1466 κοινωνοὶ
1788 1413 1880 1466 καὶ

214 1507 224 1514 “
260 1491 513 1566 “μέτοχοι
542 1496 636 1565 τῆς
668 1499 899 1566 κρίσεως
930 1491 1102 1551 αὐτοῦ
1131 1495 1223 1550 καὶ
1255 1490 1675 1562 συνδικάζοντες
1707 1490 1876 1571 αὐτῷ,

264 1576 410 1634 “miv
459 1576 979 1650 παραπεπτωκότων
1019 1577 1283 1649 ἀδελφῶν
1322 1575 1474 1643 τινας
1516 1576 1880 1644 ὑπευθύνους

261 1659 413 1728 “τοῑ’ς
462 1668 573 1719 τῶν
620 1666 841 1720 θυσιῶν
893 1661 1193 1735 ἐγκλήμασι
1236 1662 1568 1734 γενομένους
1608 1661 1881 1735 προσελά-

264 1744 494 1818 “βοντο,
546 1749 638 1802 καὶ
687 1746 791 1819 τὴν
841 1745 1181 1820 ἐπιστροφὴν
1221 1748 1313 1803 καὶ
1356 1744 1651 1819 μετάνοιαν
1693 1746 1878 1804 αὐτῶν

208 1850 249 1881 20
265 1827 294 1850 “
307 1829 535 1902 ἰδόντες,
570 1830 771 1903 δεκτήν
799 1855 858 1889 τε
887 1834 1152 1904 γενέσθαι
1185 1833 1504 1903 δυναμένην
1533 1833 1612 1906 τῷ
1640 1830 1713 1903 μὴ
1745 1837 1876 1902 βου-

262 1912 514 1992 “λομένςο
565 1914 812 1974 καθόλου
861 1914 957 1973 τὸν
1007 1914 1255 1974 θάνατον
1295 1920 1395 1972 τοῦ
1437 1913 1764 1988 ἁμαρτωλοῦ
1805 1913 1879 1981 ῶς

264 1996 402 2100 εἶτὴν
432 2022 731 2071 μετανοιαν
764 1998 1180 2073 δοκιμασαντες,
1214 2001 1556 2067 εἰσεδέξαντο
1588 2001 1678 2056 καὶ
1711 1998 1880 2072 συνή-

263 2080 475 2185 Σῖγαγον
513 2085 604 2139 καὶ
644 2085 1018 2155 συνέστησαν,
1061 2087 1154 2141 καὶ
1195 2089 1521 2157 προσευχῶν
1560 2080 1746 2150 αὐτοῖς
1787 2086 1880 2141 καὶ

263 2163 602 2223 “ἑστιασεων
643 2165 1034 2239 ἐκοινώνησαν.
1096 2173 1143 2223 6.
1185 2174 1242 2224 τί
1276 2169 1382 2224 οὐν
1421 2167 1582 2239 ἡμῖν,
1625 2165 1878 2240 ἀδελφοὶ,

208 2249 276 2299 25
279 2247 427 2322 ’περι
456 2249 667 2307 τούτων
698 2251 1134 2324 συμβουλεύετε;
1167 2257 1225 2308 τί
1249 2250 1382 2323 ἡιιιν
1413 2252 1711 2324 πρακτέον,
1743 2250 1878 2325 σύμ-

262 2329 477 2405 “ψηφοι
508 2337 599 2390 καὶ
621 2331 1005 2408 ὁμογνώμονες
1037 2333 1222 2401 αὐτοῖς
1252 2341 1626 2408 καταστῶμεν,
1657 2339 1749 2394 καὶ
1778 2333 1879 2410 τὴν

261 2416 486 2489 “κρίσιν
527 2415 713 2476 αὐτῶν
752 2421 844 2476 καὶ
883 2418 984 2491 τὴν
1024 2418 1185 2493 χάριν
1226 2420 1586 2492 φυλάξωμεν,
1635 2423 1727 2478 καὶ
1765 2434 1878 2487 τοῖς

262 2498 614 2573 Ηε’λεηθεΐσιν
642 2499 740 2560 ὑπ’
775 2501 960 2561 αὐτῶν
990 2502 1478 2577 χρηστευσώμεθα,
1511 2499 1668 2577 ἢτὴν
1691 2511 1878 2576 κρίσιν

263 2583 486 2643 “αὐτῶν
527 2585 722 2644 ἄδικον
763 2587 1151 2662 ποιησώμεθα,
1192 2591 1286 2646 καὶ
1317 2587 1645 2661 δοκιμαστὰς
1676 2585 1877 2654 αὐτούς

207 2666 396 2742 30“τῆς
429 2673 659 2729 ἐκείνων
689 2671 909 2745 γνώμης
943 2673 1347 2746 ἐπιστήσωμεν,
1389 2675 1481 2730 καὶ
1509 2671 1610 2745 τὴν
1640 2671 1875 2746 χρηστό-

265 2750 434 2825 “ww
474 2754 838 2829 λυπήσωμεν,
880 2759 973 2813 καὶ
1011 2756 1112 2830 τὴν
1153 2757 1307 2825 τάξιν
1347 2753 1873 2830 ἆνασκευάσωμεν;”

270 2841 440 2896 ταῦτα
474 2840 533 2896 δὲ
565 2839 786 2906 εἰκότως
815 2837 843 2897 ὁ
868 2843 1164 2908 Διονύσιος
1188 2843 1601 2916 παρατέθειται,
1632 2839 1728 2900 τὸν
1751 2843 1877 2911 περὶ
