2032 3174
318 120 388 172 62
993 118 1244 160 EUSEBII

315 235 702 294 ἐπακούσαντα
735 232 1212 307 ἐκπλαγήσεσθαι,
1256 235 1347 290 καὶ
1390 233 1527 291 κατά
1565 259 1618 292 τι
1658 232 1790 310 παρ’
1825 233 1933 293 αὗ-
2018 282 2022 284 -

315 334 428 389 τοῖς
459 319 646 392 λόγιον
677 327 960 392 ἔγγραφον
998 315 1516 391 θαμβωθήσεσθαι,
1558 317 1814 393 θάμβους
1856 319 1936 387 ὡς

314 404 539 478 ἀληθῶς
580 406 672 461 καὶ
712 407 939 476 φρενῶν
979 401 1285 468 ἐκστάσεως
1325 404 1417 459 καὶ
1469 412 1669 475 μανίας
1722 412 1931 478 ἔμπλεα

313 488 591 563 τυγχάνει,
623 492 848 544 τοιαῦτα
872 484 1023 560 ὄντα,
1058 483 1130 554 ὦς
1153 487 1226 560 μὴ
1252 485 1426 560 μόνον
1450 485 1523 561 μὴ
1552 488 1763 546 δυνατά
1788 489 1932 547 εἶναι

271 599 290 631 5
315 579 709 647 παραδοθῆναι
740 576 956 647 γραφῇ,
999 569 1121 628 ἀλλ’
1156 570 1288 630 οὐδὲ
1319 578 1562 645 χείλεσιν
1594 571 1728 629 αὐτὸ
1759 571 1933 645 μόνον

315 657 387 715 δι’
424 656 746 732 ὑπερβολὴν
777 663 1167 730 αἰσχρουργίας
1198 681 1256 714 τε
1287 659 1379 713 καὶ
1410 653 1799 731 ἀρρητοποιίας
1829 655 1930 715 ἀν-

316 741 480 816 δράσι
522 741 771 815 σώφροσι
812 744 1142 814 λαληθῆναι.
1206 746 1251 798 8.
1286 738 1316 797 ὅ
1346 765 1397 798 τι
1436 742 1566 799 ποτὲ
1605 741 1710 817 γάρ
1743 738 1813 799 άν
1846 751 1933 815 εἴη

314 824 346 899 ἢ
381 831 705 899 ἐπινοηθείη
737 825 940 893 παντὸς
972 830 1203 900 αἰσχροῦ
1233 849 1595 899 μιαρωτερον,
1627 830 1787 883 τοῦτο
1819 830 1934 883 πᾶν

311 910 748 984 ὑπερηκόντισεν
799 909 833 983 ἡ
886 913 1066 968 τῶνδε
1116 909 1480 984 μυσαρωτάτη
1523 915 1763 983 αιρεσις,
1812 923 1934 977 ταῖς

252 1020 292 1051 10
316 991 541 1062 ἀθλίαις
583 998 674 1053 καὶ
717 1004 998 1053 παντοίων
1039 990 1111 1061 ὡς
1152 991 1376 1067 ἀληθῶς
1422 1001 1609 1052 κακῶν
1651 1013 1932 1069 σεσωρευ-

314 1083 506 1153 μέναις
538 1082 794 1152 γυναιξὶν
829 1078 1353 1151 ἐγκαταπαιζόντων.

442 1175 562 1224 XIV.
619 1175 746 1240 [Nic.
777 1176 833 1223 H.
864 1175 917 1223 E.
947 1175 1006 1231 ΙΙ,
1040 1172 1147 1241 14]
1209 1162 1487 1221 Τοιούτων
1511 1168 1698 1220 κακῶν
1721 1164 1933 1237 πατέρα

315 1250 406 1304 καὶ
462 1247 798 1320 δημιουργὸν
850 1246 947 1304 τὸν
997 1255 1231 1320 Σίμωνα
1293 1246 1411 1304 κατ’
1473 1251 1650 1305 ἐκεῖνο
1713 1251 1932 1320 καιροῦ,

316 1328 555 1405 ὡσπερεὶ
577 1334 752 1404 μέγαν
767 1334 857 1388 καὶ
880 1331 1135 1405 μεγάλων
1151 1329 1457 1389 ἀντίπαλον
1480 1335 1591 1389 τῶν
1614 1338 1936 1390 θεσπεσίων

251 1439 292 1472 15
315 1420 414 1474 τοῦ
444 1421 689 1490 σωτῆρος
729 1412 887 1489 ἡμῶν
918 1415 1271 1487 ἀποστόλων,
1312 1416 1345 1488 ἡ
1378 1415 1675 1490 μισόκαλος
1716 1418 1808 1473 καὶ
1838 1420 1935 1489 τῆς

315 1499 639 1575 ἀνθρώπων
664 1503 959 1574 ἐπίβουλος
984 1508 1257 1574 σωτηρίας
1282 1500 1497 1574 πονηρά
1516 1499 1748 1575 δύναμις
1763 1523 1934 1574 πρου-

316 1584 567 1658 στήσατο.
640 1591 687 1642 2.
722 1582 868 1658 ὅμως
913 1583 964 1642 δ’
1010 1577 1113 1643 οὖν
1151 1584 1185 1658 ἡ
1227 1591 1357 1643 θεία
1389 1587 1480 1642 καὶ
1524 1584 1935 1657 ὑπερουράνιος

315 1668 500 1742 χάρις,
531 1683 645 1736 τοῖς
677 1666 847 1742 αὐτῆς
879 1671 1252 1742 συναιρομένη
1284 1668 1591 1741 διακόνοις,
1625 1666 1702 1726 δι’
1738 1672 1933 1742 ἐπιφα

316 1760 468 1821 νείας
500 1778 686 1810 αυτων
703 1755 794 1810 καὶ
826 1759 1133 1825 παρουσίας
1157 1751 1546 1826 ἀναπτομένην
1561 1758 1660 1811 τοῦ
1684 1759 1935 1827 πονηροῦ

253 1861 294 1893 20
316 1836 417 1910 τὴν
459 1837 640 1911 φλόγα
682 1830 718 1912 ᾗ
747 1836 908 1910 τάχος
952 1840 1215 1910 ἐσβέννυ,
1262 1843 1600 1895 ταπεινοῦσα
1635 1836 1707 1894 δι’
1746 1837 1935 1896 αὐτων

317 1925 409 1979 καὶ
451 1925 801 1997 καθαιροῦσα
842 1944 954 1979 παν
994 1922 1199 1994 ὕψωμα
1243 1921 1607 1995 ἐπαιρόμενον
1659 1922 1796 1980 κατά
1836 1927 1934 1995 τῆς

317 2004 575 2078 γνώσεως
613 2010 713 2064 τοῦ
752 2012 907 2064 θεοῦ.
990 2011 1037 2063 3.
1085 2004 1169 2063 διὸ
1211 2006 1279 2078 δὴ
1326 2004 1456 2064 οὔτε
1500 2014 1759 2079 Σίμωνος
1810 2004 1929 2065 οὔτ’

317 2089 489 2148 ἄλλου
519 2115 618 2147 του
648 2094 760 2148 τῶν
790 2089 911 2148 τότε
941 2093 1198 2162 φυέντων
1222 2090 1577 2164 συγκρότημά
1599 2116 1651 2148 τι
1683 2089 1802 2149 κατ’
1836 2089 1934 2149 αὖ·

318 2174 446 2241 τοὺς
501 2178 744 2241 ἐκείνους
795 2173 926 2241 τούς
972 2173 1368 2241 ἀποστολικοὺς
1419 2172 1630 2248 ὑπέστη
1682 2175 1930 2250 χρόνους.
1975 2243 1994 2258 ⁹

255 2282 296 2314 25
317 2255 622 2331 ὑπερενίκα
666 2259 771 2332 γάρ
815 2283 898 2316 τοι
944 2262 1035 2316 καὶ
1078 2259 1417 2333 ὑπερίσχυεν
1469 2258 1685 2317 ἅπαντα
1737 2261 1796 2318 τὸ
1838 2264 1934 2334 τῆς

318 2340 586 2416 ἀληθείας
617 2347 847 2416 φέγγος,
880 2341 911 2400 ὅ
939 2367 998 2400 τε
1029 2342 1187 2417 λόγος
1209 2341 1371 2412 αὐτὸς
1401 2343 1429 2402 ὅ
1461 2355 1615 2412 θεῖος
1646 2344 1770 2419 ἄρτι
1799 2343 1934 2404 θεό-

318 2438 426 2486 θεν
449 2425 769 2501 άνθρεόποις
796 2427 1122 2500 ἐπιλάμψας,
1149 2426 1313 2496 αὐτός
1334 2454 1391 2487 τε
1417 2432 1505 2486 ἐπὶ
1538 2434 1638 2502 γῆς
1677 2428 1933 2504 ἀκμάζων
2010 2458 2015 2463 ·

319 2514 410 2569 καὶ
435 2527 548 2579 τοῖς
575 2519 734 2579 ἰδίοις
759 2510 1084 2580 ἀποστόλοις
1109 2513 1613 2588 ἐμπολιτευόμενος.
1654 2520 1702 2572 4.
1731 2514 1933 2572 αὐτίκα

317 2593 346 2654 ὁ
390 2600 665 2670 δηλωθεὶς
704 2597 833 2671 γόης
885 2596 1072 2671 ὥσπερ
1112 2594 1220 2655 ὑπὸ
1263 2605 1424 2665 θείας
1475 2601 1566 2656 καὶ
1614 2598 1935 2672 παραδόξου

256 2705 296 2736 30
319 2687 684 2757 μαρμαρυγῆς
724 2683 790 2740 τὰ
832 2687 927 2755 τῆς
970 2688 1219 2749 διανοίας
1271 2687 1500 2757 πληγεὶς
1551 2682 1793 2757 ὄμματα,
1841 2681 1932 2741 ὅτε
1980 2722 1993 2726 -«

319 2766 588 2841 πρότερον
620 2770 707 2824 ἐπὶ
731 2771 824 2840 τῆς
845 2765 1112 2834 Ἰουδαίας
1139 2766 1225 2840 ἐφ’
1256 2765 1337 2835 οἷς
1365 2767 1772 2841 ἐπονηρεύσατο
1796 2766 1932 2841 πρὸς

318 2855 414 2909 τοῦ
455 2849 764 2910 ἀποστόλου
805 2854 1024 2927 Πέτρου
1070 2851 1468 2927 κατεφωράθη,
1523 2860 1786 2927 μεγίστην
1836 2853 1930 2909 καὶ
1987 2869 2000 2878 “
