1986 3152
637 106 796 148 HIST.
826 104 1076 150 ECCLES.
1107 106 1187 148 lx.
1210 107 1250 150 8.
1643 105 1747 158 431

141 223 259 295 ρῶν
299 221 794 295 προεληλύθεσαν,
834 227 932 294 τῆς
972 221 1140 278 πάλαι
1180 225 1505 294 ἐλευθερίου
1537 228 1748 297 τροφῆς

136 301 454 378 ὑπόδειγμα
496 305 588 363 διά
632 313 730 378 τῆς
773 307 901 379 περὶ
948 306 1009 363 τὸ
1063 306 1365 380 πρόσωπον
1416 311 1613 374 αἰδοῦς
1654 309 1747 364 καὶ

137 394 233 462 τῆς
265 389 408 462 ἀμφὶ
437 390 540 462 τὴν
580 390 880 463 περιβολὴν
921 389 1276 463 κοσμιότητος
1307 386 1745 464 ῦποφαίνουσαι.

139 479 187 530 8.
232 475 325 530 καὶ
356 479 414 531 οἰ
438 475 544 547 μὲν
567 473 972 546 ἀπεσκληκότες
998 474 1183 548 ῶσπερ
1208 479 1412 532 εἴδωλα
1433 475 1604 550 νεκρά
1637 470 1746 532 ῶδε

137 554 362 615 κάκεῖσε
402 564 920 631 ψυχορραγοῦντες,
967 559 1309 632 ἐνσειόμενοί
1342 582 1400 616 τε
1430 560 1522 616 καὶ
1553 581 1743 632 περιο-

139 648 528 709 λισθαίνοντες
552 641 655 699 ὑπ’
690 642 1005 713 ἀδυναμίας
1029 648 1132 699 τοῦ
1158 648 1382 715 στῆναι,
1414 647 1746 701 κατέπιπτον

138 729 198 784 ἐν
248 728 438 799 μέσαις
489 739 611 793 ταῖς
663 734 982 798 πλατείαις,
1037 740 1266 798 πρηνεῖς
1320 726 1374 783 δ’
1429 723 1747 801 ἡπλωμένοι

137 810 324 882 ὀρέξαι
366 818 523 884 σφίσι
559 810 762 884 μικρὸν
804 810 1015 882 τρύφος
1068 811 1240 883 ἄρτου
1290 810 1744 883 κατηντιβόλουν,

137 897 230 950 καὶ
281 895 383 967 τὴν
436 893 625 966 ψυχὴν
677 894 814 967 πρὸς
863 894 1111 966 ἐσχάταις
1165 900 1383 966 ἔχοντες
1436 894 1745 962 ἀναπνοαῖς

135 982 336 1051 πεινῆν
370 977 650 1051 ἐπεβόων,
692 978 832 1052 πρὸς
873 978 1052 1051 μόνην
1090 978 1299 1051 ταύτην
1329 978 1432 1051 τὴν
1463 977 1742 1053 ὀδυνηρο-

133 1062 304 1136 τάτην
334 1062 535 1136 φωνὴν
566 1061 860 1128 εῦσθενεῖς
893 1063 1312 1136 καθιστάμενοι·
1374 1068 1422 1119 9.
1465 1067 1523 1120 οἰ
1550 1063 1613 1120 δὲ
1642 1063 1745 1136 τὴν

134 1147 366 1220 πληθύν
405 1152 520 1203 τῶν
551 1146 861 1204 αἰτούντων
891 1145 1424 1220 καταπληττόμενοι,
1471 1147 1592 1204 ὅσοι
1631 1153 1744 1204 τῶν

136 1230 538 1307 εὐπορωτέρων
579 1229 816 1288 ἐδόκουν
858 1231 1031 1303 εἶναι,
1074 1231 1208 1305 μετὰ
1249 1231 1310 1287 τὸ
1351 1237 1528 1305 μυρία
1559 1253 1743 1306 παρα-

133 1329 291 1389 σχεῖν
333 1322 412 1383 εἰς
454 1315 638 1387 ἀπηνῆ
681 1314 876 1372 λοιπὸν
917 1317 1011 1372 καὶ
1042 1315 1309 1388 ἄτεγκτον
1341 1316 1589 1390 ἔχω’ρουν
1619 1316 1743 1372 διά-

1767 585 1788 617 5

1768 1006 1807 1036 10

131 1409 324 1471 θεσιν,
366 1400 433 1456 τὰ
475 1399 618 1456 αὐτοὶ
659 1413 774 1466 τοῖς
807 1406 1062 1458 αἰτοῦσιν
1094 1400 1229 1457 ὅσον
1260 1399 1421 1456 οῦπω
1451 1401 1546 1456 καὶ
1577 1398 1740 1457 αὐτοὶ
1763 1423 1806 1455 15

133 1491 428 1543 πείσεσθαι
457 1489 909 1559 προσδοκῶντες,
944 1483 1076 1542 ὥστ’
1103 1484 1212 1556 ἤδη
1238 1483 1376 1540 κατὰ
1400 1485 1572 1557 μέσας
1603 1482 1742 1555 ἀγο-

133 1570 233 1644 ράς
284 1571 378 1626 καὶ
418 1569 740 1636 στενωπούς
790 1569 963 1642 νεκρά
1015 1571 1108 1625 καὶ
1149 1568 1337 1641 γυμνοὶ
1381 1569 1605 1642 στόματα
1648 1567 1735 1641 ἐφ’

130 1650 360 1728 ἡμέραις
384 1660 640 1711 πλείοσιν
670 1653 856 1726 ἄταφα
886 1654 1244 1728 διερριμμένα
1266 1653 1410 1709 θέαν
1439 1666 1558 1718 τοῖς
1591 1648 1740 1727 ὁρῶ-

133 1757 223 1796 σιν
265 1739 628 1813 οἰκτροτάτην
667 1739 1022 1812 παρέχεσθαι.
1107 1741 1190 1794 10.
1238 1736 1347 1810 ἤδη
1398 1738 1467 1808 γέ
1513 1760 1595 1794 τοι
1647 1740 1740 1793 καὶ

130 1829 324 1880 κυνῶν
351 1823 494 1889 τινὲς
538 1825 790 1894 ἐγίνοντο
820 1822 992 1896 βοροὶ,
1048 1819 1120 1879 δι’
1165 1820 1238 1894 ἣν
1277 1822 1513 1895 μάλιστα
1554 1828 1740 1878 αἰτίαν

133 1912 190 1964 οἰ
216 1913 412 1976 ζῶντες
446 1908 537 1963 ἐπὶ
578 1904 680 1980 την
709 1913 1082 1964 κυνοκτονίαν
1115 1906 1447 1980 ἐτράποντο,
1488 1906 1599 1962 δέει
1636 1911 1739 1963 τοῦ

128 1992 203 2065 μὴ
223 1989 614 2063 λυσσήσαντας
626 1990 1121 2093 ἀνθρωποφαγίαν
1139 1991 1499 2064 ἐργάσασθαι.
1535 1995 1615 2046 11.
1636 1988 1739 2063 οὐχ

128 2076 326 2149 ἥκιστα
370 2077 431 2133 δε
477 2078 571 2132 καὶ
612 2071 641 2133 ὁ
685 2076 876 2149 λοιμὸς
929 2077 1139 2142 πάντας
1179 2085 1369 2141 οἴκους
1411 2076 1505 2131 καὶ
1543 2074 1739 2146 γενεάς

133 2160 494 2234 ἐπεβόσκετο,
527 2160 762 2262 μάλιστα
794 2159 848 2216 δ’
884 2159 984 2227 οὓς
1016 2156 1044 2217 ὁ
1079 2160 1237 2233 λιμὸς
1270 2158 1362 2216 διά
1386 2159 1447 2215 τὸ
1475 2155 1740 2233 εὐπορεῖν

128 2250 354 2319 τροφῶν
403 2269 508 2347 ουχ
551 2242 668 2311 οἷός
706 2269 764 2301 τε
804 2239 877 2317 ἦν
921 2248 1190 2319 ἐκτρῖψαι.
1258 2249 1316 2300 οἰ
1352 2248 1494 2315 γοῦν
1537 2246 1596 2301 ἐν
1636 2265 1738 2301 πε-

131 2336 431 2403 ριουσίαις,
475 2329 738 2402 ἄρχοντες
769 2331 864 2386 καὶ
892 2325 1161 2403 ἡγεμόνες
1191 2330 1285 2384 καὶ
1314 2333 1505 2401 μυρίοι
1533 2333 1647 2385 τῶν
1679 2331 1739 2385 ἐν

129 2414 300 2485 τέλει,
344 2413 532 2487 ῶσπερ
574 2416 826 2485 ἐπίτηδες
868 2419 936 2488 τῇ
978 2412 1240 2487 λοιμώδει
1280 2411 1432 2470 νόσω
1468 2412 1607 2486 πρὸς
1637 2418 1738 2468 τοῦ

129 2503 293 2572 λιμοῦ
324 2499 831 2571 καταλελειμμένοι,
863 2496 1051 2565 ὀξεῖαν
1080 2498 1174 2553 καὶ
1206 2495 1494 2570 ῶκυτάτην
1524 2496 1726 2569 υπέμε-

83 2615 86 2618 ’
127 2606 230 2640 νον
260 2582 552 2654 τελευτήν
597 2579 779 2638 πάντα
821 2581 873 2637 δ’
908 2585 1015 2638 οὐν
1056 2586 1315 2655 οἰμωγῶν
1354 2585 1426 2654 ἠν
1468 2579 1734 2651 ἀνάπλεα,

131 2667 267 2724 κατά
301 2666 512 2733 πάντας
542 2690 601 2723 τε
632 2685 985 2738 στενωπους,
1028 2664 1235 2739 ἀγοράς
1265 2689 1323 2723 τε
1352 2668 1445 2722 καὶ
1476 2671 1734 2730 πλατειας
1757 2686 1776 2717 3

128 2748 256 2808 οὐδ’
297 2746 370 2825 ἦν
401 2749 535 2808 ἄλλο
565 2775 615 2807 τι
643 2760 884 2824 θεωρεῖν
921 2749 956 2824 ἢ
987 2749 1238 2824 θρήνους
1267 2749 1405 2824 μετὰ
1446 2755 1560 2807 τῶν
1590 2768 1733 2805 συν-

127 2835 289 2908 η’θων
328 2835 519 2903 αὐτοῖς
559 2833 753 2893 αὐλῶν
791 2859 850 2892 τε
891 2836 986 2892 καὶ
1021 2833 1270 2892 κτύπων.
1374 2839 1454 2892 12.
1530 2837 1733 2889 τοῦτον

1763 1845 1804 1878 20

1762 2265 1803 2297 25
