1986 3152
555 110 713 152 HtsT.
744 108 994 154 EGCLES.
1029 110 1152 151 vm.
1178 111 1242 152 14.
1465 117 1470 121 ·
1595 107 1700 160 375

89 248 153 283 τε
183 226 276 281 καὶ
306 223 606 292 ἀκολασίας
638 224 887 297 ε’νάγων,
933 223 1211 298 ἡγεμόνας
1244 225 1306 282 δὲ
1336 227 1428 281 καὶ
1461 243 1699 298 στρατο-

93 309 375 382 πεδάρχας
408 308 484 366 δι’
519 307 792 384 ἁρπαγῶν
834 310 927 366 καὶ
971 312 1290 378 πλεονεξίας
1321 322 1526 382 χωρεῖν
1556 309 1696 366 κατὰ

91 399 209 450 τῶν
248 390 551 465 ὑπηκόων,
605 394 909 466 μονονουχὶ
950 399 1480 465 συντυραννοῦντας
1522 390 1698 470 αὐτῷ,

90 477 564 550 προκαλούμενος.
641 482 723 534 12.
780 501 832 534 τι
875 482 966 534 δεῖ
1005 501 1103 543 τας
1145 480 1415 550 ἐμπαθεῖς
1456 475 1701 550 τάνδρὸς

88 567 493 634 αἰσχρουργίας
514 561 916 634 μνημονεύειν·
903 606 917 630 ,
941 560 976 634 ἢ
1000 585 1115 618 των
1140 561 1280 635 πρὸς
1303 560 1479 618 αὐτοῦ
1504 579 1742 635 μεμοι-5

90 648 383 718 χευμένων
406 644 852 719 άπαριθμεῖσθαι
874 645 977 718 τὴν
1002 645 1264 717 πληθύν;
1296 643 1403 702 οὐκ
1425 641 1498 718 ἦν
1528 647 1596 717 γε’
1621 669 1703 702 τοι

90 729 260 786 πόλιν
299 729 478 786 αὐτὸν
517 737 852 802 παρελθεῖν,
898 729 974 801 μὴ
1021 727 1150 801 οὐχὶ
1193 732 1254 785 ἐκ
1299 729 1506 796 παντὸς
1549 738 1700 801 φθο-

91 813 197 887 ρὰς
236 819 522 886 γυναικῶν
577 815 881 886 παρθένων
921 835 981 869 τε
1021 811 1276 884 ἁρπαγὰς
1317 815 1701 886 εἰργασμένον.

99 902 178 953 13.
226 920 364 954 κατα
395 896 624 953 πάντων
654 899 724 967 γε’
747 920 829 953 τοι
859 894 1014 973 αὐτῷ
1045 901 1220 953 ταῦτα
1251 918 1592 970 προυχωρει,
1624 897 1698 969 μὴ

88 981 176 1038 ότι
204 981 396 1082 μόνων
427 983 806 1051 Χριστιανων,
852 989 913 1038 οἳ
947 980 1203 1038 θανάτου
1233 980 1699 1053 καταφρονήσαν-
1727 1000 1766 1031 10

86 1088 182 1131 τες
213 1061 349 1138 παρ’
383 1063 557 1122 ούδεν
596 1064 771 1123 αὐτοῦ
798 1064 904 1138 τήν
944 1062 1221 1136 τοσαύτην
1262 1071 1460 1122 ἔθεντο
1490 1089 1702 1137 τυραν-

91 1155 243 1206 νίδα.
305 1154 362 1206 oc
388 1173 492 1222 μεν
523 1173 628 1223 γαρ
661 1146 862 1222 ἄνδρες
902 1147 1238 1215 ανατλάντες
1269 1155 1384 1220 πῦρ
1415 1151 1508 1205 καὶ
1540 1153 1702 1220 σίδη-

89 1257 198 1305 ρον
214 1235 308 1290 καὶ
334 1233 728 1307 προσηλώσεις,
755 1234 939 1306 θῆράς
964 1257 1022 1291 τε
1039 1230 1273 1305 άγρίους
1301 1235 1395 1290 καὶ
1420 1233 1704 1304 θαλάττης

91 1317 348 1389 βυθούς,
391 1314 670 1390 ἆποτομάς
700 1341 758 1375 τε
786 1325 975 1391 μελῶν
1004 1319 1098 1375 καὶ
1127 1322 1437 1391 καυτῆρας,
1468 1318 1562 1373 καὶ
1593 1315 1703 1388 ὀφ-

87 1407 331 1475 θαλμῶν
362 1402 639 1475 κεντήσεις
668 1425 727 1458 τε
757 1403 850 1459 καὶ
882 1401 1188 1475 ἐξορύξεις,
1230 1403 1324 1466 καὶ
1354 1406 1455 1458 τοῦ
1488 1400 1700 1466 παντὸς
1723 1417 1766 1449 15

91 1486 349 1559 σώματος
380 1484 902 1559 άκρωτηριασμοῦς,
950 1485 1111 1559 λιμόν
1155 1509 1213 1542 τε
1246 1487 1337 1543 ἐπὶ
1365 1485 1579 1551 τούτοις
1609 1486 1703 1541 καὶ

89 1571 338 1644 ,μέταλλα
388 1572 482 1627 καὶ
537 1570 743 1643 δεσμοὶ,
798 1571 888 1628 ἐπὶ
937 1571 1164 1627 πάντων
1220 1573 1435 1643 μᾶλλον
1482 1568 1704 1642 ὑπομο-

95 1655 204 1727 νὴν
254 1654 355 1727 τὴν
407 1650 556 1727 ὑπὲρ
609 1653 896 1727 εὐσεβείας
943 1657 1287 1722 ἐνεδείξαντο
1338 1652 1373 1726 ἢ
1419 1652 1481 1710 τὸ
1537 1654 1704 1723 σέβας

89 1739 158 1795 τὰ
201 1745 280 1805 εἰς
321 1739 464 1796 θεὸν
498 1739 748 1806 εἰδώλοις
787 1736 1337 1810 άντικατηλλάξαντο.
1416 1740 1495 1794 14.
1553 1741 1616 1793 αἱ
1642 1736 1701 1793 δ’

90 1816 170 1879 αὖ
213 1837 479 1894 γυναῖκες
520 1822 622 1896 οὐχ
664 1818 830 1896 ἧττον
874 1829 989 1880 τῶν
1035 1821 1264 1895 ἀνδρῶν
1303 1818 1417 1879 ὑπὸ
1460 1825 1558 1893 τῆς
1600 1827 1699 1877 τοῦ
1724 1837 1767 1868 20

89 1912 260 1964 θείου
292 1907 462 1979 λόγου
495 1912 855 1974 διδασκαλίας
894 1906 1308 1981 ἦρρενωμέναι,
1352 1909 1415 1962 αἱ
1439 1905 1543 1978 μὲν
1572 1904 1705 1971 τούς

93 1990 310 2058 αὐτούς
361 2004 477 2058 τοῖς
518 1990 790 2066 ἀνδράσιν
831 1990 1054 2063 ἀγῶνας
1097 1990 1410 2048 ὑποστάσαι
1463 1999 1556 2046 ἴσα
1607 1994 1705 2059 τῆς

92 2075 297 2148 ἀρετῆς
350 2074 736 2148 ἀπηνέγκαντο
787 2082 1055 2149 βραβεῖα,
1116 2080 1179 2132 αἱ
1227 2076 1290 2132 δὲ
1344 2075 1433 2131 ἐπὶ
1478 2072 1707 2145 φθοράν

96 2159 391 2233 ἑλκόμεναι
418 2165 628 2217 θᾶττον
657 2159 765 2233 τῂν
795 2157 985 2233 ψυχὴν
1020 2160 1248 2236 θανάτῳ
1289 2157 1322 2231 ἢ
1361 2157 1422 2215 τὸ
1447 2162 1605 2229 σῶμα
1635 2160 1704 2230 τῇ

91 2250 291 2319 φθορᾷ
337 2245 779 2318 παραδεδώκασι.
866 2248 947 2302 15.
991 2244 1134 2317 μόνη
1176 2249 1320 2315 γοῦν
1361 2247 1476 2299 τῶν
1519 2238 1706 2298 ἄλλων
1727 2257 1771 2290 25

91 2322 213 2384 ὑπὸ
254 2333 355 2385 τοῦ
406 2329 688 2401 τυράννου
741 2332 1190 2402 μεμοιχευμένων
1235 2325 1539 2400 Χριστιανὴ
1595 2330 1708 2382 τῶν

95 2409 188 2468 ἐπ’
230 2410 648 2485 Ἀλεξανδρείας
701 2413 1067 2486 ἐπισημοτάτη
1118 2436 1175 2469 τε
1214 2413 1308 2468 καὶ
1351 2410 1707 2484 λαμπροτάτη

98 2495 206 2568 τῂν
248 2499 473 2568 ἐμπαθῆ
513 2497 606 2552 καὶ
663 2495 971 2553 ἀκόλαστον
1024 2499 1346 2568 Μαξιμίνου
1393 2493 1582 2567 ψυχὴν
1625 2490 1701 2549 δι’

93 2579 494 2654 ἆνδρειοτάτου
540 2579 965 2653 παραστήματος
995 2578 1497 2653 ὑπερεξενίκησεν,
1544 2582 1707 2634 ἔνδο-

218 2860 268 2898 12
300 2859 467 2899 Euseb.
490 2857 634 2899 Laud.
659 2857 812 2899 Const.
843 2871 882 2898 c.
907 2857 946 2898 7.
