<?xml version="1.0" encoding="UTF-8"?>
<!DOCTYPE html PUBLIC "-//W3C//DTD XHTML 1.0 Transitional//EN"
    "http://www.w3.org/TR/xhtml1/DTD/xhtml1-transitional.dtd">
<html xmlns="http://www.w3.org/1999/xhtml" xml:lang="en" lang="en">
 <head>
  <title>
</title>
<meta http-equiv="Content-Type" content="text/html;charset=utf-8" />
  <meta name='ocr-system' content='tesseract 3.04.00' />
  <meta name='ocr-capabilities' content='ocr_page ocr_carea ocr_par ocr_line ocrx_word'/>
</head>
<body>
  <div class='ocr_page' id='page_1' title='image "./operaeusebius04euseuoft_0409.png"; bbox 0 0 1986 3152; ppageno 0'>
   <div class='ocr_carea' id='block_1_1' title="bbox 588 105 1733 159">
    <p class='ocr_par' dir='ltr' id='par_1_1' title="bbox 588 105 1733 159">
     <span class='ocr_line' id='line_1_1' title="bbox 588 105 1733 159; baseline 0.004 -12"><span class='ocrx_word' id='word_1_1' title='bbox 588 107 747 150; x_wconf 86' lang='lat' dir='ltr'><strong>HIST.</strong></span> <span class='ocrx_word' id='word_1_2' title='bbox 778 105 1028 150; x_wconf 82' lang='lat' dir='ltr'>ECCLES.</span> <span class='ocrx_word' id='word_1_3' title='bbox 1069 109 1194 149; x_wconf 90' lang='lat' dir='ltr'><strong>VIII.</strong></span> <span class='ocrx_word' id='word_1_4' title='bbox 1229 111 1266 148; x_wconf 78' lang='lat'><strong><em>1.</em></strong></span> <span class='ocrx_word' id='word_1_5' title='bbox 1626 106 1733 159; x_wconf 82' lang='grc'><strong><em>349</em></strong></span> 
     </span>
    </p>
   </div>
   <div class='ocr_carea' id='block_1_2' title="bbox 130 217 1784 803">
    <p class='ocr_par' dir='ltr' id='par_1_2' title="bbox 130 217 1784 803">
     <span class='ocr_line' id='line_1_2' title="bbox 131 217 1736 298; baseline -0.001 -17"><span class='ocrx_word' id='word_1_6' title='bbox 131 229 302 281; x_wconf 81' lang='grc' dir='ltr'><strong><em>πᾶσιν</em></strong></span> <span class='ocrx_word' id='word_1_7' title='bbox 345 222 655 296; x_wconf 78' lang='grc' dir='ltr'><strong><em>ἐπιτρόποις</em></strong></span> <span class='ocrx_word' id='word_1_8' title='bbox 705 224 799 278; x_wconf 85' lang='grc' dir='ltr'><strong><em>καὶ</em></strong></span> <span class='ocrx_word' id='word_1_9' title='bbox 839 221 1105 296; x_wconf 83' lang='grc' dir='ltr'><em>ἡγεμόσιν</em></span> <span class='ocrx_word' id='word_1_10' title='bbox 1146 221 1427 296; x_wconf 79' lang='grc' dir='ltr'><em>ἀποδοχῆς</em></span> <span class='ocrx_word' id='word_1_11' title='bbox 1480 217 1552 296; x_wconf 80' lang='grc' dir='ltr'><strong><em>ἦν</em></strong></span> <span class='ocrx_word' id='word_1_12' title='bbox 1595 221 1736 298; x_wconf 80' lang='grc' dir='ltr'><strong><em>ὁρᾶν</em></strong></span> 
     </span>
     <span class='ocr_line' id='line_1_3' title="bbox 131 306 1737 381; baseline 0 -16"><span class='ocrx_word' id='word_1_13' title='bbox 131 307 510 379; x_wconf 76' lang='grc' dir='ltr'><strong><em>ἀξιουμένους.</em></strong></span> <span class='ocrx_word' id='word_1_14' title='bbox 564 313 680 373; x_wconf 78' lang='grc' dir='ltr'><strong><em>πῶς</em></strong></span> <span class='ocrx_word' id='word_1_15' title='bbox 713 306 767 362; x_wconf 84' lang='grc' dir='ltr'><strong><em>δ’</em></strong></span> <span class='ocrx_word' id='word_1_16' title='bbox 801 306 874 364; x_wconf 75' lang='grc' dir='ltr'><strong><em>ἄν</em></strong></span> <span class='ocrx_word' id='word_1_17' title='bbox 904 331 985 374; x_wconf 86' lang='grc' dir='ltr'><strong><em>τις</em></strong></span> <span class='ocrx_word' id='word_1_18' title='bbox 1016 308 1340 381; x_wconf 84' lang='grc' dir='ltr'><strong><em>διαγράψειε</em></strong></span> <span class='ocrx_word' id='word_1_19' title='bbox 1369 308 1464 374; x_wconf 78' lang='grc' dir='ltr'><strong><em>τὰς</em></strong></span> <span class='ocrx_word' id='word_1_20' title='bbox 1495 308 1737 381; x_wconf 88' lang='grc' dir='ltr'><strong><em>μυριάν-</em></strong></span> 
     </span>
     <span class='ocr_line' id='line_1_4' title="bbox 130 391 1738 465; baseline -0.001 -15"><span class='ocrx_word' id='word_1_21' title='bbox 130 397 302 465; x_wconf 84' lang='grc' dir='ltr'><strong><em>δρους</em></strong></span> <span class='ocrx_word' id='word_1_22' title='bbox 365 393 580 457; x_wconf 85' lang='grc' dir='ltr'><strong><em>ἐκείνας</em></strong></span> <span class='ocrx_word' id='word_1_23' title='bbox 640 391 1063 464; x_wconf 81' lang='grc' dir='ltr'><strong><em>ἐπισυναγωγάς</em></strong></span> <span class='ocrx_word' id='word_1_24' title='bbox 1121 393 1213 448; x_wconf 85' lang='grc' dir='ltr'><strong><em>καὶ</em></strong></span> <span class='ocrx_word' id='word_1_25' title='bbox 1263 391 1329 448; x_wconf 71' lang='grc' dir='ltr'><strong><em>τοὶ</em></strong></span> <span class='ocrx_word' id='word_1_26' title='bbox 1383 392 1571 464; x_wconf 80' lang='grc' dir='ltr'><em>πλήθη</em></span> <span class='ocrx_word' id='word_1_27' title='bbox 1624 397 1738 449; x_wconf 76' lang='grc' dir='ltr'><strong><em>τῶν</em></strong></span> 
     </span>
     <span class='ocr_line' id='line_1_5' title="bbox 130 474 1738 550; baseline 0.001 -19"><span class='ocrx_word' id='word_1_28' title='bbox 130 474 270 532; x_wconf 74' lang='grc' dir='ltr'><strong><em>κατὰ</em></strong></span> <span class='ocrx_word' id='word_1_29' title='bbox 300 480 487 532; x_wconf 78' lang='grc' dir='ltr'><strong><em>πᾶσαν</em></strong></span> <span class='ocrx_word' id='word_1_30' title='bbox 529 475 693 532; x_wconf 87' lang='grc' dir='ltr'><strong><em>πόλιν</em></strong></span> <span class='ocrx_word' id='word_1_31' title='bbox 733 474 1153 550; x_wconf 88' lang='grc' dir='ltr'><strong><em>ἀθροισμάτων,</em></strong></span> <span class='ocrx_word' id='word_1_32' title='bbox 1195 477 1292 542; x_wconf 88' lang='grc' dir='ltr'><strong><em>τάς</em></strong></span> <span class='ocrx_word' id='word_1_33' title='bbox 1335 500 1392 533; x_wconf 90' lang='grc' dir='ltr'><strong><em>τε</em></strong></span> <span class='ocrx_word' id='word_1_34' title='bbox 1435 476 1738 549; x_wconf 79' lang='grc' dir='ltr'><strong><em>ἐπισήμους</em></strong></span> 
     </span>
     <span class='ocr_line' id='line_1_6' title="bbox 134 555 1784 634; baseline -0.002 -17"><span class='ocrx_word' id='word_1_35' title='bbox 134 563 196 617; x_wconf 83' lang='grc' dir='ltr'><strong><em>ἐν</em></strong></span> <span class='ocrx_word' id='word_1_36' title='bbox 247 573 362 625; x_wconf 92' lang='grc' dir='ltr'><strong><em>τοῖς</em></strong></span> <span class='ocrx_word' id='word_1_37' title='bbox 415 567 869 634; x_wconf 89' lang='grc' dir='ltr'><strong><em>προσευκτηρίοις</em></strong></span> <span class='ocrx_word' id='word_1_38' title='bbox 922 561 1272 633; x_wconf 81' lang='grc' dir='ltr'><strong><em>συνδρομάς,</em></strong></span> <span class='ocrx_word' id='word_1_39' title='bbox 1329 555 1410 617; x_wconf 72' lang='grc' dir='ltr'><strong><em>ὧν</em></strong></span> <span class='ocrx_word' id='word_1_40' title='bbox 1461 560 1531 632; x_wconf 81' lang='grc' dir='ltr'><strong><em>δὴ</em></strong></span> <span class='ocrx_word' id='word_1_41' title='bbox 1575 564 1738 617; x_wconf 79' lang='grc' dir='ltr'><strong><em>ἕνεκα</em></strong></span> <span class='ocrx_word' id='word_1_42' title='bbox 1764 582 1784 614; x_wconf 82' lang='grc'>5</span> 
     </span>
     <span class='ocr_line' id='line_1_7' title="bbox 133 643 1736 718; baseline 0 -18"><span class='ocrx_word' id='word_1_43' title='bbox 133 649 402 718; x_wconf 75' lang='grc' dir='ltr'><strong><em>μηδαμῶς</em></strong></span> <span class='ocrx_word' id='word_1_44' title='bbox 444 649 521 700; x_wconf 79' lang='grc' dir='ltr'><strong><em>ἔτι</em></strong></span> <span class='ocrx_word' id='word_1_45' title='bbox 549 656 664 710; x_wconf 91' lang='grc' dir='ltr'><strong><em>τοῖς</em></strong></span> <span class='ocrx_word' id='word_1_46' title='bbox 703 652 960 710; x_wconf 80' lang='grc' dir='ltr'><strong><em>παλαιοῖς</em></strong></span> <span class='ocrx_word' id='word_1_47' title='bbox 991 643 1426 717; x_wconf 75' lang='grc' dir='ltr'><strong><em>οἰκοδομήμασιν</em></strong></span> <span class='ocrx_word' id='word_1_48' title='bbox 1457 644 1736 718; x_wconf 84' lang='grc' dir='ltr'><strong><em>ἀρκούμε-</em></strong></span> 
     </span>
     <span class='ocr_line' id='line_1_8' title="bbox 131 724 1741 803; baseline 0 -18"><span class='ocrx_word' id='word_1_49' title='bbox 131 752 220 785; x_wconf 89' lang='grc' dir='ltr'><strong><em>νοι</em></strong></span> <span class='ocrx_word' id='word_1_50' title='bbox 272 724 491 803; x_wconf 76' lang='grc' dir='ltr'><strong><em>εὐρείας</em></strong></span> <span class='ocrx_word' id='word_1_51' title='bbox 545 734 624 793; x_wconf 83' lang='grc' dir='ltr'><strong><em>εἰς</em></strong></span> <span class='ocrx_word' id='word_1_52' title='bbox 675 729 883 794; x_wconf 78' lang='grc' dir='ltr'><strong><em>πλάτος</em></strong></span> <span class='ocrx_word' id='word_1_53' title='bbox 936 727 1044 784; x_wconf 81' lang='grc' dir='ltr'><strong><em>ἀνά</em></strong></span> <span class='ocrx_word' id='word_1_54' title='bbox 1089 729 1268 794; x_wconf 89' lang='grc' dir='ltr'><strong><em>πάσας</em></strong></span> <span class='ocrx_word' id='word_1_55' title='bbox 1310 729 1407 794; x_wconf 74' lang='grc' dir='ltr'><strong><em>τὰς</em></strong></span> <span class='ocrx_word' id='word_1_56' title='bbox 1449 730 1638 794; x_wconf 88' lang='grc' dir='ltr'><strong><em>πόλεις</em></strong></span> <span class='ocrx_word' id='word_1_57' title='bbox 1682 731 1741 784; x_wconf 91' lang='grc' dir='ltr'><strong><em>ἐκ</em></strong></span> 
     </span>
    </p>
   </div>
   <div class='ocr_carea' id='block_1_3' title="bbox 46 810 1742 885">
    <p class='ocr_par' dir='ltr' id='par_1_3' title="bbox 46 810 1742 885">
     <span class='ocr_line' id='line_1_9' title="bbox 46 810 1742 885; baseline 0.001 -18"><span class='ocrx_word' id='word_1_58' title='bbox 46 837 64 845; x_wconf 88' lang='grc'><em>·</em></span> <span class='ocrx_word' id='word_1_59' title='bbox 131 818 413 885; x_wconf 79' lang='grc' dir='ltr'><strong><em>θεμελίων</em></strong></span> <span class='ocrx_word' id='word_1_60' title='bbox 442 810 687 868; x_wconf 89' lang='grc' dir='ltr'><strong><em>ἀνίστων</em></strong></span> <span class='ocrx_word' id='word_1_61' title='bbox 720 814 1029 883; x_wconf 83' lang='grc' dir='ltr'><strong><em>ἐκκλησίας.</em></strong></span> <span class='ocrx_word' id='word_1_62' title='bbox 1084 817 1132 867; x_wconf 88' lang='grc'><strong><em>6.</em></strong></span> <span class='ocrx_word' id='word_1_63' title='bbox 1179 817 1355 868; x_wconf 83' lang='grc' dir='ltr'><strong><em>ταῦτα</em></strong></span> <span class='ocrx_word' id='word_1_64' title='bbox 1379 813 1441 868; x_wconf 76' lang='grc' dir='ltr'><strong><em>δὲ</em></strong></span> <span class='ocrx_word' id='word_1_65' title='bbox 1464 825 1579 877; x_wconf 89' lang='grc' dir='ltr'><strong><em>τοῖς</em></strong></span> <span class='ocrx_word' id='word_1_66' title='bbox 1610 812 1742 884; x_wconf 89' lang='grc' dir='ltr'><strong><em>χρό-</em></strong></span> 
     </span>
    </p>
   </div>
   <div class='ocr_carea' id='block_1_4' title="bbox 132 892 1814 2907">
    <p class='ocr_par' dir='ltr' id='par_1_4' title="bbox 132 892 1814 2907">
     <span class='ocr_line' id='line_1_10' title="bbox 135 892 1742 968; baseline 0 -17"><span class='ocrx_word' id='word_1_67' title='bbox 135 918 250 960; x_wconf 91' lang='grc' dir='ltr'><strong><em>νοις</em></strong></span> <span class='ocrx_word' id='word_1_68' title='bbox 281 893 582 967; x_wconf 87' lang='grc' dir='ltr'><strong><em>προῖόντα,</em></strong></span> <span class='ocrx_word' id='word_1_69' title='bbox 623 894 887 968; x_wconf 83' lang='grc' dir='ltr'><strong><em>ὁσημέραι</em></strong></span> <span class='ocrx_word' id='word_1_70' title='bbox 914 919 975 952; x_wconf 92' lang='grc' dir='ltr'><strong><em>τε</em></strong></span> <span class='ocrx_word' id='word_1_71' title='bbox 1006 902 1085 961; x_wconf 86' lang='grc' dir='ltr'><strong><em>εἰς</em></strong></span> <span class='ocrx_word' id='word_1_72' title='bbox 1117 892 1352 967; x_wconf 73' lang='grc' dir='ltr'><strong><em>αὔξησιν</em></strong></span> <span class='ocrx_word' id='word_1_73' title='bbox 1383 897 1476 951; x_wconf 81' lang='grc' dir='ltr'><strong><em>καὶ</em></strong></span> <span class='ocrx_word' id='word_1_74' title='bbox 1505 897 1742 968; x_wconf 76' lang='grc' dir='ltr'><strong><em>μέγεθος</em></strong></span> 
     </span>
     <span class='ocr_line' id='line_1_11' title="bbox 135 977 1808 1053; baseline 0.001 -18"><span class='ocrx_word' id='word_1_75' title='bbox 135 978 455 1036; x_wconf 81' lang='grc' dir='ltr'><strong><em>ἐπιδιδόντα</em></strong></span> <span class='ocrx_word' id='word_1_76' title='bbox 484 977 673 1044; x_wconf 78' lang='grc' dir='ltr'><strong><em>οὐδεὶς</em></strong></span> <span class='ocrx_word' id='word_1_77' title='bbox 708 979 932 1052; x_wconf 77' lang='grc' dir='ltr'><strong><em>ἀνεῖργε</em></strong></span> <span class='ocrx_word' id='word_1_78' title='bbox 962 979 1204 1053; x_wconf 91' lang='grc' dir='ltr'><strong><em>φθόνος,</em></strong></span> <span class='ocrx_word' id='word_1_79' title='bbox 1247 978 1390 1036; x_wconf 79' lang='grc' dir='ltr'><strong><em>οὐδέ</em></strong></span> <span class='ocrx_word' id='word_1_80' title='bbox 1413 1003 1495 1045; x_wconf 88' lang='grc' dir='ltr'><strong><em>τις</em></strong></span> <span class='ocrx_word' id='word_1_81' title='bbox 1526 983 1744 1052; x_wconf 89' lang='grc' dir='ltr'><strong><em>δαίμων</em></strong></span> <span class='ocrx_word' id='word_1_82' title='bbox 1767 1004 1808 1036; x_wconf 91' lang='lat'><strong><em>10</em></strong></span> 
     </span>
     <span class='ocr_line' id='line_1_12' title="bbox 132 1058 1738 1137; baseline 0 -17"><span class='ocrx_word' id='word_1_83' title='bbox 132 1061 378 1137; x_wconf 77' lang='grc' dir='ltr'><strong><em>πονηρὰς</em></strong></span> <span class='ocrx_word' id='word_1_84' title='bbox 408 1060 524 1130; x_wconf 84' lang='grc' dir='ltr'><strong><em>οἶός</em></strong></span> <span class='ocrx_word' id='word_1_85' title='bbox 554 1087 612 1120; x_wconf 89' lang='grc' dir='ltr'><strong><em>τε</em></strong></span> <span class='ocrx_word' id='word_1_86' title='bbox 641 1058 715 1136; x_wconf 77' lang='grc' dir='ltr'><strong><em>ἦν</em></strong></span> <span class='ocrx_word' id='word_1_87' title='bbox 745 1070 1070 1136; x_wconf 86' lang='grc' dir='ltr'><strong><em>βασκαίνειν</em></strong></span> <span class='ocrx_word' id='word_1_88' title='bbox 1099 1061 1229 1121; x_wconf 76' lang='grc' dir='ltr'><strong><em>οὐδ’</em></strong></span> <span class='ocrx_word' id='word_1_89' title='bbox 1263 1063 1589 1136; x_wconf 77' lang='grc' dir='ltr'><strong><em>ἀνθρώπων</em></strong></span> <span class='ocrx_word' id='word_1_90' title='bbox 1625 1066 1738 1120; x_wconf 86' lang='grc' dir='ltr'><strong><em>ἐπι-</em></strong></span> 
     </span>
     <span class='ocr_line' id='line_1_13' title="bbox 132 1147 1744 1222; baseline -0.001 -17"><span class='ocrx_word' id='word_1_91' title='bbox 132 1155 366 1220; x_wconf 78' lang='grc' dir='ltr'><strong><em>βουλαῖς</em></strong></span> <span class='ocrx_word' id='word_1_92' title='bbox 395 1147 661 1220; x_wconf 76' lang='grc' dir='ltr'><strong><em>κωλύειν,</em></strong></span> <span class='ocrx_word' id='word_1_93' title='bbox 695 1154 774 1214; x_wconf 88' lang='grc' dir='ltr'><strong><em>είς</em></strong></span> <span class='ocrx_word' id='word_1_94' title='bbox 806 1147 943 1205; x_wconf 78' lang='grc' dir='ltr'><strong><em>ὅσον</em></strong></span> <span class='ocrx_word' id='word_1_95' title='bbox 971 1147 1005 1221; x_wconf 82' lang='grc' dir='ltr'><strong><em>ἡ</em></strong></span> <span class='ocrx_word' id='word_1_96' title='bbox 1035 1154 1167 1205; x_wconf 89' lang='grc' dir='ltr'><strong><em>θεία</em></strong></span> <span class='ocrx_word' id='word_1_97' title='bbox 1207 1149 1302 1205; x_wconf 88' lang='grc' dir='ltr'><strong><em>καὶ</em></strong></span> <span class='ocrx_word' id='word_1_98' title='bbox 1331 1147 1594 1222; x_wconf 75' lang='grc' dir='ltr'><strong><em>οὐράνιος</em></strong></span> <span class='ocrx_word' id='word_1_99' title='bbox 1625 1149 1744 1220; x_wconf 85' lang='grc' dir='ltr'><strong><em>χεὶρ</em></strong></span> 
     </span>
     <span class='ocr_line' id='line_1_14' title="bbox 136 1228 1745 1306; baseline -0.001 -17"><span class='ocrx_word' id='word_1_100' title='bbox 136 1233 344 1289; x_wconf 78' lang='grc' dir='ltr'><strong><em>ἐσκεπέ</em></strong></span> <span class='ocrx_word' id='word_1_101' title='bbox 367 1256 425 1289; x_wconf 89' lang='grc' dir='ltr'><strong><em>τε</em></strong></span> <span class='ocrx_word' id='word_1_102' title='bbox 455 1233 549 1288; x_wconf 84' lang='grc' dir='ltr'><strong><em>καὶ</em></strong></span> <span class='ocrx_word' id='word_1_103' title='bbox 574 1232 837 1306; x_wconf 82' lang='grc' dir='ltr'><strong><em>ἐφρούρει</em></strong></span> <span class='ocrx_word' id='word_1_104' title='bbox 860 1228 950 1289; x_wconf 85' lang='grc' dir='ltr'><strong><em>οἶα</em></strong></span> <span class='ocrx_word' id='word_1_105' title='bbox 981 1233 1048 1305; x_wconf 85' lang='grc' dir='ltr'><strong><em>δὴ</em></strong></span> <span class='ocrx_word' id='word_1_106' title='bbox 1074 1233 1226 1300; x_wconf 75' lang='grc' dir='ltr'><strong><em>ἄξιον</em></strong></span> <span class='ocrx_word' id='word_1_107' title='bbox 1250 1232 1385 1290; x_wconf 81' lang='grc' dir='ltr'><strong><em>ὄντα</em></strong></span> <span class='ocrx_word' id='word_1_108' title='bbox 1414 1231 1513 1289; x_wconf 85' lang='grc' dir='ltr'><strong><em>τὸν</em></strong></span> <span class='ocrx_word' id='word_1_109' title='bbox 1547 1234 1745 1303; x_wconf 78' lang='grc' dir='ltr'><strong><em>ἑαυτῆς</em></strong></span> 
     </span>
     <span class='ocr_line' id='line_1_15' title="bbox 135 1315 1744 1389; baseline -0.001 -16"><span class='ocrx_word' id='word_1_110' title='bbox 135 1316 288 1373; x_wconf 90' lang='grc' dir='ltr'><strong><em>λαόν.</em></strong></span> <span class='ocrx_word' id='word_1_111' title='bbox 345 1321 390 1374; x_wconf 82' lang='grc'><strong><em>7.</em></strong></span> <span class='ocrx_word' id='word_1_112' title='bbox 438 1315 511 1382; x_wconf 79' lang='grc' dir='ltr'><strong><em>ὡς</em></strong></span> <span class='ocrx_word' id='word_1_113' title='bbox 529 1317 592 1372; x_wconf 76' lang='grc' dir='ltr'><strong><em>δὲ</em></strong></span> <span class='ocrx_word' id='word_1_114' title='bbox 617 1319 675 1373; x_wconf 91' lang='grc' dir='ltr'><strong><em>ἐκ</em></strong></span> <span class='ocrx_word' id='word_1_115' title='bbox 698 1322 793 1389; x_wconf 84' lang='grc' dir='ltr'><strong><em>τῆς</em></strong></span> <span class='ocrx_word' id='word_1_116' title='bbox 827 1318 918 1373; x_wconf 83' lang='grc' dir='ltr'><strong><em>ἐπὶ</em></strong></span> <span class='ocrx_word' id='word_1_117' title='bbox 949 1319 1121 1374; x_wconf 83' lang='grc' dir='ltr'><strong><em>πλέον</em></strong></span> <span class='ocrx_word' id='word_1_118' title='bbox 1146 1320 1468 1388; x_wconf 83' lang='grc' dir='ltr'><strong><em>ἐλευθερίας</em></strong></span> <span class='ocrx_word' id='word_1_119' title='bbox 1488 1317 1578 1372; x_wconf 85' lang='grc' dir='ltr'><strong><em>ἐπὶ</em></strong></span> <span class='ocrx_word' id='word_1_120' title='bbox 1602 1340 1744 1388; x_wconf 88' lang='grc' dir='ltr'><strong><em>χαυ-</em></strong></span> 
     </span>
     <span class='ocr_line' id='line_1_16' title="bbox 134 1399 1809 1474; baseline -0.001 -17"><span class='ocrx_word' id='word_1_121' title='bbox 134 1401 340 1472; x_wconf 91' lang='grc' dir='ltr'><strong><em>νότητα</em></strong></span> <span class='ocrx_word' id='word_1_122' title='bbox 370 1402 463 1456; x_wconf 88' lang='grc' dir='ltr'><strong><em>καὶ</em></strong></span> <span class='ocrx_word' id='word_1_123' title='bbox 493 1408 750 1474; x_wconf 91' lang='grc' dir='ltr'><strong><em>νωθρίαν</em></strong></span> <span class='ocrx_word' id='word_1_124' title='bbox 771 1400 838 1457; x_wconf 81' lang='grc' dir='ltr'><strong><em>τά</em></strong></span> <span class='ocrx_word' id='word_1_125' title='bbox 863 1401 997 1457; x_wconf 90' lang='grc' dir='ltr'><strong><em>καθ’</em></strong></span> <span class='ocrx_word' id='word_1_126' title='bbox 1026 1401 1170 1474; x_wconf 80' lang='grc' dir='ltr'><strong><em>ἡμᾶς</em></strong></span> <span class='ocrx_word' id='word_1_127' title='bbox 1203 1401 1616 1474; x_wconf 87' lang='grc' dir='ltr'><strong><em>μετηλλάττετο,</em></strong></span> <span class='ocrx_word' id='word_1_128' title='bbox 1640 1399 1743 1456; x_wconf 77' lang='grc' dir='ltr'><strong><em>ἅλ-</em></strong></span> <span class='ocrx_word' id='word_1_129' title='bbox 1769 1423 1809 1455; x_wconf 81' lang='lat'><strong><em>15</em></strong></span> 
     </span>
     <span class='ocr_line' id='line_1_17' title="bbox 140 1485 1746 1558; baseline -0.001 -16"><span class='ocrx_word' id='word_1_130' title='bbox 140 1493 255 1542; x_wconf 89' lang='grc' dir='ltr'><strong><em>λων</em></strong></span> <span class='ocrx_word' id='word_1_131' title='bbox 286 1485 471 1551; x_wconf 79' lang='grc' dir='ltr'><strong><em>ἄλλοις</em></strong></span> <span class='ocrx_word' id='word_1_132' title='bbox 502 1487 1009 1558; x_wconf 86' lang='grc' dir='ltr'><strong><em>διαφθονουμένων</em></strong></span> <span class='ocrx_word' id='word_1_133' title='bbox 1050 1487 1141 1542; x_wconf 84' lang='grc' dir='ltr'><strong><em>καὶ</em></strong></span> <span class='ocrx_word' id='word_1_134' title='bbox 1184 1486 1746 1558; x_wconf 87' lang='grc' dir='ltr'><strong><em>διαλοιδορουμένων,</em></strong></span> 
     </span>
     <span class='ocr_line' id='line_1_18' title="bbox 141 1567 1747 1643; baseline -0.001 -16"><span class='ocrx_word' id='word_1_135' title='bbox 141 1571 236 1627; x_wconf 87' lang='grc' dir='ltr'><strong><em>καὶ</em></strong></span> <span class='ocrx_word' id='word_1_136' title='bbox 264 1571 568 1642; x_wconf 84' lang='grc' dir='ltr'><strong><em>μονονουχὶ</em></strong></span> <span class='ocrx_word' id='word_1_137' title='bbox 602 1568 762 1642; x_wconf 77' lang='grc' dir='ltr'><strong><em>ἡμῶν</em></strong></span> <span class='ocrx_word' id='word_1_138' title='bbox 793 1567 986 1627; x_wconf 76' lang='grc' dir='ltr'><strong><em>αὐτῶν</em></strong></span> <span class='ocrx_word' id='word_1_139' title='bbox 1020 1573 1236 1636; x_wconf 82' lang='grc' dir='ltr'><strong><em>ἑαυτοῖς</em></strong></span> <span class='ocrx_word' id='word_1_140' title='bbox 1279 1568 1747 1643; x_wconf 59' lang='grc' dir='ltr'><strong><em>προσπολεμούν-</em></strong></span> 
     </span>
     <span class='ocr_line' id='line_1_19' title="bbox 134 1653 1747 1727; baseline -0.001 -17"><span class='ocrx_word' id='word_1_141' title='bbox 134 1677 251 1711; x_wconf 87' lang='grc' dir='ltr'><strong><em>των</em></strong></span> <span class='ocrx_word' id='word_1_142' title='bbox 274 1653 484 1725; x_wconf 80' lang='grc' dir='ltr'><strong><em>ὅπλοις,</em></strong></span> <span class='ocrx_word' id='word_1_143' title='bbox 510 1660 562 1711; x_wconf 84' lang='grc' dir='ltr'><strong><em>εί</em></strong></span> <span class='ocrx_word' id='word_1_144' title='bbox 583 1654 732 1711; x_wconf 77' lang='grc' dir='ltr'><strong><em>οὕτω</em></strong></span> <span class='ocrx_word' id='word_1_145' title='bbox 754 1654 931 1727; x_wconf 75' lang='grc' dir='ltr'><strong><em>τύχοι,</em></strong></span> <span class='ocrx_word' id='word_1_146' title='bbox 964 1656 1056 1711; x_wconf 89' lang='grc' dir='ltr'><strong><em>καὶ</em></strong></span> <span class='ocrx_word' id='word_1_147' title='bbox 1081 1654 1278 1726; x_wconf 90' lang='grc' dir='ltr'><strong><em>δόρασι</em></strong></span> <span class='ocrx_word' id='word_1_148' title='bbox 1300 1667 1415 1721; x_wconf 92' lang='grc' dir='ltr'><strong><em>τοῖς</em></strong></span> <span class='ocrx_word' id='word_1_149' title='bbox 1433 1653 1524 1710; x_wconf 76' lang='grc' dir='ltr'><strong><em>διὰ</em></strong></span> <span class='ocrx_word' id='word_1_150' title='bbox 1543 1654 1747 1725; x_wconf 80' lang='grc' dir='ltr'><strong><em>λόγων,</em></strong></span> 
     </span>
     <span class='ocr_line' id='line_1_20' title="bbox 138 1735 1748 1813; baseline -0.002 -17"><span class='ocrx_word' id='word_1_151' title='bbox 138 1735 428 1811; x_wconf 74' lang='grc' dir='ltr'><strong><em>ἀρχόντων</em></strong></span> <span class='ocrx_word' id='word_1_152' title='bbox 456 1762 514 1795; x_wconf 92' lang='grc' dir='ltr'><strong><em>τε</em></strong></span> <span class='ocrx_word' id='word_1_153' title='bbox 545 1736 781 1811; x_wconf 70' lang='grc' dir='ltr'><strong><em>ἄρχουσι</em></strong></span> <span class='ocrx_word' id='word_1_154' title='bbox 812 1739 1318 1813; x_wconf 79' lang='grc' dir='ltr'><strong><em>προσρηγνύντων,</em></strong></span> <span class='ocrx_word' id='word_1_155' title='bbox 1356 1739 1450 1794; x_wconf 88' lang='grc' dir='ltr'><strong><em>καὶ</em></strong></span> <span class='ocrx_word' id='word_1_156' title='bbox 1475 1742 1629 1794; x_wconf 75' lang='grc' dir='ltr'><strong><em>λαῶν</em></strong></span> <span class='ocrx_word' id='word_1_157' title='bbox 1656 1739 1748 1793; x_wconf 86' lang='grc' dir='ltr'><strong><em>ἐπὶ</em></strong></span> 
     </span>
     <span class='ocr_line' id='line_1_21' title="bbox 139 1820 1807 1896; baseline -0.001 -18"><span class='ocrx_word' id='word_1_158' title='bbox 139 1822 312 1888; x_wconf 76' lang='grc' dir='ltr'><strong><em>λαούς</em></strong></span> <span class='ocrx_word' id='word_1_159' title='bbox 343 1823 915 1893; x_wconf 80' lang='grc' dir='ltr'><strong><em>καταστασιαζόντων,</em></strong></span> <span class='ocrx_word' id='word_1_160' title='bbox 945 1829 1042 1896; x_wconf 87' lang='grc' dir='ltr'><strong><em>τῆς</em></strong></span> <span class='ocrx_word' id='word_1_161' title='bbox 1071 1847 1131 1879; x_wconf 92' lang='grc' dir='ltr'><strong><em>τε</em></strong></span> <span class='ocrx_word' id='word_1_162' title='bbox 1153 1822 1500 1896; x_wconf 81' lang='grc' dir='ltr'><strong><em>ὑποκρίσεως</em></strong></span> <span class='ocrx_word' id='word_1_163' title='bbox 1525 1820 1742 1894; x_wconf 88' lang='grc' dir='ltr'><strong><em>ἀφάτου</em></strong></span> <span class='ocrx_word' id='word_1_164' title='bbox 1766 1845 1807 1876; x_wconf 79' lang='lat'><strong><em>20</em></strong></span> 
     </span>
     <span class='ocr_line' id='line_1_22' title="bbox 140 1905 1747 1980; baseline -0.002 -16"><span class='ocrx_word' id='word_1_165' title='bbox 140 1908 235 1964; x_wconf 87' lang='grc' dir='ltr'><strong><em>καὶ</em></strong></span> <span class='ocrx_word' id='word_1_166' title='bbox 265 1911 361 1976; x_wconf 87' lang='grc' dir='ltr'><strong><em>τῆς</em></strong></span> <span class='ocrx_word' id='word_1_167' title='bbox 393 1912 679 1979; x_wconf 80' lang='grc' dir='ltr'><strong><em>εἰρωνείας</em></strong></span> <span class='ocrx_word' id='word_1_168' title='bbox 713 1910 802 1964; x_wconf 89' lang='grc' dir='ltr'><strong><em>ἐπὶ</em></strong></span> <span class='ocrx_word' id='word_1_169' title='bbox 831 1915 1095 1965; x_wconf 87' lang='grc' dir='ltr'><strong><em>πλεῖστον</em></strong></span> <span class='ocrx_word' id='word_1_170' title='bbox 1124 1907 1259 1965; x_wconf 80' lang='grc' dir='ltr'><strong><em>ὅσον</em></strong></span> <span class='ocrx_word' id='word_1_171' title='bbox 1283 1913 1479 1972; x_wconf 86' lang='grc' dir='ltr'><strong><em>κακίας</em></strong></span> <span class='ocrx_word' id='word_1_172' title='bbox 1510 1905 1747 1980; x_wconf 78' lang='grc' dir='ltr'><strong><em>προϊού-</em></strong></span> 
     </span>
     <span class='ocr_line' id='line_1_23' title="bbox 141 1988 1742 2066; baseline -0.002 -18"><span class='ocrx_word' id='word_1_173' title='bbox 141 2009 269 2063; x_wconf 88' lang='grc' dir='ltr'><strong><em>σης,</em></strong></span> <span class='ocrx_word' id='word_1_174' title='bbox 301 1989 335 2061; x_wconf 86' lang='grc' dir='ltr'>ἡ</span> <span class='ocrx_word' id='word_1_175' title='bbox 366 1991 469 2064; x_wconf 76' lang='grc' dir='ltr'><strong><em>μὲν</em></strong></span> <span class='ocrx_word' id='word_1_176' title='bbox 501 1991 569 2063; x_wconf 88' lang='grc' dir='ltr'><strong><em>δὴ</em></strong></span> <span class='ocrx_word' id='word_1_177' title='bbox 601 1999 733 2049; x_wconf 89' lang='grc' dir='ltr'><strong><em>θεία</em></strong></span> <span class='ocrx_word' id='word_1_178' title='bbox 762 1998 966 2066; x_wconf 89' lang='grc' dir='ltr'><strong><em>κρίσις,</em></strong></span> <span class='ocrx_word' id='word_1_179' title='bbox 1011 1988 1100 2048; x_wconf 84' lang='grc' dir='ltr'><strong><em>οἶα</em></strong></span> <span class='ocrx_word' id='word_1_180' title='bbox 1131 1998 1302 2065; x_wconf 84' lang='grc' dir='ltr'><strong><em>φίλον</em></strong></span> <span class='ocrx_word' id='word_1_181' title='bbox 1333 1990 1478 2065; x_wconf 81' lang='grc' dir='ltr'><strong><em>αὐτῇ</em></strong></span> <span class='ocrx_word' id='word_1_182' title='bbox 1497 2034 1512 2061; x_wconf 95' lang='grc'><strong><em>,</em></strong></span> <span class='ocrx_word' id='word_1_183' title='bbox 1555 2011 1742 2062; x_wconf 88' lang='grc' dir='ltr'><strong><em>πεφει-</em></strong></span> 
     </span>
     <span class='ocr_line' id='line_1_24' title="bbox 140 2074 1748 2150; baseline -0.002 -17"><span class='ocrx_word' id='word_1_184' title='bbox 140 2076 357 2148; x_wconf 85' lang='grc' dir='ltr'><strong><em>σμένως</em></strong></span> <span class='ocrx_word' id='word_1_185' title='bbox 383 2119 398 2146; x_wconf 89' lang='grc'><strong><em>,</em></strong></span> <span class='ocrx_word' id='word_1_186' title='bbox 459 2081 573 2132; x_wconf 78' lang='grc' dir='ltr'><strong><em>τῶν</em></strong></span> <span class='ocrx_word' id='word_1_187' title='bbox 632 2074 1029 2150; x_wconf 79' lang='grc' dir='ltr'><strong><em>ἀθροισμάτων</em></strong></span> <span class='ocrx_word' id='word_1_188' title='bbox 1089 2082 1168 2133; x_wconf 82' lang='grc' dir='ltr'><strong><em>ἔτι</em></strong></span> <span class='ocrx_word' id='word_1_189' title='bbox 1226 2075 1748 2148; x_wconf 79' lang='grc' dir='ltr'><strong><em>συγκροτουμένων,</em></strong></span> 
     </span>
     <span class='ocr_line' id='line_1_25' title="bbox 138 2156 1748 2234; baseline -0.001 -19"><span class='ocrx_word' id='word_1_190' title='bbox 138 2158 318 2232; x_wconf 80' lang='grc' dir='ltr'><strong><em>ἠρέμα</em></strong></span> <span class='ocrx_word' id='word_1_191' title='bbox 359 2161 453 2216; x_wconf 87' lang='grc' dir='ltr'><strong><em>καὶ</em></strong></span> <span class='ocrx_word' id='word_1_192' title='bbox 490 2166 724 2234; x_wconf 89' lang='grc' dir='ltr'><strong><em>μετρίως</em></strong></span> <span class='ocrx_word' id='word_1_193' title='bbox 764 2160 867 2232; x_wconf 81' lang='grc' dir='ltr'><strong><em>τὴν</em></strong></span> <span class='ocrx_word' id='word_1_194' title='bbox 910 2156 1085 2232; x_wconf 71' lang='grc' dir='ltr'><strong><em>αὐτῆς</em></strong></span> <span class='ocrx_word' id='word_1_195' title='bbox 1137 2159 1445 2232; x_wconf 83' lang='grc' dir='ltr'><strong><em>ἐπισκοπὴν</em></strong></span> <span class='ocrx_word' id='word_1_196' title='bbox 1486 2157 1748 2228; x_wconf 89' lang='grc' dir='ltr'><strong><em>ἀνεκίνει,</em></strong></span> 
     </span>
     <span class='ocr_line' id='line_1_26' title="bbox 144 2244 1813 2318; baseline -0.001 -19"><span class='ocrx_word' id='word_1_197' title='bbox 144 2247 205 2300; x_wconf 88' lang='grc' dir='ltr'><strong><em>ἐκ</em></strong></span> <span class='ocrx_word' id='word_1_198' title='bbox 243 2246 358 2300; x_wconf 74' lang='grc' dir='ltr'><strong><em>τῶν</em></strong></span> <span class='ocrx_word' id='word_1_199' title='bbox 402 2247 462 2300; x_wconf 90' lang='grc' dir='ltr'><strong><em>ἐν</em></strong></span> <span class='ocrx_word' id='word_1_200' title='bbox 506 2251 813 2318; x_wconf 84' lang='grc' dir='ltr'><strong><em>στρατείαις</em></strong></span> <span class='ocrx_word' id='word_1_201' title='bbox 865 2244 1129 2318; x_wconf 80' lang='grc' dir='ltr'><strong><em>ἀδελφῶν</em></strong></span> <span class='ocrx_word' id='word_1_202' title='bbox 1179 2245 1596 2318; x_wconf 82' lang='grc' dir='ltr'><strong><em>καταρχομένου</em></strong></span> <span class='ocrx_word' id='word_1_203' title='bbox 1649 2247 1749 2299; x_wconf 85' lang='grc' dir='ltr'><strong><em>τοῦ</em></strong></span> <span class='ocrx_word' id='word_1_204' title='bbox 1773 2267 1813 2298; x_wconf 85' lang='lat'><strong><em>25</em></strong></span> 
     </span>
     <span class='ocr_line' id='line_1_27' title="bbox 143 2325 1750 2401; baseline 0 -18"><span class='ocrx_word' id='word_1_205' title='bbox 143 2331 407 2399; x_wconf 73' lang='grc' dir='ltr'><strong><em>διωγμοῦ.</em></strong></span> <span class='ocrx_word' id='word_1_206' title='bbox 469 2333 517 2385; x_wconf 82' lang='grc'><strong><em>8.</em></strong></span> <span class='ocrx_word' id='word_1_207' title='bbox 563 2327 638 2395; x_wconf 74' lang='grc' dir='ltr'><strong><em>ὥς</em></strong></span> <span class='ocrx_word' id='word_1_208' title='bbox 669 2327 721 2385; x_wconf 84' lang='grc' dir='ltr'><strong><em>δ’</em></strong></span> <span class='ocrx_word' id='word_1_209' title='bbox 759 2327 1184 2401; x_wconf 89' lang='grc' dir='ltr'><strong><em>ἀνεπαισθήτως</em></strong></span> <span class='ocrx_word' id='word_1_210' title='bbox 1217 2335 1434 2401; x_wconf 82' lang='grc' dir='ltr'><strong><em>ἔχοντες</em></strong></span> <span class='ocrx_word' id='word_1_211' title='bbox 1466 2325 1567 2400; x_wconf 81' lang='grc' dir='ltr'><strong><em>οὐχ</em></strong></span> <span class='ocrx_word' id='word_1_212' title='bbox 1599 2325 1750 2392; x_wconf 79' lang='grc' dir='ltr'><strong><em>ὅπως</em></strong></span> 
     </span>
     <span class='ocr_line' id='line_1_28' title="bbox 146 2409 1751 2485; baseline -0.001 -17"><span class='ocrx_word' id='word_1_213' title='bbox 146 2409 376 2483; x_wconf 75' lang='grc' dir='ltr'><strong><em>εὐμενὲς</em></strong></span> <span class='ocrx_word' id='word_1_214' title='bbox 415 2413 508 2468; x_wconf 90' lang='grc' dir='ltr'><strong><em>καὶ</em></strong></span> <span class='ocrx_word' id='word_1_215' title='bbox 549 2417 678 2469; x_wconf 79' lang='grc' dir='ltr'><strong><em>ἵλεω</em></strong></span> <span class='ocrx_word' id='word_1_216' title='bbox 718 2414 1165 2485; x_wconf 82' lang='grc' dir='ltr'><strong><em>καταστήσεσθαι</em></strong></span> <span class='ocrx_word' id='word_1_217' title='bbox 1201 2413 1263 2470; x_wconf 83' lang='grc' dir='ltr'><strong><em>τὸ</em></strong></span> <span class='ocrx_word' id='word_1_218' title='bbox 1295 2422 1459 2469; x_wconf 90' lang='grc' dir='ltr'><strong><em>θεῖον</em></strong></span> <span class='ocrx_word' id='word_1_219' title='bbox 1488 2420 1751 2485; x_wconf 87' lang='grc' dir='ltr'><strong><em>προυθυ-</em></strong></span> 
     </span>
     <span class='ocr_line' id='line_1_29' title="bbox 143 2492 1748 2571; baseline 0 -20"><span class='ocrx_word' id='word_1_220' title='bbox 143 2495 435 2568; x_wconf 80' lang='grc' dir='ltr'><strong><em>μούμεθα,</em></strong></span> <span class='ocrx_word' id='word_1_221' title='bbox 476 2492 568 2552; x_wconf 88' lang='grc' dir='ltr'><strong><em>οἷα</em></strong></span> <span class='ocrx_word' id='word_1_222' title='bbox 598 2499 666 2553; x_wconf 88' lang='grc' dir='ltr'><strong><em>δέ</em></strong></span> <span class='ocrx_word' id='word_1_223' title='bbox 689 2520 835 2564; x_wconf 90' lang='grc' dir='ltr'><strong><em>τινες</em></strong></span> <span class='ocrx_word' id='word_1_224' title='bbox 867 2497 1026 2555; x_wconf 80' lang='grc' dir='ltr'><strong><em>ἄθεοι</em></strong></span> <span class='ocrx_word' id='word_1_225' title='bbox 1056 2496 1400 2571; x_wconf 89' lang='grc' dir='ltr'><strong><em>ἀφρόντιστα</em></strong></span> <span class='ocrx_word' id='word_1_226' title='bbox 1429 2497 1522 2552; x_wconf 85' lang='grc' dir='ltr'><strong><em>καὶ</em></strong></span> <span class='ocrx_word' id='word_1_227' title='bbox 1553 2494 1723 2552; x_wconf 86' lang='grc' dir='ltr'><strong><em>ἀνεπί</em></strong></span> <span class='ocrx_word' id='word_1_228' title='bbox 1742 2528 1748 2532; x_wconf 97' lang='grc'>-</span> 
     </span>
     <span class='ocr_line' id='line_1_30' title="bbox 145 2578 1753 2654; baseline -0.001 -19"><span class='ocrx_word' id='word_1_229' title='bbox 145 2598 327 2636; x_wconf 90' lang='grc' dir='ltr'><strong><em>σκοπα</em></strong></span> <span class='ocrx_word' id='word_1_230' title='bbox 365 2578 431 2636; x_wconf 83' lang='grc' dir='ltr'><strong><em>τά</em></strong></span> <span class='ocrx_word' id='word_1_231' title='bbox 473 2580 608 2637; x_wconf 91' lang='grc' dir='ltr'><strong><em>καθ’</em></strong></span> <span class='ocrx_word' id='word_1_232' title='bbox 649 2579 794 2654; x_wconf 78' lang='grc' dir='ltr'><strong><em>ἡμᾶς</em></strong></span> <span class='ocrx_word' id='word_1_233' title='bbox 844 2580 1147 2654; x_wconf 80' lang='grc' dir='ltr'><strong><em>ἡγούμενοι</em></strong></span> <span class='ocrx_word' id='word_1_234' title='bbox 1200 2581 1371 2647; x_wconf 74' lang='grc' dir='ltr'><strong><em>ἄλλας</em></strong></span> <span class='ocrx_word' id='word_1_235' title='bbox 1429 2579 1518 2637; x_wconf 85' lang='grc' dir='ltr'><strong><em>ἐπ’</em></strong></span> <span class='ocrx_word' id='word_1_236' title='bbox 1561 2580 1753 2643; x_wconf 76' lang='grc' dir='ltr'><strong><em>ἄλλαις</em></strong></span> 
     </span>
     <span class='ocr_line' id='line_1_31' title="bbox 147 2664 1814 2738; baseline -0.001 -19"><span class='ocrx_word' id='word_1_237' title='bbox 147 2670 551 2737; x_wconf 87' lang='grc' dir='ltr'><strong><em>προσετίθεμεν</em></strong></span> <span class='ocrx_word' id='word_1_238' title='bbox 601 2671 825 2737; x_wconf 89' lang='grc' dir='ltr'><strong><em>κακίας,</em></strong></span> <span class='ocrx_word' id='word_1_239' title='bbox 878 2671 935 2722; x_wconf 84' lang='grc' dir='ltr'><strong><em>οἵ</em></strong></span> <span class='ocrx_word' id='word_1_240' title='bbox 981 2688 1041 2723; x_wconf 90' lang='grc' dir='ltr'><strong><em>τε</em></strong></span> <span class='ocrx_word' id='word_1_241' title='bbox 1085 2670 1383 2732; x_wconf 83' lang='grc' dir='ltr'><strong><em>δοκοῦντες</em></strong></span> <span class='ocrx_word' id='word_1_242' title='bbox 1426 2664 1586 2738; x_wconf 75' lang='grc' dir='ltr'><strong><em>ἡμῶν</em></strong></span> <span class='ocrx_word' id='word_1_243' title='bbox 1625 2684 1748 2719; x_wconf 91' lang='grc' dir='ltr'><strong><em>ποι-</em></strong></span> <span class='ocrx_word' id='word_1_244' title='bbox 1773 2686 1814 2718; x_wconf 87' lang='lat'><strong><em>30</em></strong></span> 
     </span>
     <span class='ocr_line' id='line_1_32' title="bbox 147 2747 1753 2823; baseline -0.001 -20"><span class='ocrx_word' id='word_1_245' title='bbox 147 2748 308 2819; x_wconf 84' lang='grc' dir='ltr'><strong><em>μένες</em></strong></span> <span class='ocrx_word' id='word_1_246' title='bbox 366 2748 466 2805; x_wconf 85' lang='grc' dir='ltr'><strong><em>τὸν</em></strong></span> <span class='ocrx_word' id='word_1_247' title='bbox 524 2755 620 2821; x_wconf 85' lang='grc' dir='ltr'><strong><em>τῆς</em></strong></span> <span class='ocrx_word' id='word_1_248' title='bbox 688 2756 1013 2822; x_wconf 89' lang='grc' dir='ltr'><strong><em>θεοσεβείας</em></strong></span> <span class='ocrx_word' id='word_1_249' title='bbox 1076 2750 1295 2823; x_wconf 82' lang='grc' dir='ltr'><strong><em>θεσμὸν</em></strong></span> <span class='ocrx_word' id='word_1_250' title='bbox 1363 2747 1753 2822; x_wconf 73' lang='grc' dir='ltr'><strong><em>παρωσάμενοι</em></strong></span> 
     </span>
     <span class='ocr_line' id='line_1_33' title="bbox 146 2829 1751 2907; baseline -0.001 -20"><span class='ocrx_word' id='word_1_251' title='bbox 146 2844 267 2898; x_wconf 91' lang='grc' dir='ltr'><strong><em>ταῖς</em></strong></span> <span class='ocrx_word' id='word_1_252' title='bbox 297 2832 435 2907; x_wconf 86' lang='grc' dir='ltr'><strong><em>πρὸς</em></strong></span> <span class='ocrx_word' id='word_1_253' title='bbox 467 2832 743 2906; x_wconf 88' lang='grc' dir='ltr'><strong><em>ἀλλήλους</em></strong></span> <span class='ocrx_word' id='word_1_254' title='bbox 774 2833 1147 2907; x_wconf 82' lang='grc' dir='ltr'><strong><em>ἀνεφλέγοντο</em></strong></span> <span class='ocrx_word' id='word_1_255' title='bbox 1178 2839 1567 2906; x_wconf 90' lang='grc' dir='ltr'><strong><em>φιλονεικίαις,</em></strong></span> <span class='ocrx_word' id='word_1_256' title='bbox 1607 2829 1751 2886; x_wconf 79' lang='grc' dir='ltr'><strong><em>αὐτὰ</em></strong></span> 
     </span>
    </p>
   </div>
  </div>
 </body>
</html>
