2032 3174
212 128 276 170 IV
835 125 1195 171 PRAEFATIO.

218 250 453 290 tacuerunt
491 243 558 288 vel
596 242 707 289 falsa
744 242 1044 288 tradiderunt.
1104 242 1254 289 Codici
1289 244 1565 290 Mazarinaeo
1604 251 1749 290 aetate
1778 253 1823 291 et

215 315 490 360 auctoritate
526 315 758 373 proximus
795 319 865 358 est
900 312 1139 359 Vaticanus
1177 313 1306 373 399,
1349 315 1477 360 cuius
1511 315 1718 360 notitiam
1747 315 1826 360 ali·

218 398 351 444 quam
379 383 534 428 habuit
561 382 765 428 Valesius
804 383 857 428 ab
883 383 1000 429 Luca
1026 383 1262 429 Holstenio
1299 391 1542 444 acceptam,
1578 384 1824 431 lectionum

216 460 427 514 excerpta
477 453 617 498 edidit
650 453 952 499 Laemmerus.
1015 453 1194 499 Tertius
1233 454 1432 498 eiusdem
1463 455 1641 513 generis
1669 455 1822 510 codex,

218 524 307 570 etsi
334 524 613 569 Mazarinaeo
652 531 697 568 et
723 524 935 569 Vaticano
962 523 1139 569 duobus
1179 523 1270 568 scre
1307 523 1471 569 seculis
1499 524 1716 582 inferior,
1755 533 1825 571 est

215 594 496 652 Dresdensis,
524 594 721 654 scriptus
749 595 795 639 in
821 592 1093 639 membranis
1120 593 1274 639 seculo
1302 593 1586 652 duodecimo,
1613 595 1692 639 sed
1713 609 1826 641 non·

219 665 325 710 dum
350 666 529 723 integer
555 662 760 710 collatuS.

324 734 541 790 Quartum
578 735 698 779 inter
732 734 912 780 codices
953 734 1234 794 antiquiores
1275 734 1427 779 locum
1455 740 1592 788 ,tenet
1630 734 1826 780 Venetus

215 805 466 850 Marcianus
495 803 613 862 338,
652 804 1016 851 membranaceus
1045 803 1185 849 seculi
1220 803 1397 856 decimi,
1436 804 1826 864 negligentissime

217 874 411 920 collatus
437 874 481 919 in
509 888 640 919 usum
661 875 849 920 Burtoni
876 888 959 919 nec
978 875 1086 919 satis
1107 872 1349 933 diligenter
1371 873 1423 920 ab
1446 874 1562 920 aliis.
1610 874 1689 920 Hic
1714 874 1829 920 liber

218 946 305 990 ctsi
330 940 605 990 Mazarinaeo
642 950 788 990 aetate
826 959 906 1005 par
941 951 1081 989 estet
1109 943 1224 989 bona
1260 943 1453 1004 plurima
1488 959 1588 990 cum
1626 958 1680 990 co
1708 958 1828 990 com·

217 1016 372 1060 munia
414 1027 497 1061 nec
540 1008 690 1075 pauca
733 1015 817 1060 sibi
854 1016 1039 1075 propria
1082 1013 1248 1072 habet,
1295 1021 1442 1060 tamen
1484 1015 1527 1059 in
1564 1014 1826 1060 universum

218 1085 491 1147 auctoritate
527 1091 573 1130 et
599 1083 803 1131 bonitate
829 1084 1075 1131 lectionum
1110 1084 1248 1144 longe
1274 1083 1352 1130 illo
1379 1085 1569 1131 inferior
1595 1092 1691 1142 est,
1727 1100 1829 1146 par·

222 1158 302 1201 tim
328 1155 619 1201 librariorum
643 1156 810 1216 partim
837 1154 1216 1215 interpolatorum
1243 1154 1391 1215 culpa,
1429 1156 1504 1215 qui
1533 1155 1636 1200 iude
1662 1155 1716 1200 ab
1744 1169 1825 1200 an-

223 1225 491 1286 tiquissimis
529 1225 812 1286 temporibus
849 1227 897 1271 in
934 1226 1021 1271 hoc
1047 1225 1228 1270 Eusebii
1254 1238 1392 1286 opere
1421 1226 1595 1286 pariter
1621 1239 1673 1272 ac
1695 1225 1827 1271 Prae-

220 1297 457 1357 paratione
483 1295 746 1356 Evangelica
771 1296 1015 1356 plurimum
1040 1295 1266 1341 libertatis
1293 1295 1378 1341 sibi
1403 1302 1680 1342 sumserunt.

331 1366 557 1422 Quattuor
601 1367 671 1411 his
715 1365 946 1412 codicibus
990 1365 1218 1426 primariis
1269 1367 1346 1425 qui
1389 1372 1597 1412 accurate
1647 1364 1830 1412 collatis

221 1437 384 1494 utitur,
422 1437 589 1482 ceteris
615 1435 745 1481 libris
772 1435 1121 1495 recentioribus,
1150 1449 1344 1496 quorum
1372 1449 1457 1482 nec
1485 1435 1693 1482 dissensu
1718 1436 1832 1481 anti·

222 1508 434 1567 quiorum
470 1506 677 1552 codicum
714 1508 958 1552 auctoritas
989 1507 1209 1552 minuitur
1243 1519 1327 1552 nec
1361 1520 1586 1552 consensu
1621 1512 1833 1565 augetur,

220 1576 488 1637 plerumque
515 1589 673 1622 carere
699 1578 887 1636 poterit.
962 1577 1070 1622 Nam
1097 1573 1209 1622 nibil
1236 1576 1333 1621 sere
1367 1575 1602 1636 proprium
1630 1575 1714 1621 sibi
1752 1576 1830 1621 ha-

221 1646 330 1691 bent
355 1653 535 1706 praeter
560 1645 849 1706 librariorum
875 1659 1056 1692 errores
1085 1653 1130 1691 et
1156 1659 1293 1691 novas
1321 1659 1372 1692 ac
1400 1647 1664 1691 temerarias
1693 1646 1833 1691 inter-

224 1715 505 1776 polationes,
543 1714 682 1761 illatis
721 1729 811 1760 non
847 1729 949 1761 raro
978 1715 1294 1761 additamentis
1335 1715 1388 1761 ab
1416 1715 1597 1761 Eusebii
1636 1715 1827 1761 consilio

223 1786 396 1844 alienis,
436 1785 556 1831 velut
587 1786 632 1844 1,
663 1785 745 1842 13,
775 1785 832 1843 9,
871 1785 949 1830 ubi
977 1799 1115 1845 quum
1142 1785 1361 1831 Eusebius
1387 1785 1555 1846 Abgari
1592 1786 1830 1845 epistolam

228 1863 274 1902 ct
307 1856 410 1902 Iesu
447 1855 614 1901 Christi
639 1869 723 1916 per
749 1855 965 1901 Ananiam
991 1855 1043 1900 ad
1077 1869 1172 1901 eam
1199 1869 1470 1915 responsum
1508 1855 1561 1900 ab
1588 1869 1636 1900 se
1663 1857 1832 1916 apponi

227 1926 434 1984 dixisset,
473 1925 809 1986 interpolatori,
850 1927 979 1971 cuius
1006 1926 1235 1971 inventum
1263 1925 1309 1970 in
1336 1924 1481 1971 tribus
1508 1925 1735 1985 reperitur
1760 1941 1834 1972 co-

230 1996 432 2055 dicibus,
479 1997 589 2042 haec
632 1997 923 2056 interponere
960 1995 1006 2040 in
1051 1995 1227 2042 laudem
1268 1995 1433 2041 Christi
1479 1995 1611 2042 verba
1648 1995 1834 2056 placuit,

228 2079 343 2127 quae
369 2068 519 2127 ipsum
547 2079 710 2142 genus
719 2065 896 2112 dicendi
922 2079 1011 2111 non
1038 2067 1204 2127 scripta
1233 2079 1335 2111 esse
1361 2065 1415 2111 ab
1443 2065 1637 2111 Eusebio
1665 2067 1832 2144 prodit,

225 2131 310 2181 καὶ
346 2133 502 2182 ταῦτα
533 2130 625 2195 μὲν
660 2126 818 2191 οὕτως
853 2130 1042 2213 ἔγραψε
1079 2135 1348 2196 (Abgarus),
1385 2137 1476 2195 τῆς
1511 2131 1654 2219 &effug
1681 2124 1837 2182 αὐτὸν

225 2202 339 2262 τέως
364 2197 543 2266 μικρὸν
565 2196 852 2285 αὖγασασης
878 2196 1177 2265 ἐλλάμψεως.
1225 2198 1366 2262 ὅῖξιον
1404 2199 1456 2251 δὲ
1491 2221 1571 2251 και
1600 2210 1688 2266 τῆς
1713 2196 1835 2266 πρὸς

225 2275 312 2322 τοῦ
333 2267 494 2338 Ἰησοῦ
519 2267 652 2342 αὐτῷ
686 2267 768 2321 διὰ
793 2274 881 2322 τοῦ
915 2269 1073 2322 αὐτοῦ
1105 2274 1597 2352 γραμματοκομιστοῦ
1622 2269 1833 2323 ἆποστα

228 2344 387 2408 λείσης
423 2324 722 2406 ἐπακοῦσαι,
756 2337 1064 2423 ὀλιγοστίχου
1098 2341 1214 2407 μὲν,
1252 2337 1605 2407 πολυδυνάμου
1642 2342 1694 2394 δὲ
1730 2342 1832 2393 ἐπι-

229 2415 425 2478 στολης,
468 2415 644 2463 τοῦτον
682 2407 885 2478 ἐχούσης
918 2413 1002 2463 καὶ
1038 2410 1193 2475 αὐτῆς
1228 2408 1317 2463 τὸν
1350 2409 1551 2475 τρόπον.
1627 2419 1835 2465 Eiusdem

229 2489 411 2549 generis
439 2496 508 2534 est
537 2489 659 2549 quod
684 2489 880 2535 ibidem
869 2502 913 2534 in
934 2488 1022 2534 fine
1047 2488 1077 2548 S
1102 2487 1164 2535 13
1195 2482 1319 2567 (post
1345 2482 1398 2532 ἐν
1423 2486 1485 2552 τῇ
1510 2484 1659 2568 οἰκία)
1685 2490 1731 2535 in
1757 2491 1838 2535 iis-

231 2559 331 2604 dem
367 2559 599 2606 codicibus
635 2559 835 2605 additum
872 2566 942 2605 est
980 2553 1062 2604 καὶ
1107 2548 1289 2614 πολλὰς
1333 2549 1486 2614 ἰάσεις
1521 2548 1596 2604 ἐπ’
1636 2549 1840 2618 ὀνόματι

223 2619 387 2688 Ἰησοῦ
405 2618 713 2691 ἐργάζεται,“
692 2644 717 2674 ο
740 2624 792 2675 δὲ
812 2618 964 2674 εἶπε“
971 2622 1071 2687 ναὶ,
1097 2619 1254 2689 κύριε,
1281 2623 1416 2686 ξένος
1434 2644 1508 2685 τις
1530 2623 1694 2676 ἐλθὼν
1714 2621 1835 2675 ἔντυ’

231 2709 349 2758 κησε
386 2692 504 2759 παρ’
535 2693 642 2758 ἐμοὶ
670 2695 754 2745 καὶ
781 2690 937 2746 πολλα
975 2691 1233 2779 θαυμάσια
1258 2692 1507 2746 &nevel-et?
1582 2701 1837 2760 iterumque

231 2769 261 2827 S
288 2767 355 2815 20
373 2769 503 2845 (post
527 2762 698 2828 αὐτοῦ)
737 2765 822 2815 καὶ
848 2769 953 2827 πῶς
978 2761 1198 2831 καθηται
1235 2764 1288 2816 ἐν
1325 2766 1458 2855 δεξιᾷ
1485 2767 1574 2816 τοῦ
1599 2768 1727 2815 θεοῦ
1754 2785 1838 2815 και

233 2828 415 2899 πατρὸς
450 2853 571 2899 μετα
606 2832 751 2900 δόξης
789 2835 841 2886 ἐν
866 2842 970 2897 τοῖς
1005 2832 1263 2904 οὐρανοῖς,
1299 2835 1384 2887 καὶ
1419 2837 1524 2896 πῶς
1551 2834 1839 2887 ἐλεύσεσθαι

2008 2619 2029 2638 Ι)
