2032 3174
1492 46 1508 69 N

480 133 637 174 HIST.
669 130 918 174 ECCLES.
949 131 1035 172 111.
1067 132 1134 172 24.
1166 132 1232 174 52.
1561 126 1660 179 115

54 273 192 322 νην,
211 251 306 320 τῆς
341 249 400 304 δὲ
431 254 723 320 θεολογίας
754 244 1126 319 ἀπάρξασθαι,
1160 243 1314 302 ωσὰν
1344 244 1493 321 αὐτῷ
1520 243 1659 316 πρὸς

51 336 150 391 τοῦ
177 339 341 390 θείου
373 331 682 405 πνεύματος
714 329 804 390 οἷα
844 338 1116 403 κρείττονι
1155 333 1658 403 παραπεφυλαγμέ-

52 441 164 490 νης.
258 421 337 473 14.
382 423 554 474 ταῦτα
606 418 707 489 μὲν
759 409 861 473 οὖν
905 411 1036 488 ἧμιν
1080 418 1208 488 περὶ
1246 421 1342 487 τῆς
1381 417 1479 471 τοῦ
1521 438 1657 470 κατα

45 499 310 574 Ἰωάννην
342 499 670 573 εὐαγγελίου
701 504 918 573 γραφῆς
951 498 1212 573 εἰρησθω.
1276 501 1368 555 καὶ
1399 505 1494 571 τῆς
1522 496 1659 555 κατὰ

51 585 289 657 1ῑΙΙοὲρκον
331 587 391 642 δε
432 582 464 658 ἡ
504 587 773 658 γενομένη
815 590 963 641 αἰτία
1008 587 1066 640 ἐν
1096 597 1209 649 τοῖς
1240 582 1492 657 πρόσθεν
1523 581 1656 656 ἡμῖν

55 669 378 743 δεδήλωται.
436 674 514 726 15.
549 670 577 726 ὁ
611 671 671 726 δὲ
694 671 915 733 Λουκοῖς
940 666 1242 741 ἀρχόμενος
1265 671 1355 724 καὶ
1376 666 1540 733 αὐτὸς
1561 670 1662 724 τοῦ

57 751 179 811 κατ’
214 752 384 810 αὐτὸν
415 752 839 826 συγγράμματος
870 751 970 824 τὴν
1002 758 1186 808 αἰτίαν
1217 750 1536 824 προύθηκε,
1582 749 1656 807 δι’

51 836 121 910 ἣν
160 844 450 910 πεποίηται
488 835 590 909 τὴν
621 837 910 908 σύνταξιν,
958 840 1143 909 δηλῶν
1183 835 1254 902 ὡς
1294 833 1400 905 ἄρα
1439 842 1661 892 πολλῶν

50 924 141 979 καὶ
172 919 356 978 ἄλλων
387 924 824 995 προπετέστερον
856 919 1359 992 ἐπιτετηδευκότων
1402 918 1660 993 διήγησιν

51 1005 392 1078 ποιήσασθαι
424 1030 504 1063 ων
534 1004 699 1072 αὐτὸς
738 1005 1196 1079 πεπληροφόρητο
1239 1002 1447 1076 λόγων,
1491 1028 1656 1076 αναγ-

51 1097 220 1157 καίως
250 1089 613 1148 ἀπαλλαττων
643 1090 782 1163 ἡμας
813 1095 907 1162 τῆς
939 1091 1064 1162 περὶ
1096 1113 1224 1155 τους
1256 1087 1457 1155 αλλους
1481 1087 1660 1162 ἄμφη-

51 1180 242 1247 ρίστου
272 1174 602 1248 ὑπολήψεως
632 1175 728 1232 τὸν
758 1172 983 1248 ασφαλῇ
1014 1172 1179 1245 λόγον
1221 1175 1300 1230 ὠν
1340 1171 1504 1239 αυτὸς
1546 1178 1660 1230 ἰκα-

51 1263 161 1325 νῶς
201 1259 304 1331 τὴν
344 1259 616 1332 ἀλήθειαν
655 1258 1003 1331 κατειλήφει,
1060 1261 1119 1315 ἐκ
1159 1264 1254 1330 τῆς
1295 1255 1408 1330 α’μα
1448 1256 1659 1314 Παύλω

50 1351 352 1409 συνουσίας
383 1367 440 1400 τε
470 1346 562 1400 καὶ
596 1350 880 1416 διατριβῆς
911 1346 1003 1399 καὶ
1033 1347 1129 1414 τῆς
1159 1345 1272 1399 τῶν
1295 1346 1506 1399 λοιπῶν
1528 1317 1660 1399 ἀπό-

50 1426 265 1484 στόλων
294 1427 509 1501 ὁμιλίας
542 1427 924 1501 ὠφελημένος,
968 1425 1060 1483 διόε
1101 1431 1198 1484 τοῦ
1232 1431 1379 1483 ἰδίου
1410 1429 1658 1499 παρέδω-

51 1536 148 1569 κεν
188 1509 529 1584 εὐαγγελίου.
596 1518 660 1568 16
710 1515 802 1568 καὶ
842 1516 1014 1569 ταῦτα
1053 1511 1156 1584 μὲν
1187 1510 1343 1584 ἡμεῖς
1374 1514 1499 1586 περὶ
1531 1509 1660 1568 τού-

47 1611 184 1652 των’
217 1596 551 1669 οἰκειότερον
582 1598 642 1654 δὲ
667 1597 804 1653 κατὰ
828 1594 1022 1670 καιρὸν
1048 1594 1139 1652 διὰ
1160 1602 1256 1667 τῆς
1278 1599 1390 1652 τών
1413 1593 1660 1670 ἀρχαίων

49 1683 411 1753 παραθέσεως
441 1681 508 1738 τὰ
537 1684 630 1738 καὶ
661 1696 774 1748 τοῖς
804 1681 990 1747 ἄλλοις
1020 1683 1148 1754 περὶ
1179 1679 1367 1737 αὐτῶν
1399 1683 1660 1754 εἰρημένα

0 1763 428 1867 “’πειρασόμεθα
462 1770 722 1864 δηλωσαι.
759 1771 838 1822 17.
866 1770 980 1822 τῶν
1011 1765 1072 1822 δε
1092 1762 1353 1823 Ἰωάννου
1379 1783 1659 1838 συγγραμ-

48 1872 234 1922 ματων
271 1848 408 1923 πρὸς
446 1854 524 1927 τῷ
565 1849 867 1927 εὐαγγελίῳ
909 1852 999 1906 καὶ
1039 1849 1073 1922 ἡ
1115 1851 1355 1924 προτέρα
1395 1873 1505 1906 των
1540 1852 1656 1906 ἐπι-

46 1937 266 1990 στολων
308 1957 458 2007 παρα
505 1958 564 1991 τε
605 1950 718 2001 τοῖς
757 1939 865 1992 νῦν
903 1937 995 1991 καὶ
1035 1947 1149 2000 τοῖς
1194 1931 1442 2009 αρχαίοις
1490 1958 1661 2007 αναμ-

50 2023 305 2090 φίλεκτος
338 2018 712 2092 ωμολόγηται,
745 2016 1124 2092 αντιλέγονται
1157 2019 1218 2075 δε
1243 2024 1304 2075 αἱ
1324 2021 1510 2075 λοιπαὶ
1543 2018 1659 2075 δυό.

53 2105 133 2159 18.
167 2106 264 2175 τῆς
299 2102 347 2160 δ’
378 2102 806 2172 Ἀποκαλύψεως
839 2101 929 2177 ἐφ’
967 2102 1233 2176 ἑκάτερον
1266 2109 1343 2159 ἔτι
1375 2106 1483 2160 νῦν
1514 2101 1662 2175 παρὰ

47 2199 159 2252 τοῖς
189 2195 412 2255 πολλοῖς
442 2191 788 2263 περιέλκεται
817 2187 852 2261 ἡ
885 2189 1031 2257 δόξα.
1087 2185 1234 2261 ὅμως
1259 2213 1321 2260 γε
1345 2187 1456 2261 μὴν
1483 2191 1542 2245 ἐκ
1566 2192 1662 2259 τῆς

46 2273 158 2327 τῶν
188 2269 436 2345 ἀρχαίων
465 2279 769 2348 μαρτυρίας
803 2277 863 2330 ἐν
892 2279 1080 2350 οἰκείῳ
1112 2275 1289 2350 καιρῷ
1317 2270 1420 2345 τὴν
1452 2275 1657 2347 ἐπίκρι-

47 2370 140 2410 σιν
172 2357 380 2423 δέξεται
411 2360 503 2414 καὶ
537 2356 694 2430 αὐτή.

192 2449 334 2499 XXV.
390 2450 518 2516 [Nic.
547 2452 605 2501 H.
633 2453 696 2508 E,
725 2452 783 2509 ΙΙ,
811 2450 923 2519 46.]
1008 2439 1264 2513 Εῧλογον
1313 2439 1364 2498 δ’
1415 2443 1660 2499 ἐνταῦθα

47 2524 379 2595 γενομένους
417 2520 1022 2598 ἀνακεφαλαιώσασθαι
1059 2524 1155 2592 τὰς
1188 2531 1536 2598 δηλωθείσας
1567 2531 1662 2597 τῆς

49 2613 240 2680 καινῆς
281 2606 553 2681 διαθήκης
591 2609 825 2683 γραφάς.
894 2613 987 2668 καὶ
1034 2610 1102 2683 δὴ
1142 2613 1371 2668 τακτέον
1414 2613 1474 2666 ἐν
1511 2607 1660 2682 πριό-

39 2686 160 2757 Ὗτοις
189 2691 291 2764 τὴν
321 2690 487 2764 ἁγίαν
527 2699 640 2750 τῶν
681 2692 1023 2766 εὐαγγελίων
1063 2693 1392 2770 τετρακτὺν,
1426 2690 1508 2760 οἷς
1538 2697 1658 2750 ἕπε-

161 2884 186 2924 5
219 2881 269 2926 ἐν
301 2887 403 2934 τοῖς
433 2878 670 2941 πρόσθεν]
705 2889 844 2940 2,1ἴ).

1686 1033 1723 1063 10

1684 1454 1724 1486 15

1682 1876 1722 1908 ‘20

1683 2297 1724 2330 25

1682 2715 1723 2747 30
