2032 3174
778 139 1161 182 ΚΑΤΑΓΡΑΦΗ
1665 140 1779 180 XIII

168 251 223 324 ζ’.
256 248 343 312 ,Ως
370 251 455 301 καὶ
477 249 614 316 μέχρι
635 257 736 301 τῶν
760 250 864 301 τότε
883 259 1072 317 καιρῶν
1097 249 1180 300 διὰ
1205 270 1305 301 των
1323 258 1513 300 πιστῶν
1539 249 1775 315 δυνάμεις

240 321 540 408 ἐνηργοῦντο
565 321 849 387 παράδοξοι.

164 391 228 456 η’.
254 388 474 452 *Ὅπως*
452 411 477 440 ο
505 392 776 456 Εἰρηναῖος
803 400 906 441 των
929 391 1088 440 θείων
1112 391 1410 456 μνημονεύει
1435 410 1656 457 γραφων.

165 462 237 511 θ’.
278 463 347 512 Οἵ
365 461 489 511 κατὰ
517 461 749 526 Κόμοδον
775 459 1234 522 ἐπισκοπεύσαντες.

165 532 214 581 ι’.
255 531 382 599 Περὶ
407 532 699 582 Πανταίνου
727 540 812 582 τοῦ
840 531 1134 595 φιλοσόφου.

168 602 248 650 ια’.
291 602 416 668 Περὶ
442 602 611 667 Κλημε
618 621 725 662 ντος
751 609 840 652 τοῦ
861 599 1233 667 Ἀλεξανδρέως.

167 673 250 738 ιβ’.
290 673 418 738 Περὶ
444 692 543 722 των
569 672 623 722 ἐν
642 670 996 745 Ἱεροσολύμοις
1024 671 1324 721 ἐπισκόπων.

166 762 246 809 ιγ.
287 743 412 808 Περὶ
439 739 677 802 Ῥόδωνος
713 742 796 792 καὶ
833 745 894 807 ῆς
932 741 1298 807 ἐμνημόνευσεν
1333 741 1455 792 κατὰ
1495 742 1778 807 Μαρκίωνα

239 813 534 877 διαφωνίας.

169 883 250 933 ιδ’.
291 882 418 950 Περὶ
444 891 544 932 τῶν
567 881 690 931 κατὰ
718 882 921 949 Φρύγας
948 884 1398 949 ψευδοπροφητῶν.

168 953 242 1004 ιε’.
282 953 410 1020 Περὶ
428 960 516 1003 τοῦ
534 951 659 1002 κατὰ
674 953 893 1003 Βλαστον
914 953 993 1002 ἐπὶ
1006 951 1193 1018 Ῥωμης
1213 951 1481 1020 γενομένου
1501 953 1775 1017 σχίσματος

168 1023 249 1083 ις’.
275 1022 406 1072 ’Ὅσα
431 1023 542 1090 περὶ
567 1027 846 1074 Μοντανοῦ
870 1023 953 1073 καὶ
979 1043 1080 1073 των
1104 1020 1208 1088 μετ’
1238 1021 1394 1073 αὐτοῦ
1420 1024 1779 1087 ψευδοπροφη-

241 1113 343 1144 των
367 1093 739 1158 μνημονεύεται.

170 1164 246 1224 ιζ’.
287 1164 413 1230 Περὶ
436 1164 720 1214 Μιλτιαδου
746 1164 830 1214 καὶ
854 1184 929 1214 ων
954 1163 1188 1226 συνέταξε
1213 1163 1386 1231 λόγων.

171 1234 252 1299 ιη’.
278 1234 411 1283 ’Ὅσα
437 1235 522 1284 καὶ
541 1231 864 1294 Ἀπολλώνιος
891 1233 1005 1294 τοὺς
1032 1234 1156 1284 κατὰ
1182 1233 1385 1302 Φρύγας
1412 1231 1671 1299 οἷπήλεγξε,
1699 1233 1782 1284 καὶ

240 1305 391 1354 τίνων
417 1303 801 1370 ἐμνημόνευσεν.

172 1375 263 1424 ιθ’.
304 1376 641 1440 Σαραπίωνος
666 1375 777 1442 περὶ
802 1383 888 1440 τῆς
916 1383 1015 1425 τῶν
1039 1378 1257 1442 Φρυγῶν
1281 1374 1528 1441 αἷρέσεως.

171 1445 232 1494 κ’.
258 1444 387 1493 ιὍσα
417 1446 688 1511 Εἰρηναῖος
714 1451 816 1505 τοῖς
844 1444 924 1495 ἐπὶ
952 1443 1139 1510 Ῥώμης
1166 1451 1500 1511 σχισματικοῑς
1529 1444 1784 1511 ἐγγραφως

244 1516 518 1564 διείλεκται.

171 1585 266 1634 κα’.
289 1585 461 1644 ’Ὅπως
489 1583 566 1634 ἐπι
587 1582 776 1650 Ρώμης
804 1584 1140 1652 ἐμαρτύρησεν
1160 1583 1502 1645 Ἀπολλώνιος.

173 1655 269 1721 κβ’.
313 1656 455 1715 Τίνες
481 1653 606 1704 κατὰ
632 1654 835 1715 τούτους
863 1655 1121 1705 ἐπίσκοποι
1147 1655 1475 1721 ἐγνωρίζοντο.

173 1725 263 1791 κγ’.
304 1725 432 1792 Περὶ
466 1733 555 1775 τοῦ
580 1725 685 1776 τότε
710 1724 1006 1790 κινηθέντος
1031 1723 1160 1791 ἀμφὶ
1194 1733 1280 1775 τοῦ
1304 1724 1472 1790 πάσχα
1499 1725 1782 1790 ζητήματος.

175 1795 267 1845 κδ’.
308 1795 436 1862 Περὶ
460 1803 548 1861 τῆς
574 1794 698 1845 κατὰ
725 1795 817 1861 τὴν
838 1793 1011 1846 Ἀσίαν
1035 1797 1331 1861 διαφωνίας.

173 1865 258 1916 κε’.
282 1865 454 1926 ’Ὅπως
470 1871 571 1926 τοῖς
586 1874 710 1915 πᾶσι
724 1867 812 1931 μία
821 1875 993 1932 ψῆφος
1009 1867 1119 1933 περὶ
1137 1875 1227 1916 τοῦ
1245 1864 1410 1931 πάσχα
1427 1865 1783 1930 συνεφωνήθη.

175 1937 266 1995 κς’.
289 1935 419 1985 ’Ὅσα
445 1944 533 2002 τῆς
554 1938 830 2002 Εἰρηναίου
850 1938 1139 2001 φιλοκαλίας
1165 1937 1250 1988 καὶ
1274 1939 1344 1997 εἰς
1369 1934 1499 2002 ἡμᾶς
1520 1941 1784 2001 κατῆλθεν.

175 2007 262 2067 κζ’.
285 2005 415 2056 ”Ὀσα
440 2006 524 2056 καὶ
547 2026 646 2056 των
670 2011 858 2057 λοιπων
882 2027 983 2058 των
1006 2008 1238 2073 τηνικαδε
1264 2005 1668 2073 συνηκμακότων.

175 2077 269 2158 κη’.
309 2076 436 2142 Περὶ
459 2085 560 2127 των
593 2075 686 2142 τὴν
706 2075 1004 2144 Ἀρτέμωνος
1030 2079 1224 2145 αἵρεσιν
1250 2077 1299 2140 ἐξ
1330 2086 1488 2143 αρχης
1513 2081 1786 2144 προβεβλη-

246 2145 436 2212 μένων·
476 2142 574 2196 οἷοί
595 2166 644 2197 τε
669 2146 756 2197 τὸν
780 2148 964 2215 τρόπον
986 2149 1235 2214 γεγόνασι,
1262 2148 1346 2199 καὶ
1369 2147 1505 2208 όπως
1531 2169 1616 2209 τας
1643 2147 1786 2215 αγίας

246 2217 442 2284 γραφὰς
468 2218 766 2283 διαφθεῖραι
791 2219 1155 2284 τετολμήκασιν.

835 2346 1043 2388 ΛΟΓΟΣ
1076 2346 1120 2388 ς.

180 2429 243 2478 α’.
284 2428 411 2494 Περὶ
435 2435 524 2478 τοῦ
548 2428 672 2478 κατὰ
699 2431 929 2495 Σεβῆρον
953 2431 1186 2496 διωγμοῦ.

180 2499 244 2565 β’.
285 2498 411 2564 Περὶ
435 2507 522 2563 τῆς
544 2496 833 2566 Ὠριγένους
861 2499 914 2549 ἐκ
938 2501 1118 2561 παιδὸς
1143 2498 1414 2566 ασκήσεως.

180 2569 240 2636 γ’.
273 2566 363 2628 Ὡς
390 2569 570 2634 κομιδῆ
595 2568 706 2629 νέος
733 2568 807 2620 ὧν
832 2569 919 2620 τὸν
945 2574 1165 2638 Χριστοῦ
1190 2571 1337 2638 λόγον
1363 2570 1674 2657 ἐπρέσβευεν.

181 2639 241 2689 δ’.
268 2638 413 2687 Ὀσοι
439 2637 508 2688 δι’
537 2636 695 2689 αὐτοῦ’
719 2640 1084 2706 κατηχηθέντες
1111 2643 1442 2709 προήχθησαν
1466 2660 1721 2707 μαρτυρες.

182 2709 235 2759 ε’.
278 2708 402 2775 Περὶ
428 2711 785 2775 Ποταμιαίνης.

183 2779 244 2837 ς’.
287 2779 412 2845 Περὶ
437 2779 719 2844 Κλήμεντος
746 2789 835 2831 τοῦ
857 2777 1232 2849 Ἀλεξανδρέως

182 2849 238 2910 ζ’.
278 2849 403 2916 Περὶ
423 2846 589 2899 Ἰούδα
616 2864 869 2918 σύγγραφε
849 2851 955 2912 ε’.ως
