1986 3152
269 104 374 155 216
924 102 1170 144 EUSEBII

266 216 598 292 “σχίσματος
641 223 849 291 αἵρεσις
890 215 1026 289 πρὸς
1065 216 1169 289 τὴν
1210 219 1506 290 ἐκκλησίαν
1549 217 1652 290 τὴν
1691 223 1880 277 αἰτίαν

265 299 427 375 “ἔσχε
457 302 731 373 τοιαύτην.
789 306 833 358 7.
867 299 1023 373 κώμη
1048 325 1125 367 τις
1149 301 1290 358 εἶναι
1313 303 1527 374 λέγεται
1562 304 1622 359 ἐν
1650 306 1716 375 τῇ
1738 301 1878 360 κατὰ

262 383 400 457 “τὴν
434 391 690 459 Φρυγίαν
714 391 932 460 Μυσίᾳ,
964 387 1276 458 καλουμένη
1300 383 1584 458 Ἀρδαβαῦ
1608 382 1848 459 τοῦνομα
1863 402 1876 413 ’

263 466 443 527 “ἔνθα
472 476 617 542 φασί
641 492 766 526 τινα
796 473 908 526 τῶν
939 474 1246 526 νεοπίστων
1274 468 1531 542 πρώτως,
1575 468 1881 528 Μοντανὸν

227 581 246 611 5
263 550 559 662 εΞΙτούνομα,
591 553 728 610 κατὰ
760 558 976 627 Γρᾶτον
1000 551 1185 619 Ἀσίας
1209 551 1558 626 ἀνθύπατον,
1593 556 1652 611 ἐν
1678 556 1876 612 ἐπιθυ-

262 634 399 743 :pla
429 643 608 712 ψυχῆς
633 634 848 714 ἀμέτρῳ
880 644 1283 711 φιλοπρωτειάς
1317 636 1485 694 δόντα
1515 635 1765 711 πάροδον
1797 644 1879 704 εἰς

262 718 498 780 ’Ἑαυτὸν
526 747 601 799 τῳ
634 721 993 798 ἀντικειμένῳ
1037 725 1648 795 πνευματοφορηθῆναί
1685 746 1743 779 τε
1784 723 1876 779 καὶ

258 802 598 880 “αίφνιδίως
642 809 702 863 ἐν
733 809 936 879 κατοχῇ
976 831 1085 863 τινι
1119 807 1211 862 καὶ
1242 804 1609 878 παρεκστάσει
1646 804 1876 879 γενόμε-

264 886 402 948 “νον
435 893 738 948 ἐνθουσιᾶν
769 888 1051 965 ἄρξασθαί
1074 915 1132 947 τε
1163 898 1354 947 λαλεῖν
1395 893 1485 947 καὶ
1516 893 1874 963 ξενοφωνεϊν,

206 999 244 1032 10
260 970 449 1078 (Σπαρά
480 974 540 1031 τὸ
571 998 708 1031 κατα
742 973 1051 1048 παράδοσιν
1081 977 1172 1031 καὶ
1197 972 1333 1030 κατὰ
1358 973 1626 1047 διαδοχην
1649 973 1879 1033 ἄνωθεν

260 1054 396 1159 ἶτῆς
429 1061 718 1131 ἐκκλησίας
744 1064 876 1124 ἔθος
905 1061 1082 1132 δῆθεν
1106 1058 1542 1130 προφητεύοντα.
1598 1063 1643 1115 8.
1677 1064 1790 1116 τῶν
1813 1059 1878 1116 δὲ

261 1138 422 1199 “’κατ
458 1145 635 1200 ἐκεῖνο
667 1146 863 1247 καιροῦ
908 1146 968 1199 ἐν
999 1146 1064 1215 τῇ
1095 1148 1208 1199 τῶν
1237 1141 1428 1200 νόθων
1463 1141 1878 1215 ἐκφωνημάτων

258 1222 555 1299 ((ἀκροάσει
586 1228 902 1299 γενομένων
934 1231 990 1283 οἱ
1017 1227 1119 1299 μὲν
1150 1250 1223 1292 ως
1257 1228 1342 1283 ἐπὶ
1370 1229 1751 1302 ἐνεργουμένῳ
1783 1229 1875 1284 καὶ

257 1306 634 1383 ’δαιμονῶντι
663 1312 754 1366 καὶ
789 1314 848 1367 ἐν
879 1309 1090 1382 πλάνης
1131 1309 1402 1383 πνεύματι
1443 1305 1746 1384 υπάρχοντι
1783 1313 1873 1368 καὶ

204 1419 244 1449 15
263 1393 425 1461 “τοὺς
457 1392 653 1468 ὄχλους
683 1392 1003 1469 ταράττοντι
1026 1391 1328 1468 ἀχθόμενοι
1354 1397 1628 1467 ἐπετίμων
1659 1397 1750 1452 καὶ
1782 1403 1875 1452 λα-

258 1477 418 1535 ““λεῖν
450 1478 726 1551 ἐκώλυον,
767 1483 1102 1552 μεμνημένοι
1140 1483 1236 1552 τῆς
1276 1483 1375 1536 τοῦ
1417 1486 1615 1550 κυρίου
1658 1484 1873 1536 διαστο-

258 1562 392 1635 “λῆς
432 1587 491 1620 τε
531 1565 622 1620 καὶ
663 1561 892 1635 ἀπειλῆς
935 1561 1070 1637 πρὸς
1108 1562 1167 1620 τὸ
1208 1563 1588 1636 φυλάττεσθαι
1631 1563 1733 1635 τὴν
1761 1566 1876 1620 τῶν

260 1645 781 1722 “ψευδοπροφητων
824 1646 1196 1722 ἐγρηγορότως
1228 1654 1566 1719 παρουσίαν
1609 1671 1661 1704 οι
1706 1649 1767 1704 δε
1799 1672 1873 1713 ως

256 1726 437 1808 “οἷγίῳ
471 1731 744 1805 πνεύματι
774 1735 865 1788 καὶ
897 1754 1219 1834 προφητικῳ
1250 1738 1542 1805 χαρίσματι
1577 1730 1857 1805 ἐπαιρόμε-

198 1814 268 1869 20‘
272 1814 378 1872 “νοι
409 1818 498 1872 καὶ
533 1841 631 1889 ουχ
672 1817 832 1889 ἥκιςα
874 1815 1271 1889 χαυνούμενοι,
1314 1818 1405 1872 καὶ
1446 1821 1539 1888 τῆς
1582 1821 1874 1889 διαστολῆς

254 1898 390 1957 “τοῦ
422 1907 620 1973 κυρίου
649 1900 1164 1973 ἐπιλανθανόμενοι,
1195 1899 1255 1957 τὸ
1281 1906 1603 1972 βλαψίφρον
1625 1902 1716 1956 καὶ
1737 1898 1870 1957 ὑπο-

253 1982 600 2054 “κοριστικόν
652 1987 744 2041 καὶ
796 1983 1111 2042 λαοπλάνον
1163 1991 1379 2057 πνεῦμα
1432 1989 1869 2059 προυκαλοῦντο,

257 2065 624 2139 “θελγόμενοι
664 2071 756 2125 καὶ
800 2067 1151 2142 πλανώμενοι
1192 2065 1293 2125 ’ὑπ’
1327 2067 1528 2139 αὐτοῦ,
1574 2075 1650 2136 εἰς
1681 2067 1740 2124 τὸ
1770 2093 1869 2140 μη-

254 2148 406 2206 “κέτι
450 2150 768 2208 κωλύεσθαι
811 2156 1040 2209 σιωπᾶν.
1104 2158 1149 2208 9.
1193 2155 1356 2225 τέχνῃ
1392 2154 1455 2207 δέ
1481 2177 1619 2223 τινι,
1660 2157 1871 2224 μᾶλλον

194 2256 235 2288 25
254 2233 353 2290 τεδὲ
383 2236 610 2309 τοιαύτῃ
634 2235 861 2311 μεθόδῳ
886 2242 1237 2309 κακοτεχνίας
1268 2232 1295 2291 (ἶ
1326 2235 1580 2308 διάβολος
1605 2234 1706 2306 τὴν
1733 2236 1869 2292 κατὰ

255 2316 405 2376 “των
437 2318 735 2391 παρηκόων
775 2318 1055 2377 ἀπώλειαν
1086 2319 1575 2393 μηχανησάμενος,
1609 2322 1696 2376 καὶ
1731 2318 1860 2391 παρ’

252 2398 498 2470 “ἀξίαν
467 2401 564 2460 υπ’
594 2400 780 2460 αὐτῶν
804 2428 1126 2477 τιμωμενος,
1159 2403 1484 2510 ὑπεξήγειρέ
1504 2427 1560 2460 τε
1583 2407 1674 2461 καὶ
1699 2423 1866 2476 προσ-

252 2484 584 2554 “εξέκαυσεν
609 2486 793 2544 αὐτων
816 2487 918 2560 τὴν
943 2487 1456 2561 ἀποκεκοιμημένην
1487 2485 1594 2544 ἀπὸ
1619 2493 1714 2561 τῆς
1737 2486 1858 2545 κατ’

250 2568 313 2589 “9

249 2569 563 2674 “αληθειαν
594 2579 827 2639 πίστεως
854 2571 1126 2644 διάνοιαν,
1161 2598 1233 2639 ως
1257 2575 1352 2629 καὶ
1380 2574 1565 2642 ἑτέρας
1589 2571 1738 2639 τινας
1763 2570 1866 2628 δύο

191 2653 262 2706 30
249 2653 555 2758 τἱγυναῖκας
600 2659 875 2729 ἐπεγειραι
917 2659 1007 2713 καὶ
1047 2661 1143 2714 τοῦ
1174 2655 1352 2714 νόθου
1384 2655 1691 2727 πνεύματος
1725 2665 1863 2727 πλη-
1935 2704 1986 2725 N„

249 2737 491 2812 “ρωσαι,
544 2764 618 2805 ως
663 2742 753 2796 καὶ
796 2749 989 2799 λαλεῖν
1033 2741 1314 2815 ἐκφρόνως
1357 2742 1448 2797 καὶ
1490 2737 1728 2813 ἀκαίρως
1770 2742 1862 2796 καὶ

248 2820 317 2842 (θ’

285 2823 755 2898 αλλοτριοτρόπως
771 2870 784 2897 ,
829 2820 1028 2898 ὁμοίως
1059 2850 1134 2902 τῳ
1166 2828 1567 2901 προειρημένῳ,
1611 2827 1699 2880 καὶ
1731 2821 1859 2890 τούς
