1986 3152
619 120 777 162 Hls'r.
805 119 1058 162 EOCLES.
1088 121 1144 161 x.
1173 122 1215 163 4.
1621 119 1728 171 469

118 240 563 311 μεγαλοδωρεαῖς
597 239 832 304 ἐπαξίως
862 236 1124 309 τιμήσας,
1157 230 1324 303 αὖθις
1348 237 1440 292 καὶ
1472 235 1561 292 διὰ
1591 236 1726 293 τού-

114 344 228 377 των
258 320 358 386 τας
389 326 568 397 μικρῷ
601 321 856 394 πρόσθεν
888 321 1286 395 ε’ρρυπωμένας
1328 320 1540 393 ψυχας,
1586 320 1726 394 ὕλης

113 428 172 461 τε
202 411 470 472 παντοίας
500 407 594 462 καὶ
623 406 872 479 χώματος
903 404 1124 477 ἀσεβῶν
1156 403 1541 480 ἐπιταγμάτων
1580 423 1725 478 συμ-

114 491 532 563 πεφορημένας,
578 490 736 564 ὅρνξι
787 491 880 547 καὶ
922 493 1196 556 δικέλλαις
1240 503 1360 556 ταῖς
1404 498 1725 562 πληκτικαῖς

116 579 232 630 τῶν
262 575 609 648 μαθημάτων
641 579 1022 641 διδασκαλίαις
1054 575 1359 649 ἐξεκάθηρέ
1381 598 1439 632 τε
1469 575 1563 630 καὶ
1586 572 1725 631 ἇπέ-
1748 598 1769 631 5

115 661 311 731 σμηξε·
343 663 426 716 61.
463 658 721 733 λαμπρόν
750 683 808 716 τε
837 660 931 715 καὶ
962 663 1164 731 διαυγῆ
1187 664 1283 731 τῆς
1308 659 1538 716 πάντων
1562 654 1726 732 ὑμῶν

114 748 363 809 διανοίας
393 743 495 800 τὸν
519 749 708 817 ’χῶρον
739 740 1209 816 ἀπειργασμένος,
1245 745 1494 800 ἐνταῦθα
1525 743 1725 800 λοιπὸν

113 833 192 904 τῷ
224 828 498 904 πανσόφῳ
542 828 636 883 καὶ
665 835 925 899 θεοφιλεῖ
964 832 1108 902 τῷδε
1150 829 1548 901 παραδέδωκεν
1589 823 1726 900 ῆγε-

114 911 262 985 μόνι,
288 909 348 978 ὃς
371 911 438 967 τά
460 934 520 968 τε
544 911 687 967 ἄλλα
711 912 947 984 κριτικὸς
971 912 1064 967 καὶ
1091 911 1491 982 ε’πιλογιστικὸς
1515 912 1725 984 τυγχά-

113 1019 249 1067 νων,
279 995 383 1068 τὴν
422 1000 536 1052 τῶν
578 994 734 1073 αὐτῷ
775 996 1213 1069 κεκληρωμένων
1255 1001 1454 1068 ψυχῶν
1495 990 1560 1052 εὖ
1603 1000 1726 1052 δια-
1750 1020 1791 1051 10

113 1080 407 1151 γινώσκων
445 1081 538 1136 καὶ
580 1086 942 1153 φυλοκρινεῖν
973 1080 1242 1151 διάνοιαν,
1287 1082 1346 1136 έκ
1387 1080 1608 1154 πρώτης
1649 1075 1725 1146 ὦς

115 1170 295 1221 εἰπεῖν
305 1160 515 1238 ἡμέρας
531 1170 845 1237 οἰκοδομῶν
861 1164 1021 1221 οὔπω
1038 1165 1131 1220 καὶ
1149 1170 1226 1230 είς
1245 1169 1413 1238 δεῦρο
1431 1165 1724 1236 πέπανται,

114 1249 239 1306 τοτὲ
277 1249 382 1321 μὲν
428 1253 631 1321 διαυγῆ
670 1249 771 1306 τὸν
810 1248 1053 1323 χρυσὸν,
1096 1249 1219 1305 τοτὲ
1259 1248 1321 1305 δὲ
1365 1249 1597 1322 δόκιμον
1627 1250 1724 1306 καὶ

115 1333 372 1405 καθαρὸν
393 1332 455 1390 τὸ
482 1332 752 1407 ἀργύριον
775 1335 870 1391 καὶ
893 1333 1026 1400 τούς
1047 1339 1261 1406 τιμίους
1286 1334 1378 1389 καὶ
1395 1341 1722 1399 πολυτελεῖς

115 1424 316 1484 λίθους
349 1421 410 1475 ἐν
442 1424 611 1475 πᾶσιν
639 1413 778 1491 υμῖν
809 1416 1118 1492 ἁρμόττων,
1145 1416 1218 1483 ὠς
1258 1417 1416 1490 ίεραν
1439 1411 1606 1484 αὖθις
1627 1418 1721 1474 καὶ
1747 1439 1786 1472 15

114 1502 392 1576 μυστικὴν
434 1509 613 1577 ἔργοις
654 1516 771 1569 τοῖς
813 1509 892 1569 εἰς
923 1500 1070 1575 ὑμᾶς
1100 1500 1468 1575 ἀποπληροῦν
1499 1523 1723 1576 προφη-

114 1594 287 1660 τείαν,
320 1584 396 1644 δι’
421 1612 488 1661 ης
514 1597 725 1661 εἴρηται
755 1591 838 1643 62.
864 1583 894 1605 “
881 1586 1030 1644 ἰ’δου
1067 1586 1174 1658 ε’γώ
1211 1586 1467 1659 ἑτοιμάζω
1499 1605 1587 1644 σοι
1618 1586 1723 1643 άν-

114 1681 300 1746 θρακα
330 1672 430 1729 τόν
460 1678 627 1729 λίθον
652 1690 775 1744 σου,
800 1673 893 1728 καὶ
915 1670 981 1728 τά
1005 1671 1237 1745 θεμέλιά
1261 1688 1363 1727 σου
1389 1670 1722 1744 σάπφειρον,

116 1758 211 1813 καὶ
250 1756 347 1823 τὰς
391 1757 641 1824 ἐπάλξεις
687 1775 789 1814 σου
838 1765 1057 1827 ἴασπιν,
1111 1756 1203 1812 καὶ
1251 1754 1351 1821 τοὶς
1392 1755 1578 1821 πύλας
1619 1773 1721 1812 σου

116 1848 316 1908 λίθους
358 1841 730 1914 κρυστάλλου,
773 1841 866 1898 καὶ
905 1840 1005 1897 τὸν
1043 1839 1345 1913 περίβολόν
1384 1858 1488 1897 σου
1520 1846 1721 1906 λίθους
1744 1863 1786 1895 20

121 1925 447 1998 ἐκλεκτούς,
500 1927 594 1982 καὶ
645 1926 856 1992 πάντας
903 1924 1035 1992 τούς
1080 1924 1243 1990 υἱούς
1288 1943 1390 1981 σου
1439 1922 1732 1990 διδακτοῦς

117 2015 290 2083 θεοῦ,
341 2011 436 2067 καὶ
480 2013 540 2067 ἐν
583 2017 765 2085 πολλῇ
811 2010 1007 2085 εἰρήνῃ
1047 2008 1114 2066 τὰ
1153 2010 1320 2065 τέκνα
1361 2024 1491 2065 σου·
1535 2009 1627 2064 καὶ
1672 2010 1731 2064 ἐν

117 2095 447 2170 δικαιοσύνῃ
503 2091 971 2169 οἰκοδομηθήσῃ.”
1062 2098 1145 2150 63.
1210 2093 1538 2167 δικαιοσύνῃ
1593 2097 1732 2165 δῆτα

116 2184 431 2254 οἰκοδομῶν
474 2178 594 2237 κατ’
640 2178 805 2248 άξίαν
844 2184 943 2237 τοῦ
983 2177 1192 2244 παντὸς
1232 2182 1373 2234 λαοῦ
1416 2177 1594 2252 διῄρει
1634 2176 1731 2243 τὰς

116 2264 384 2338 δυνάμεις
400 2309 415 2336 ,
447 2261 531 2332 οἷς
561 2264 665 2338 μὲν
694 2264 795 2322 τὸν
817 2266 1030 2332 ἔξωθεν
1052 2261 1191 2320 αὐτὸ
1212 2261 1389 2336 μόνον
1415 2260 1723 2336 περιφράτ-
1745 2284 1787 2318 25

119 2371 231 2405 των
284 2355 617 2422 περίβολον,
681 2348 785 2421 τὴν
837 2347 1060 2420 ἀπλανῆ
1111 2353 1295 2404 πίστιν
1346 2351 1731 2421 περιτειχίσας,

69 2474 74 2479 ·
118 2431 321 2506 (πολύς
353 2432 415 2489 δὲ
456 2432 485 2490 ὁ
516 2438 766 2500 τοιοῦτος
797 2434 890 2490 καὶ
920 2434 1091 2506 μέγας
1122 2433 1293 2502 λεώς,
1335 2428 1507 2488 οὐδὲν
1547 2431 1730 2504 κρεῖτ-

123 2541 222 2574 τον
254 2518 449 2591 φέρειν
479 2517 825 2591 οἰκοδόμημα
856 2514 1150 2591 διαρκῶν),
1183 2512 1266 2582 οἷς
1297 2515 1359 2571 δὲ
1387 2515 1482 2582 τὰς
1516 2515 1604 2571 ἐπὶ
1634 2513 1733 2570 τὸν

119 2601 276 2659 οἷκον
309 2603 616 2676 ἐπιτρέπων
658 2601 945 2674 εἰσόδους,
986 2606 1302 2673 θυραυλεῖν
1341 2600 1434 2655 καὶ
1465 2604 1732 2670 ποδηγεῖν

119 2684 253 2753 τούς
286 2686 557 2754 εἰσιόντας
587 2686 959 2758 κατατάττων,
1000 2683 1105 2741 οὐκ
1144 2682 1446 2750 ἀπεικότως
1485 2688 1587 2740 τοῦ
1620 2680 1729 2738 νεώ
1754 2705 1796 2737 30

235 2884 286 2924 17
316 2882 406 2925 Ies.
436 2883 505 2934 54,
540 2882 606 2922 11.
