2032 3174
362 125 383 173 1
399 122 459 173 16
1029 122 1277 164 EUSEBII

514 234 527 253 θ

358 262 446 294 ται
498 263 531 309 η
598 242 713 293 τῶν
767 235 1022 310 πράξεων
1070 241 1186 294 τῶν
1239 237 1563 297 ἀποστόλων
1621 238 1824 313 γραφή.
1913 245 1963 299 2.

358 319 492 394 μετά
536 322 598 377 δε
629 318 836 392 ταύτην
866 320 960 386 τὰς
991 319 1224 378 Παύλου
1255 326 1615 380 καταλεκτέον
1656 324 1963 396 ἐπιστολάς,

359 413 445 472 αἱς
511 408 632 478 ἑξῆς
692 404 794 476 τὴν
851 407 1166 478 φερομένην
1218 405 1482 463 Ἰωάννου
1541 411 1815 479 προτέραν
1873 410 1966 466 καὶ

356 486 558 562 ὁμοίως
601 487 703 560 τὴν
736 490 958 562 Πέτρου
1003 493 1282 562 κυρωτέον
1329 490 1635 564 ἐπιστολήν.
1706 494 1794 549 ἐπὶ
1833 491 1966 550 τού-
2029 560 2032 561 ⁷

314 593 469 639 ὅτοις
514 576 769 642 τακτέον,
826 583 984 646 εἴγε
1024 581 1256 647 φανείη,
1313 573 1416 676 τὴν
1448 573 1825 643 Ἀποκάλυψιν
1859 573 1967 634 Ἰω-

356 658 551 729 άννου,
585 660 714 730 περὶ
744 649 807 730 ἧς
838 656 905 714 τά
938 659 1171 726 δόξαντα
1202 657 1339 716 κατὰ
1370 657 1563 732 καιρὸν
1595 658 1965 733 ἐκθησόμεθα.

357 747 403 799 3
439 745 531 799 καὶ
561 745 733 799 ταῦτα
763 767 866 815 μεν
897 746 958 800 ἐν
987 743 1460 816 ὁμολογουμένοις.
1525 749 1637 802 τῶν
1667 742 1718 800 δ’
1756 743 1966 802 ἀντιλε-

356 829 639 900 γομένων,
671 833 969 900 γνωρίμων
1003 826 1055 883 δ’
1091 829 1192 884 οὐν
1222 825 1367 901 ὅμως
1400 841 1514 894 τοῖς
1544 836 1786 900 πολλοῖς,
1818 825 1851 901 ἡ
1883 837 1968 885 λε-

357 912 562 984 γομένη
588 910 852 982 Ἰακώβου
883 915 1109 985 φέρεται
1148 914 1240 969 καὶ
1283 912 1317 984 ἡ
1343 911 1553 984 Ἰούδα,
1595 909 1631 984 ἤ
1659 936 1718 970 τε
1749 915 1968 986 Πέτρου

294 1014 335 1046 10
361 997 595 1097 δευτέρα
636 994 921 1068 ἐπιστολὴ,
975 998 1068 1052 καὶ
1111 995 1145 1069 ἡ
1185 993 1559 1070 ὀνομαζομένη
1605 999 1837 1071 δευτέρα
1879 1001 2000 1054 καί

356 1087 512 1152 τρίτη
541 1077 835 1151 Ἰωάννου,
880 1090 989 1136 εἴτε
1018 1085 1116 1137 τοῦ
1149 1077 1546 1154 εὐαγγελιστοῦ
1558 1081 1968 1187 τυγχάνουσαι,

362 1173 472 1221 εἴτε
504 1167 596 1220 καὶ
629 1166 821 1237 ἑτέρου
852 1164 1152 1237 ὁμωνύμου
1185 1169 1397 1222 ἐκείνω.
1459 1170 1507 1221 4.
1543 1169 1602 1223 ἐν
1631 1179 1746 1231 τοῖς
1777 1164 1972 1267 νόθοις

357 1246 746 1320 κατατετάχθω
789 1250 880 1304 και
921 1273 1032 1306 των
1066 1248 1297 1307 Παύλου
1339 1250 1590 1322 πράξεων
1620 1248 1653 1320 ἡ
1684 1249 1971 1322 γραφὴ,ο

356 1356 414 1389 τε
446 1331 739 1405 λεγόμενος
762 1332 1002 1405 Ποιμὴν,
1036 1336 1127 1390 καὶ
1157 1358 1190 1405 η
1218 1332 1588 1401 Ἀποκάλυψις
1612 1337 1850 1407 Πέτρου,
1882 1335 1974 1390 καὶ

298 1438 338 1469 15
363 1415 498 1490 πρὸς
528 1416 742 1483 τούτοις
773 1413 806 1488 ἡ
840 1421 1120 1492 φερομένη
1144 1417 1406 1491 Βαρνάβα
1441 1415 1716 1489 ἐπιστολὴ,
1748 1420 1837 1473 καὶ
1862 1441 1973 1475 των

357 1500 682 1558 ἀποστόλων
724 1506 786 1558 αἱ
821 1500 1113 1574 λεγόμεναι
1158 1507 1403 1575 διδαχαί·
1447 1509 1526 1559 έτι
1564 1526 1650 1574 τε,
1696 1526 1767 1568 ως
1811 1507 1972 1574 ἔφην,

357 1586 391 1658 ἡ
430 1583 689 1644 Ἰωάννου
712 1583 1115 1659 Ἀποκάλυψις,
1172 1592 1222 1644 εί
1261 1594 1493 1659 φανείη,
1547 1585 1618 1659 ἤν
1667 1610 1841 1658 τινες,
1897 1609 1971 1651 ως
2021 1632 2025 1636 ,

360 1677 531 1743 ἔφην,
575 1669 905 1743 ἀθετοῦσιν,
949 1674 1124 1743 ε’τεροι
1166 1672 1227 1727 δε
1270 1675 1587 1743 ἐγκρίνουσι
1626 1683 1739 1736 τοῖς
1781 1668 1971 1741 ὁμολο-

359 1757 665 1828 γουμένοις.
727 1759 776 1811 5.
817 1753 929 1827 ἤδη
974 1754 1023 1812 δ’
1075 1758 1135 1813 ἐν
1174 1754 1388 1820 τούτοις
1427 1778 1571 1820 τινες
1612 1756 1703 1810 καὶ
1744 1753 1802 1810 τὸ
1835 1750 1969 1810 καθ’

296 1864 338 1895 20
356 1839 646 1947 Εβραίους
680 1837 1007 1912 εὐαγγέλιον
1038 1842 1351 1910 κατέλεξαν,
1386 1839 1427 1914 ᾧ
1451 1837 1683 1910 μάλιστα
1702 1834 1974 1910 Εβραίων

362 1948 414 1980 οι
454 1924 551 1981 τὸν
581 1924 823 1995 Χριστὸν
862 1922 1300 1998 παραδεξάμενοι
1340 1930 1607 1996 χαίρουσι.
1670 1928 1842 1979 ταῦτα
1871 1945 1973 1994 μεν

362 2007 542 2064 πάντα
574 2012 685 2065 τῶν
726 2005 1166 2080 ἀντιλεγομένων
1205 2003 1276 2063 ἂν
1317 2017 1416 2079 εἰή.
1481 2012 1526 2063 6.
1562 2004 1876 2078 ἀναγκαίως
1910 2006 1971 2062 δὲ

363 2094 454 2148 καὶ
485 2091 698 2148 τούτων
728 2088 874 2164 ὅμως
904 2090 1002 2148 τὸν
1032 2090 1339 2162 κατάλογον
1362 2090 1730 2163 πεποιήμεθα,
1765 2095 1973 2163 διακρί-

365 2199 560 2242 ναντες
601 2174 695 2241 τάς
735 2199 793 2232 τε
835 2173 973 2232 κατά
1013 2173 1116 2247 τὴν
1156 2173 1612 2248 ἐκκλησιαστικὴν
1663 2173 1975 2247 παράδοσιν

299 2284 342 2316 25
366 2259 597 2331 ἀληθεῖς
628 2261 720 2316 καὶ
752 2256 1065 2325 ἀπλάστους
1095 2263 1188 2316 καὶ
1220 2257 1716 2332 ἀνωμολογημένας
1739 2259 1989 2338 γραφὰς,

363 2347 454 2401 καὶ
499 2343 592 2410 τὰς
632 2341 800 2408 ἄλλας
839 2343 987 2416 παρὰ
1028 2342 1257 2416 ταύτας,
1299 2341 1400 2400 οὐκ
1442 2341 1811 2414 ἐνδιαθήκους
1853 2343 1972 2415 μὲν,

363 2426 503 2485 ἀλλὰ
533 2430 626 2484 καὶ
656 2426 1100 2500 ἀντιλεγομένας,
1133 2427 1277 2501 ὅμως
1312 2429 1372 2484 δὲ
1396 2426 1549 2501 παρά-
1568 2434 1842 2493 πλείστοις
1864 2432 1975 2483 τῶν

364 2517 831 2585 ἑκκλησιαστικῶν
874 2515 1313 2585 γινωσκομένας,
1366 2511 1439 2569 ἵν’
1499 2517 1706 2569 εἰδέναι
1759 2517 1976 2584 ἔχοιμεν

365 2595 533 2662 αὐτάς
584 2621 642 2654 τε
692 2595 892 2662 ταύτας
944 2598 1036 2653 καὶ
1087 2595 1182 2663 τάς
1223 2596 1450 2670 ὀνόματι
1490 2599 1602 2653 των
1653 2593 1977 2652 ἀποστόλων

303 2703 344 2738 30
371 2679 505 2753 πρὸς
537 2685 649 2738 τῶν
680 2685 973 2754 αἱρετικῶν
1011 2684 1462 2755 προφερομένας,
1503 2679 1623 2752 ἤτοι
1655 2678 1727 2745 ὡς
1759 2681 2004 2751 Πέτρου,-

367 2768 457 2823 uoci
485 2770 655 2839 Θωμᾶ
678 2768 769 2823 καὶ
797 2771 1032 2823 Ματθία
1063 2761 1096 2837 ἢ
1128 2772 1226 2822 καί
1249 2790 1419 2823 τινων
1449 2762 1597 2838 παρὰ
1626 2762 1855 2829 τούτους
1885 2762 1976 2818 ἅλ-

369 2860 482 2909 λων
515 2847 807 2923 εὐαγγέλια
840 2849 1228 2924 περιεχούσας,
1271 2847 1304 2922 ἢ
1347 2849 1420 2916 ὡς
1444 2849 1710 2922 Ἀνδρέου
1754 2850 1846 2904 καὶ
1871 2843 1976 2904 'Ico-
