1986 3152
238 99 343 152 452
903 97 1155 140 EUSEBII

246 233 445 279 σαντος
490 212 633 286 ἡμᾶς
677 217 820 279 θεοῦ
866 210 955 269 διὰ
997 216 1093 286 τῆς
1142 218 1244 270 τοῦ
1294 219 1636 287 μονογενοῦς
1679 213 1857 274 αὐτοῦ

239 297 474 372 χάριτος,
499 302 612 354 τῶν
637 294 1103 370 ἆνακεκλημένων
1127 300 1353 364 ἕκαστος
1371 293 1617 371 ὑμνείτω
1641 323 1848 373 μονον-

244 383 369 454 ουχὶ
399 386 551 453 βοῶν
599 382 692 437 καὶ
724 381 906 452 λέγων
938 380 1312 456 “εὕφράνθην
1345 384 1434 439 ἐπὶ
1463 396 1578 450 τοῖς
1610 385 1859 458 εἰρηκόσι

240 482 354 539 μοι·
383 470 462 532 εἰς
486 465 644 522 οἷκον
666 471 870 539 κυρίου
895 464 1340 540 πορευσόμεθα,”
1366 468 1459 524 καὶ
1476 465 1685 543 “κυ’ριε,
1710 467 1857 541 ἠγά-

202 575 222 608 5
246 569 395 623 πησα
429 548 766 624 εὐπρέπειαν
798 559 956 610 οἴκου
992 570 1123 623 σου,
1164 552 1258 609 καὶ
1296 550 1468 608 τόπον
1498 553 1858 626 σκηνῶματος

244 635 408 707 δόξης
441 633 590 692 σου.”
659 639 706 691 8.
739 635 834 691 καὶ
863 634 938 708 μή
971 635 1148 708 μόνον
1177 659 1241 707 γε
1271 634 1300 692 6
1332 645 1558 709 καθεῖς,
1590 636 1730 694 ἀλλὰ
1763 638 1859 697 καὶ

241 723 298 776 οί
326 719 529 786 πάντες
560 716 789 795 ἀθρόως
824 720 907 776 ἑνὶ
937 720 1211 794 πνεύματι
1241 720 1335 777 καὶ
1357 725 1456 796 μιᾷ
1490 727 1641 796 ψυχῇ
1664 728 1858 795 γεραί-

235 827 435 911 ροντες
479 802 922 877 ἄνευφημῶμεν,
961 803 1166 877 “με’γας
1206 803 1452 879 κύριος,”
1496 808 1858 878 ἐπιλέγοντες,

235 887 369 944 “uoci
401 887 640 989 αἰνετός
654 888 905 963 σφόδρα,
955 891 1016 945 ἐν
1056 889 1214 946 πόλει
1255 894 1357 946 τοῦ
1399 894 1542 946 θεοῦ
1572 889 1763 964 ἡμῶν,
1798 893 1858 948 ἐν

186 996 226 1028 10
249 972 365 1046 ὄρει
395 968 537 1050 ἆγίω
570 970 765 1030 αὐτοῦ.
810 974 905 1028 καὶ
935 973 1042 1073 γὰρ
1074 967 1180 1030 οῦν
1202 975 1372 1047 μέγας
1398 969 1471 1040 ῶς
1494 970 1742 1047 άληθῶς,
1767 977 1861 1032 καὶ

243 1059 417 1130 μέγας
469 1056 498 1113 6
554 1054 706 1123 οἶκος
746 1055 954 1128 αὐτοῦ,
1007 1052 1225 1129 ὑψηλὸς
1274 1059 1367 1116 καὶ
1420 1058 1714 1131 ἐπιμήκης,
1767 1061 1859 1116 καὶ

247 1136 456 1214 ῶραῖος
487 1140 676 1197 κάλλει
706 1140 856 1214 παρὰ
884 1139 1017 1207 τοῦς
1046 1140 1211 1208 υίοῦς
1241 1147 1355 1199 τῶν
1378 1140 1725 1215 ἀνθρώπων·
1757 1145 1857 1216 με’-

246 1248 348 1296 γας
372 1220 401 1281 6
429 1223 620 1298 κύριος
645 1219 673 1281 ὁ
700 1229 878 1282 ποιῶν
899 1225 1189 1299 θαυμάσια
1211 1225 1383 1298 μόνος
1400 1241 1411 1253 ·
1436 1227 1607 1299 μέγας
1631 1225 1660 1284 6
1684 1233 1859 1286 ποιῶν

246 1309 462 1382 μεγάλα
491 1310 586 1366 καὶ
617 1307 1031 1383 ἀνεξιχνίαστα,
1065 1310 1263 1378 ἔνδοξά
1292 1333 1350 1368 τε
1387 1312 1483 1367 καὶ
1517 1314 1745 1384 ἐξαίσια,
1779 1306 1859 1369 ῶν

181 1414 222 1450 15
245 1389 351 1450 οὐκ
401 1399 552 1451 ἔστιν
604 1391 867 1468 ἀριθμός·
913 1396 1085 1467 μέγας
1129 1389 1158 1451 6
1206 1392 1449 1457 ἀλλοιῶν
1492 1395 1721 1470 καιροὺς
1765 1397 1857 1460 καὶ

239 1477 508 1552 χρόνους,
539 1484 823 1551 μεθιστῶν
853 1485 1100 1551 βασιλεῖς
1141 1480 1235 1541 καὶ
1275 1486 1581 1552 καθιστῶν,
1624 1483 1858 1553 ἐγείρων

240 1561 351 1620 άπὸ
384 1568 488 1636 γῆς
519 1563 764 1636 πτωχὸν,
809 1565 904 1621 καὶ
934 1561 1043 1621 ἀπὸ
1077 1568 1310 1638 κοπρίας
1350 1562 1592 1628 ἄνιστῶν
1631 1566 1854 1638 πένητα.

241 1655 470 1704 καθεῖλε
501 1648 782 1714 δυνάστας
807 1645 917 1707 άπὸ
948 1648 1199 1723 θρόνων,
1225 1666 1319 1704 και
1341 1649 1537 1716 ὕψωσε
1559 1650 1856 1716 ταπεινούς

240 1728 350 1789 άπὸ
383 1737 515 1804 γῆς,
549 1738 856 1801 πεινῶντας
889 1733 1194 1806 ἐνεπλησεν
1218 1731 1476 1805 αγαθῶν,
1499 1735 1592 1790 καὶ
1623 1740 1855 1809 βραχίο-

183 1843 226 1876 2ο
248 1839 348 1883 νας
379 1812 767 1891 ὑπερηφάνων
797 1816 1183 1891 συνέτριψεν,”
1231 1822 1282 1875 9.
1317 1815 1383 1874 οὐ
1418 1831 1630 1885 πιστοῖς
1659 1819 1856 1891 μόνον,

244 1899 385 1957 ἀλλὰ
437 1903 531 1958 καὶ
587 1899 841 1970 άπίστοις
887 1908 1001 1959 τῶν
1050 1906 1305 1959 παλαιῶν
1348 1902 1704 1976 διηγημάτων
1754 1903 1857 1975 τὴν

243 1985 471 2059 μνήμην
495 1986 930 2060 πιστωσάμενος,
955 1982 982 2044 6
1006 1986 1461 2061 θαυματουργὸς,
1487 1985 1515 2044 ὁ
1539 1994 1856 2061 μεγαλουρ-

245 2068 344 2139 γὸς
363 2114 378 2142 ,
411 2068 439 2126 6
471 2075 586 2126 τῶν
618 2069 767 2128 ὅλων
790 2071 1091 2144 δεσπότης,
1121 2070 1151 2128 6
1173 2076 1274 2128 τοῦ
1296 2071 1619 2144 σύμπαντος
1641 2071 1855 2144 κόσμου

247 2154 613 2226 δημιουργὸς,
645 2153 674 2211 6
708 2155 1128 2228 παντοκράτωρ,
1161 2154 1190 2211 6
1215 2155 1573 2226 πανάγαθος,
1605 2153 1634 2211 6
1660 2150 1739 2222 εἷς
1762 2157 1855 2213 καὶ

178 2261 220 2294 25
241 2237 412 2310 μόνος
441 2236 579 2304 θεὸς
597 2281 612 2309 ,
647 2231 691 2314 96
721 2236 784 2294 τό
817 2238 1012 2296 καινὸν
1044 2233 1194 2314 ᾆσμα
1215 2240 1533 2312 μέλπωμεν,
1558 2257 1854 2313 προσυπα-

242 2321 502 2388 κούοντες
546 2326 623 2397 τῶ
663 2326 915 2379 ποιοῦντι
952 2324 1243 2396 θαυμάσια
1281 2323 1466 2400 μόνῳ,
1513 2323 1595 2380 ὅτι
1640 2329 1718 2391 εἰς
1758 2323 1857 2380 τὸν

243 2410 424 2462 αἰῶνα
453 2403 516 2462 τὸ
550 2411 700 2473 ἔλεος
732 2405 939 2479 αὐτοῦ,
971 2413 1049 2483 τῶ
1073 2405 1376 2476 πατάξαντι
1403 2413 1650 2479 βασιλεῖς
1679 2406 1855 2481 μεγά-,

243 2497 378 2556 λους
419 2491 512 2546 καὶ
556 2488 944 2549 ἀποκτείναντι
990 2498 1236 2563 βασιλεῖς
1276 2492 1604 2565 κραταιούς,
1647 2492 1730 2549 ὅτι
1775 2498 1854 2558 εἰς

240 2573 342 2631 τὸν
366 2580 545 2632 αἰῶνα
567 2574 629 2631 τὸ
659 2581 809 2643 ἔλεος
834 2571 1031 2648 αὐτοῦ,
1064 2575 1148 2635 ὅτι
1172 2579 1232 2633 ἐν
1254 2582 1324 2651 τῇ
1348 2576 1672 2635 ταπεινώσει
1693 2575 1853 2650 ἡμῶν

357 2744 382 2782 3
422 2716 592 2782 Psalkn'.
628 2743 705 2782 121
739 2741 879 2794 (122),
914 2744 950 2786 1.
1122 2744 1150 2782 4
1189 2741 1358 2783 Psalm.
1390 2743 1444 2783 25
1477 2741 1590 2794 (26),
1623 2742 1664 2782 8.

244 2799 269 2838 8
300 2797 471 2838 Psalm.
503 2799 558 2839 47
591 2796 704 2851 (48),
737 2800 777 2841 2.
953 2800 1004 2839 13
1035 2798 1131 2841 10b.
1164 2800 1212 2849 9,
1247 2800 1312 2842 10.
1487 2799 1538 2839 16
1569 2797 1740 2840 Psalm.
1774 2799 1852 2838 112

246 2851 378 2905 (113),
412 2855 448 2897 7.
567 2855 618 2895 18
650 2855 759 2896 Luc.
792 2856 829 2903 1,
861 2856 927 2898 52.
1044 2856 1098 2896 26
1130 2854 1299 2898 Psalm.
1332 2856 1412 2896 135
1446 2851 1579 2908 (136),
1609 2855 1651 2899 4.
1685 2856 1754 2896 17.
1785 2856 1852 2896 23.
