1986 3152
261 117 367 169 464
557 141 560 143 -
948 112 1197 154 EUSEBII

260 238 494 306 κυρίου,
534 230 627 285 καὶ
673 232 735 284 αί
781 229 967 300 κέδροι
1004 231 1106 284 τοῦ
1146 227 1395 299 Λιβάνου
1437 226 1502 294 ἃς
1547 226 1866 302 ἐφύτευσε.”

262 319 347 374 44.
387 320 445 372 τί
469 337 536 387 με
566 317 658 370 δεῖ
683 315 795 370 νῦν
834 317 930 385 τῆς
961 310 1259 384 πανσόφου
1290 312 1384 367 καὶ
1426 307 1870 386 ἀρχιτεκτονικῆς

264 398 559 466 διατάξεως
589 398 683 454 καὶ
724 401 824 453 τοῦ
855 395 1096 462 κάλλους
1126 400 1223 467 τῆς
1267 392 1357 468 ἐφ’
1393 395 1626 454 ἑκάστου
1668 399 1871 471 μέρους

262 483 577 557 ὑπερβολῆς
618 480 1109 555 ἀκριβολογεῖσθαι
1151 479 1255 553 τὴν
1284 475 1592 554 ὑφήγησιν,
1637 480 1730 538 ὅτε
1774 487 1870 554 τῆς

221 587 241 619 5
266 568 446 636 ὅψεως
476 566 578 639 τὴν
609 566 700 622 διὰ
730 570 843 622 τῶν
875 563 1035 622 ὤτων
1066 562 1347 621 ἀποκλείει.
1382 564 1632 638 μάθησιν
1660 563 1694 638 ἡ
1726 589 1869 639 μαρ-

261 658 457 726 τυρία;
490 649 631 707 ἀλλὰ
660 649 771 723 γάρ
805 643 915 706 ὦδε
943 650 1038 706 καὶ
1068 648 1170 706 τὸν
1191 647 1340 706 νεών
1365 651 1696 721 ἐπιτελέσας,
1727 649 1872 723 θρό-

263 760 381 803 νοις
411 759 470 793 τε
498 747 614 801 τοῖς
646 733 910 791 ἀνωτάτω
953 738 1031 800 εἰς
1071 732 1174 806 τὴν
1204 738 1318 790 τῶν
1360 734 1651 808 προέδρων
1687 733 1871 808 τιμὴν,

262 821 356 878 καὶ
397 820 623 894 προσέτι
662 818 896 892 βάθροις
939 820 999 875 ἐν
1039 818 1186 886 τάξει
1225 830 1342 885 τοῖς
1381 818 1514 875 καθ’
1558 817 1692 875 ὅλου
1735 818 1874 875 κατὰ

262 905 325 962 τὸ
366 906 581 977 πρέπον
620 902 930 976 κοσμήσας,
983 901 1075 974 ἐφ’
1121 901 1302 959 ἅπασί
1335 925 1394 959 τε
1433 900 1494 959 τὸ
1539 907 1654 959 τῶν
1693 896 1874 974 άγίων

203 1008 243 1038 10
267 989 427 1062 ἅγιον
456 987 861 1062 θυσιαστήριον
893 989 953 1043 ἐν
983 988 1133 1063 μέσῳ
1173 987 1326 1058 θεὶς,
1374 981 1542 1053 αὖθις
1586 988 1680 1043 καὶ
1720 987 1871 1058 τάδε,

265 1073 337 1140 ὡς
369 1071 439 1129 ἂν
471 1081 555 1144 εἰή
585 1083 700 1138 τοῖς
732 1078 962 1136 πολλοῖς
994 1070 1190 1142 ἄβατα,
1213 1082 1330 1136 τοῖς
1354 1069 1463 1128 άπὸ
1487 1069 1660 1138 ξύλου
1686 1073 1872 1145 περιέ-

263 1179 469 1231 φραττε
522 1155 796 1225 δικτύοις,
851 1160 930 1220 είς
977 1154 1152 1228 ἄκρον
1199 1155 1460 1228 ἐντέχνου
1508 1161 1875 1228 λεπτουργίας

265 1241 678 1313 ἐξησκημένοις,
739 1262 812 1305 ως
856 1239 1178 1312 θαυμάσιον
1221 1251 1336 1305 τοῖς
1388 1234 1563 1341 ὁρωσι
1614 1241 1875 1314 παρέχειν

263 1325 365 1398 τὴν
394 1325 554 1381 θέαν.
611 1328 694 1380 45.
740 1321 865 1380 αλλ’
901 1321 1038 1380 ουδὲ
1077 1322 1363 1396 τοῦδαφος
1404 1322 1513 1398 άρα
1555 1328 1635 1390 εἰς
1676 1322 1875 1397 άμελες

203 1427 242 1460 15
267 1415 438 1466 ἔκειτο
469 1406 651 1466 αυτω’
694 1409 788 1464 καὶ
817 1407 946 1465 τόδε
976 1412 1120 1479 γοῦν
1151 1413 1296 1465 λίθω
1328 1408 1601 1486 μαρμάρω
1633 1411 1695 1466 εὐ
1727 1407 1876 1481 μάλα

263 1494 455 1570 κόσμω
503 1494 671 1550 παντὶ
717 1490 1077 1566 λαμπρύνας,
1123 1491 1231 1564 ἤδη
1278 1492 1471 1550 λοιπὸν
1515 1494 1608 1549 καὶ
1663 1494 1754 1549 ἐπὶ
1805 1516 1873 1550 τα

267 1577 420 1644 ἐκτὸς
450 1582 553 1635 τοῦ
584 1576 693 1634 νεω
724 1575 945 1651 μετῄει,
980 1578 1204 1649 ἐξέδρας
1235 1578 1329 1633 καὶ
1359 1587 1550 1645 οἴκους
1572 1576 1705 1644 τούς
1737 1573 1873 1651 παρ’

267 1662 495 1736 ἑκάτερα
524 1667 820 1735 μεγίστους
854 1661 1226 1730 ἐπισκευάζων
1267 1659 1568 1735 εὐτέχνως,
1614 1663 1704 1718 ἐπὶ
1734 1685 1871 1719 ταυ-

262 1746 363 1803 τόν
395 1751 472 1812 είς
505 1744 719 1820 πλευρὰ
750 1750 826 1821 τῷ
850 1751 1112 1823 βασιλείῳ
1131 1746 1612 1819 συνεζευγμένους
1635 1747 1728 1803 καὶ
1750 1759 1872 1812 ταῖς

202 1847 242 1881 20
269 1832 359 1887 ἐπὶ
402 1830 502 1887 τὸν
543 1833 716 1903 μέσον
759 1828 916 1887 οἶκον
961 1835 1240 1902 εἰσβολαῖς
1287 1829 1636 1904 ἡνωμένους·
1692 1829 1728 1886 δι’
1780 1832 1875 1887 καὶ

266 1913 410 1971 αὐτοὶ
451 1927 568 1982 τοῖς
611 1921 690 1972 ἔτι
728 1915 1057 1988 καθάρσεως
1101 1915 1194 1971 καὶ
1239 1921 1718 1990 περιρραντηρίων
1759 1918 1875 1972 τῶν

266 1998 356 2055 διά
385 1998 590 2066 ὕδατος
620 2001 714 2055 καὶ
745 1994 912 2070 ἁγίου
938 1999 1253 2072 πνεύματος
1279 2000 1640 2074 ἐγχρῄζουσιν
1663 1997 1691 2056 ὁ
1719 2005 1875 2073 εἰρη-

265 2083 563 2150 νικώτατος
593 2079 756 2156 ἡμῶν
782 2089 1060 2157 Σολομῶν
1090 2079 1119 2140 ὁ
1153 2083 1253 2141 τὸν
1282 2083 1431 2141 νεών
1459 2088 1562 2140 τοῦ
1583 2088 1728 2141 θεοῦ
1759 2087 1873 2140 δει-

265 2165 508 2239 μάμενος
540 2164 923 2241 ἀπειργάζετο,
969 2163 1044 2234 οἷς
1073 2168 1268 2240 μηκέτι
1308 2167 1508 2239 λόγον,
1539 2162 1672 2223 ἀλλ’
1708 2172 1875 2242 ἔργον

203 2268 245 2303 25
267 2251 560 2321 γεγονέναι
588 2250 691 2322 τὴν
723 2248 841 2307 ἅνω
882 2258 1180 2324 λεχθεῖσαν
1212 2258 1573 2325 προφητείαν.
1647 2255 1734 2309 46.
1776 2253 1875 2323 γε’-

265 2357 396 2405 γονε
426 2333 535 2407 γάρ
565 2335 659 2390 καὶ
688 2336 818 2406 νῦν,
846 2333 920 2401 ὠς
944 2333 1172 2407 άληθῶς
1199 2331 1405 2408 ἐστὶνῆ
1432 2336 1564 2404 δόξα
1586 2339 1689 2393 τοῦ
1715 2345 1874 2394 οἴκου

265 2418 468 2475 τούτου
499 2417 532 2490 ἡ
565 2419 764 2491 ἐσχάτη
794 2414 938 2493 ὑπὲρ
980 2419 1083 2492 τὴν
1114 2422 1408 2495 προτέραν.
1484 2425 1595 2477 ἔδει
1634 2419 1741 2495 γὰρ
1781 2422 1875 2477 καὶ

267 2498 589 2559 ἀκόλουθον
634 2497 738 2576 ἦν,
784 2509 885 2561 τοῦ
931 2505 1190 2577 ποιμένος
1243 2503 1415 2578 αὐτῆς
1459 2507 1552 2562 καὶ
1597 2505 1873 2563 δεσπότου

268 2585 415 2654 ἅπαξ
446 2586 545 2644 τὸν
575 2582 720 2661 ὑπὲρ
762 2586 933 2662 αὐτῆς
972 2588 1225 2646 θάνατον
1265 2590 1740 2664 καταδεξαμένου,
1781 2591 1876 2646 καὶ

205 2693 246 2726 30
268 2669 404 2743 μετά
449 2670 511 2728 τὸ
559 2671 739 2739 πάθος
783 2670 814 2729 ὃ
859 2673 1022 2749 χάριν
1074 2671 1246 2746 αὐτῆς
1299 2677 1523 2749 ρυποῦν
1575 2674 1881 2732 ἐνεδύσατο

269 2760 460 2828 σῶμα,
494 2757 586 2813 ἐπὶ
615 2756 677 2814 τὸ
711 2758 970 2832 λαμπρὸν
1000 2760 1093 2815 καὶ
1126 2762 1355 2827 ἔνδοξον
1384 2759 1871 2833 μεταβεβληκότος,

268 2837 444 2911 αὐτήν
474 2863 532 2897 τε
562 2841 740 2915 σάρκα
770 2842 872 2915 τὴν
896 2850 1172 2901 λυθεῖσαν
1205 2846 1264 2900 ἐκ
1295 2849 1515 2918 φθορᾶς
1541 2849 1620 2910 εἰς
1644 2842 1874 2918 άῳθαρ-
