1986 3152
587 109 745 151 HIST.
777 108 1028 150 ECOLES.
1058 110 1140 153 1x.
1172 110 1295 152 3—5.
1645 105 1750 159 423

287 238 366 287 lV.
455 237 580 302 [Nic.
622 237 678 285 H.
720 237 773 286 E.
815 236 920 293 Vll,
961 234 1070 302 25]
1189 224 1383 302 Τούτῳ
1437 225 1499 281 δὲ
1548 224 1751 301 πρώτω

113 382 121 390 .
147 310 286 368 κατὰ
317 310 549 384 γνω’μην
573 310 838 384 πράξαντι
862 309 1064 376 πάντες
1089 313 1146 365 οἰ
1174 310 1357 366 λοιποὶ
1386 314 1502 365 τῶν
1527 312 1588 366 ἐν
1611 311 1753 366 τέλει

146 395 247 461 τὰς
294 390 404 451 ὑπὸ
466 394 570 467 τὴν
622 392 801 466 αὐτὴν
852 392 1031 467 ἀρχὴν
1082 394 1265 460 πόλεις
1317 399 1598 460 οἰκοῦντες
1648 392 1751 465 τὴν

148 477 666 552 ὁμοιάνωρμῶντο
710 483 901 551 ψῆφον
940 477 1306 550 ποιήσασθαι,
1349 478 1651 552 προσφιλὲς
1695 476 1747 534 δ’

148 563 289 619 εἶναι
327 567 494 618 τοῦτο
543 568 763 634 βασιλεῖ
806 567 920 618 τῶν
970 561 1094 618 κατ’
1141 566 1411 635 ἐπαρχίαν
1461 561 1796 635 ἡγεμόνωνῑ)

147 645 617 718 συνεωρακότων,
671 646 763 701 καὶ
802 644 957 702 τοῦτ’
1001 644 1139 703 αὐτὸ
1188 645 1600 721 διαπράξασθαι
1638 659 1754 712 τοῖς

148 729 419 802 ὑπηκόοις
450 724 933 801 ὑποβεβληκότων.
996 734 1045 786 2.
1095 725 1174 787 ὧν
1198 731 1266 802 δὴ
1297 732 1389 786 καὶ
1421 730 1610 787 αὐτῶν
1639 743 1755 796 τοῖς

149 821 466 887 ψηφίσμασι
491 812 564 870 δι’
592 812 938 887 ἀντιγραφῆς
963 811 1339 886 ἀσμενέστατα
1361 815 1756 880 ἐπινεύσαντος

148 904 250 956 τοῦ
279 898 592 971 τυράννου,
630 891 797 963 αὖθις
831 899 884 965 ἐξ
915 895 1170 971 ὑπαρχῆς
1203 896 1231 954 ὁ
1266 898 1396 954 καθ’
1431 897 1591 971 ἡμῶν
1622 897 1753 954 ἀνέ-

148 985 384 1056 φλέγέτο
424 986 680 1055 διωγμός.
753 986 919 1055 ἱερεῖς
950 986 1088 1054 δῆτα
1120 981 1258 1038 κατὰ
1288 982 1450 1039 πόλιν
1481 988 1593 1038 τῶν
1625 981 1752 1049 ξοά-
1781 999 1821 1029 10

149 1092 296 1139 νων,
339 1068 434 1123 καὶ
476 1068 566 1123 ἐπὶ
608 1066 823 1132 τούτοις
866 1064 1139 1141 ἀρχιερεῖς
1181 1066 1320 1137 πρὸς
1363 1065 1536 1123 αὐτοῦ
1570 1069 1758 1133 Μαξι-

150 1158 318 1225 μίνου
360 1156 418 1208 οἱ
454 1151 687 1224 μάλιστα
729 1163 849 1216 ταῖς
890 1157 1184 1217 πολιτείαις
1228 1153 1635 1224 διαπρέψαντες
1666 1151 1758 1206 καὶ

150 1236 240 1293 διὰ
281 1240 477 1292 πασῶν
518 1237 731 1302 ἔνδοξοι
780 1234 1072 1308 γενόμενοι
1113 1241 1486 1307 καθίσταντο,
1540 1231 1622 1301 οἷς
1665 1235 1760 1290 καὶ

151 1320 330 1392 πολλή
359 1343 438 1386 τις
471 1319 719 1391 εἰσήγετο
752 1318 969 1391 σπουδὴ
1004 1321 1134 1394 περὶ
1163 1319 1266 1391 τὴν
1295 1325 1409 1376 τῶν
1439 1328 1758 1393 θεραπευο-

150 1407 336 1478 μένων
368 1404 507 1478 πρὸς
539 1402 724 1460 αὐτῶν
752 1409 1079 1477 θρησκείαν.
1161 1407 1210 1460 3.
1269 1403 1303 1476 ἡ
1346 1410 1489 1476 γοῦν
1531 1409 1758 1469 ἔκτοπος
1782 1418 1822 1450 15

150 1494 252 1546 τοῦ
271 1491 607 1562 κρατοῦντος
624 1493 1043 1561 δεισιδαιμονία,
1071 1490 1363 1546 συνελόντι
1388 1488 1579 1560 φάναι,
1613 1487 1759 1545 πάν-

149 1597 247 1640 τας
276 1571 407 1639 τοῦς
438 1569 544 1629 ὑπ’
579 1571 757 1629 αὐτὸν
787 1572 1060 1646 ἄρχοντάς
1091 1596 1148 1629 τε
1178 1574 1271 1628 καὶ
1304 1571 1648 1646 ἀρχομένους
1681 1577 1759 1638 εἰς

149 1658 254 1730 τὴν
285 1655 461 1714 αὑτοῦ
502 1655 668 1732 χάριν
698 1657 878 1713 πάντα
909 1657 1172 1731 πράττειν
1213 1655 1348 1714 καθ’
1383 1653 1542 1729 ἡμῶν
1576 1659 1758 1728 ἐνῆγε,

150 1742 362 1814 ταύτην
393 1740 549 1818 αὐτῷ
579 1741 740 1815 χάριν
770 1747 1036 1814 μεγίστην
1060 1740 1194 1798 ἀνθ’
1226 1737 1306 1798 ὧν
1340 1741 1588 1814 ἐνόμιζον
1620 1740 1760 1815 πρὸς

154 1825 333 1882 αὐτοῦ
376 1826 670 1893 τεύξεσθαι
719 1823 1058 1899 εὐεργεσιῶν
1110 1822 1644 1899 άντιδωρουμένων,
1698 1824 1759 1881 τὸ
1783 1839 1825 1872 20

152 1908 283 1966 καθ’
332 1909 492 1983 ἡμῶν
543 1915 728 1983 φονᾶν
778 1916 878 1966 καί
915 1934 1070 1976 τινας
1119 1916 1199 1977 εἰς
1249 1908 1392 1983 ἡμᾶς
1441 1911 1762 1983 καινοτέρας

154 2000 489 2067 κακοηθείας
521 1996 934 2052 ἐνδείκνυσθαι,

297 2091 350 2139 V.
430 2089 560 2153 [Nic.
599 2090 656 2138 Η.
697 2089 751 2138 Ε.
793 2089 902 2146 Vll,
942 2087 1054 2154 28]
1111 2077 1470 2152 Πλασάμενοι
1492 2082 1631 2150 δῆτα
1657 2087 1763 2135 Πι-

155 2163 327 2220 λάτου
370 2164 463 2219 καὶ
503 2166 602 2219 τοῦ
646 2167 894 2236 σωτῆρος
936 2158 1095 2236 ἡμῶν
1136 2159 1540 2236 ὑπομνήματα,
1584 2162 1764 2234 πάσης

157 2253 364 2319 ἔμπλεα
403 2246 541 2303 κατὰ
579 2254 681 2304 τοῦ
724 2252 968 2321 Χριστοῦ
1009 2253 1392 2321 βλασφημίας,
1433 2247 1627 2321 γνώμῃ
1660 2252 1762 2303 τοῦ
1786 2261 1826 2292 25

156 2338 402 2404 μείζονος
450 2333 541 2387 ε’πὶ
582 2337 769 2389 πᾶσαν
820 2334 1219 2405 διαπέμπονται
1271 2331 1374 2404 τὴν
1423 2329 1528 2388 ὑπ’
1589 2330 1764 2388 αὐτὸν

157 2413 356 2487 ἀρχὴν,
383 2414 471 2471 διὰ
495 2416 836 2489 γραμμάτων
860 2416 1388 2491 παρακελευόμενοι,
1420 2414 1558 2472 κατὰ
1584 2415 1764 2472 πάντα

156 2499 358 2570 τόπον,
390 2497 599 2572 ἀγρούς
629 2522 687 2556 τε
717 2501 812 2556 καὶ
841 2501 1058 2572 πόλεις,
1091 2503 1152 2556 ἐν
1184 2502 1419 2573 ἐκφανεῖ
1443 2505 1620 2556 ταῦτα
1650 2512 1764 2565 τοῖς

158 2589 326 2640 πᾶσιν
369 2586 645 2655 ἐκθεῖναι,
685 2597 800 2650 τοῖς
840 2607 898 2640 τε
942 2585 1100 2641 παισὶ
1140 2583 1271 2650 τούς
1311 2589 1762 2659 γραμματοδιδα-

158 2668 400 2735 σκάλους
461 2667 585 2724 ἀντὶ
637 2668 983 2741 μαθημάτων
1032 2673 1204 2724 ταῦτα
1245 2674 1479 2741 μελετᾶν
1530 2669 1621 2724 καὶ
1674 2666 1764 2723 διὰ
1789 2681 1829 2713 30

158 2753 375 2825 μνήμης
406 2755 653 2825 κατέχειν
696 2752 1077 2826 παραδιδόναι.
1146 2756 1194 2808 2.
1244 2747 1323 2808 ὧν
1352 2758 1554 2809 τοῦτον
1586 2754 1756 2807 ε’πιτε-

160 2838 450 2909 λουμένων
499 2836 600 2894 τὸν
651 2838 861 2911 τρόπον
904 2840 1089 2911 ἕτερος
1135 2836 1650 2911 στρατοπεδάρχης,
1698 2833 1763 2891 ὃν
