2032 3174
310 145 381 197 20
989 145 1235 187 EUSEBH

312 265 403 319 καὶ
435 261 640 334 τρόπον
683 258 969 333 εὐσεβείας
1010 256 1144 332 ἡμῖν
1174 283 1232 317 τε
1263 274 1375 327 τοῖς
1414 257 1521 318 ἀπὸ
1554 265 1796 335 Χριστοῦ
1825 265 1917 319 καὶ

311 359 424 412 τοῖς
464 345 742 418 πρόπαλαι
781 347 1109 418 θεοφιλέσιν
1147 342 1463 417 ὁμολογεῖν;
1511 344 1649 404 ὥστε
1679 344 1752 419 μὴ
1783 348 1918 403 νέαν

312 433 402 487 καὶ
447 432 639 502 ξένην,
681 425 803 486 ἀλλ’
840 435 889 486 εἰ
929 434 1021 487 δεῖ
1057 427 1232 501 φάναι
1277 427 1652 502 ἀληθεύοντα,
1693 428 1920 504 πρώτην

310 511 583 589 ὑπάρχειν
613 515 704 570 καὶ
734 512 912 587 μόνην
934 515 1025 571 καὶ
1049 511 1234 587 ἀληθῆ
1260 512 1612 588 κατόρθωσιν
1634 512 1917 586 εὐσεβείας

269 626 290 658 5
313 598 414 672 τὴν
446 598 538 655 διὰ
567 602 662 672 τῆς
693 600 794 655 τοῦ
824 601 1066 673 Χριστοῦ
1107 603 1466 665 διδασκαλίας
1496 602 1918 670 παραδοθεῖσαν

310 682 447 756 ἡμῖν
477 680 936 741 ἀποδείκνυσθαι.
999 684 1089 740 καὶ
1121 685 1293 740 ταῦτα
1323 683 1425 755 μὲν
1457 674 1566 739 ὦδε
1599 684 1776 755 ἐχέτω.

436 778 489 826 V.
544 778 670 843 [Nic.
702 779 760 827 H.
787 779 844 828 H.
874 779 906 836 Ι,
946 777 1020 844 6.]
1071 769 1215 839 Φέρε
1248 769 1308 824 δὲ
1330 764 1436 839 ἤδη
1466 764 1602 839 μετά
1630 766 1733 839 τὴν
1764 769 1919 824 δέου-

310 870 417 909 σαν
447 849 904 925 προκατασκευὴν
932 858 1026 924 τῆς
1071 859 1436 924 προτεθείσης
1465 850 1599 924 ἡμῖν
1631 854 1918 923 ἐκκλησια-

311 941 499 1008 στικῆς
545 940 786 1009 ἱστορίας
825 933 934 1008 ἤδη
975 934 1169 993 λοιπὸν
1209 932 1315 993 άπὸ
1363 939 1459 1008 τῆς
1510 934 1783 1009 ε’νσάρκου
1822 939 1920 992 τοῦ

245 1046 290 1078 10
313 1025 558 1120 σωτῆρος
590 1016 747 1093 ἡμῶν
779 1024 1104 1094 ἐπιφανείας
1134 1016 1224 1077 οἷά
1254 1043 1400 1086 τινος
1430 1015 1750 1127 ὁδοιπορίας
1782 1022 1918 1091 ε’φα-

310 1103 576 1178 ψώμεθα,
608 1103 704 1161 τὸν
733 1109 832 1161 τοῦ
864 1103 1031 1177 λόγου
1062 1107 1269 1177 πατέρα
1298 1102 1437 1162 θεὸν
1468 1106 1559 1160 καὶ
1589 1101 1685 1161 τὸν
1716 1101 1920 1175 δηλού-

310 1213 479 1260 μενον
511 1186 682 1246 αὐτὸν
707 1185 919 1260 Ἰησουν
949 1187 1190 1261 Χριστὸν
1219 1188 1316 1246 τὸν
1353 1191 1574 1261 σωτῆρα
1605 1190 1695 1245 καὶ
1726 1186 1921 1261 κύριον

308 1271 496 1345 ἡμῶν,
527 1270 623 1330 τὸν
653 1269 917 1346 οὐράνιον
947 1275 1046 1330 τοῦ
1074 1275 1216 1330 θεοῦ
1236 1271 1402 1344 λόγον
1419 1271 1635 1344 βοηθὸν
1665 1270 1799 1344 ἡμῖν
1827 1273 1918 1328 καὶ

311 1355 586 1430 συνεργὸν
624 1360 719 1429 τῆς
760 1381 896 1414 κατα
935 1355 1037 1428 τὴν
1069 1354 1326 1428 διήγησιν
1366 1353 1634 1428 ἀληθείας
1668 1358 1921 1412 ἐπικαλε-

246 1467 287 1500 15
311 1439 554 1514 σάμενοι.
616 1446 664 1497 2.
698 1443 768 1512 ῆν
800 1439 864 1497 δ
838 1465 869 1512 η
900 1464 1003 1498 ουν
1031 1445 1192 1498 τοῦτο
1237 1438 1499 1514 δεύτερον
1529 1442 1622 1496 καὶ
1651 1458 1921 1513 τεσσαρα-

309 1523 506 1583 κοστὸν
539 1531 654 1591 ἔτος
693 1530 788 1598 τῆς
819 1521 1153 1597 Αὐγούστου
1184 1530 1498 1597 βασιλείας,
1539 1523 1828 1596 Αἰγύπτου
1862 1521 1914 1580 δ’

308 1608 591 1681 ὑποταγῆς
631 1611 722 1666 καὶ
771 1615 1029 1680 τελευτῆς
1061 1607 1364 1666 Ἀντωνίου
1406 1610 1495 1665 καὶ
1543 1607 1919 1682 Κλεοπάτρας,

311 1699 390 1759 εἰς
431 1691 503 1764 ἢν
550 1689 793 1764 ὑστάτην
831 1689 864 1764 ῆ
909 1689 1028 1749 κατ’
1072 1700 1362 1764 Αἴγυπτον
1409 1695 1520 1748 τῶν
1556 1698 1920 1764 Πτολεμαίων

310 1778 568 1849 κατέληξε
601 1781 929 1848 δυναστεία,
962 1774 1164 1847 ὄγδοον
1195 1782 1311 1841 ἔτος
1342 1778 1435 1832 καὶ
1467 1774 1744 1848 εἰκοστὸν,
1787 1772 1919 1848 ὁπη-

247 1888 288 1919 20
310 1867 439 1918 νίκα
471 1859 498 1917 6
531 1862 714 1934 σωτὴρ
754 1856 911 1933 ἡμῶν
953 1861 1044 1916 καὶ
1086 1858 1273 1933 κύριος
1306 1858 1516 1932 Ἰησοῦς
1556 1858 1789 1934 Χριστὸς
1832 1861 1921 1916 ἐπὶ

310 1948 404 2018 τῆς
445 1943 564 2002 τότε
614 1941 940 2019 ἀπογραφῆς
979 1942 1226 2016 πρώτης,
1275 1940 1708 2017 ἡγεμονεύοντος
1748 1952 1919 2018 Κυρι-

311 2036 438 2087 νίου
467 2033 562 2101 τῆς
584 2036 818 2102 Συρίας,
849 2025 1173 2094 άκολουθως
1203 2042 1322 2094 ταῖς
1353 2030 1479 2101 περὶ
1505 2027 1676 2086 αὐτοῦ
1707 2050 1922 2130 προφη-

310 2119 508 2182 τείαις,
551 2115 610 2168 έν
651 2113 907 2186 Βηθλεεμ
951 2135 1212 2184 γενναται
1243 2115 1337 2184 τῆς
1362 2111 1648 2181 Ἰουδαίας.
1711 2117 1759 2169 3
1792 2110 1919 2173 ταύ-

310 2220 406 2269 της
438 2197 498 2253 δὲ
528 2200 623 2268 τῆς
655 2195 792 2253 κατὰ
816 2202 1090 2270 Κυρίνιον
1124 2194 1451 2270 ἀπογραφῆς
1480 2199 1572 2253 καὶ
1590 2195 1619 2253 6
1640 2201 1754 2252 τῶν
1783 2195 1913 2270 παρ’

248 2279 575 2354 εει-,Ἑβραίοις
618 2278 1009 2353 ἐπισημότατος
1052 2283 1342 2353 ἱστορικῶν
1385 2279 1628 2346 Φλαύιος
1660 2278 1919 2352 Ἰώσηπος

311 2387 676 2438 μνημονευει,
718 2366 810 2420 καὶ
851 2362 1024 2436 ἄλλην
1068 2362 1457 2421 ἐπισυνάπτων
1494 2369 1750 2469 ἱστορίαν
1793 2366 1919 2437 περὶ

311 2452 407 2520 τῆς
459 2452 570 2506 τῶν
617 2454 934 2505 Γαλιλαίων
979 2472 1116 2505 κατα
1162 2472 1287 2514 τους
1340 2446 1541 2514 αὐτους
1595 2451 1920 2521 ἐπιφυείσης

313 2533 547 2606 χρόνους
580 2534 860 2603 αἱρέσεως,
894 2534 957 2605 ῆς
987 2535 1079 2589 καὶ
1110 2530 1239 2605 παρ’
1270 2530 1404 2605 ἡμῖν
1434 2529 1462 2589 6
1485 2538 1706 2599 Λουκᾶς
1728 2535 1787 2589 ἐν
1802 2547 1920 2598 ταῖς

313 2615 555 2691 Πράξεσι
572 2614 793 2689 μνήμην
818 2609 930 2673 ὧδέ
942 2639 1057 2682 πως
1082 2619 1259 2688 λέγων
1284 2616 1611 2688 πεποίηται“
1635 2639 1770 2689 μετα
1796 2618 1921 2672 τοῦ·

250 2728 290 2759 30
312 2725 410 2758 τον
439 2697 637 2772 άνέστη
661 2699 871 2767 Ἰούδας
912 2697 940 2757 6
971 2708 1264 2767 Γαλιλαῖος
1297 2704 1357 2757 ἐν
1398 2714 1516 2766 ταῖς
1557 2699 1785 2773 ἡμέραις
1825 2704 1920 2771 τῆς

428 2840 481 2877 25
508 2832 746 2891 ’[ωσηπος]
781 2838 833 2879 A.
855 2839 890 2880 1.
915 2838 1082 2889 xvm,
1108 2839 1144 2888 1,
1171 2838 1206 2877 1.
1241 2837 1291 2876 B.
1313 2837 1347 2876 1.
1371 2837 1472 2887 vn,
1497 2839 1536 2887 8,
1564 2839 1598 2877 1.

314 2896 368 2934 ‘29
397 2894 500 2934 Aet.
524 2897 559 2943 5,
585 2896 651 2935 37.
