1986 3152
558 117 715 159 HIST.
748 116 995 159 ECCLES.
1026 117 1150 160 VIII.
1185 120 1252 163 13.
1604 115 1708 168 369

99 233 404 306 παρόντος,
436 232 540 304 τὴν
563 230 828 306 οὐράνιον
850 239 951 290 τοῦ
977 237 1221 307 Χριστοῦ
1246 238 1535 305 βασιλείαν
1561 233 1706 309 λόγῳ

100 316 370 390 πρότερον
426 315 505 373 δι’
550 315 883 389 άπολογίας,
937 316 1054 374 εἶτα
1101 317 1163 373 δὲ
1207 318 1300 373 καὶ
1340 322 1522 390 ἔργοις
1563 316 1705 373 dvoc—

97 400 357 474 κηρύξας.
410 405 458 457 3.
503 406 618 458 τῶν
642 399 695 457 δ’
725 403 816 458 ἐπὶ
843 408 1104 473 Φοινίκης
1134 401 1438 475 μαρτύρων
1463 399 1701 473 γένοιντ’

99 483 174 542 ἄν
222 484 607 565 ἐπισημότατοι
650 483 716 541 τά
763 486 946 542 πάντα
989 492 1272 557 θεοφιλεῖς
1311 491 1425 542 τῶν
1469 490 1709 557 λογικῶν

105 575 351 640 Χριστοῦ
390 569 729 642 θρεμμάτων
771 571 1056 643 ποιμένες,
1112 566 1447 642 Τυραννίων
1480 572 1705 626 ε’πίσκο-
1730 587 1748 617 5

99 675 204 719 πος
234 659 331 726 τῆς
362 653 500 710 κατὰ
539 653 729 727 Τῦρον
760 655 1082 726 ἐκκλησίας,
1114 653 1492 726 πρεσβύτερός
1521 676 1580 710 τε
1610 657 1708 725 τῆς

99 737 243 794 κατά
276 742 503 794 Σιδῶνα
535 737 833 809 Ζηνόβιος,
876 739 969 794 καὶ
1000 743 1078 794 ἔτι
1110 737 1390 809 Σιλβανὸς
1419 744 1532 799 τῶν
1563 736 1708 809 ἀμφὶ

100 822 205 894 τὴν
237 821 467 894 ’Έμισαν
513 823 819 892 ἐκκλησιῶν
873 823 1188 886 ἐπίσκοπος.
1276 825 1326 876 4.
1386 820 1509 877 ἀλλ’
1545 816 1707 886 οὗτος

100 929 206 978 μεν
244 910 464 977 θηρίων
514 904 654 976 βορα
701 903 831 977 μεθ’
879 906 1082 977 ἑτέρων
1135 903 1222 962 ἐπ’
1269 903 1438 976 αὐτῆς
1488 902 1709 976 Ἐμίσης

103 989 405 1061 γενόμενος
448 1001 637 1061 χοροῖς
678 987 973 1062 ἆνεληφθη
1003 988 1336 1063 μαρτύρων,
1378 994 1492 1045 τῶν
1523 986 1578 1044 δ’
1617 986 1704 1044 ἐπ’
1734 1003 1773 1034 10

97 1071 429 1146 Ἀντιοχείας
469 1073 637 1146 ἄμφω
677 1072 777 1130 τὸν
815 1078 918 1130 τοῦ
960 1078 1102 1130 θεοῦ
1148 1072 1316 1144 λόγον
1356 1072 1446 1129 δια
1488 1076 1586 1144 τῆς
1635 1077 1713 1138 εἰς

99 1157 354 1214 θάνατον
404 1155 693 1229 ὑπομονῆς
747 1157 1112 1229 ἐδοξασάτην,
1166 1155 1195 1213 ὁ
1248 1180 1352 1230 μεν
1395 1161 1713 1222 θαλαττίοις

102 1242 447 1314 παραδοθεὶς
478 1247 712 1313 βυθοῖς,
754 1240 782 1298 6
818 1244 1144 1312 ἐπίσκοπος,
1187 1239 1216 1297 ὁ
1250 1241 1314 1298 δε
1347 1245 1554 1312 ἰατρῶν
1584 1239 1711 1311 ἄρι-

103 1344 232 1392 στος
266 1325 536 1398 Ζηνόβιος
576 1338 697 1392 ταῖς
736 1349 874 1382 κατα
907 1330 1020 1383 τῶν
1051 1330 1314 1398 πλευρῶν
1346 1327 1713 1389 ἐπιτεθείσαις

103 1408 259 1487 αὐτῷ
310 1415 592 1483 καρτερῶς
635 1409 1008 1467 ἐναποθανών
1052 1408 1329 1482 βασάνοις.
1401 1413 1449 1465 5.
1496 1413 1612 1465 τῶν
1654 1405 1708 1464 δ’
1741 1424 1781 1457 15

106 1495 196 1551 ἐπὶ
249 1500 624 1566 Παλαιστίνης
684 1493 985 1568 μαρτύρων
1038 1493 1316 1566 Σιλβανός
1340 1537 1355 1565 ,
1418 1495 1715 1557 ἐπίσκοπος

104 1584 220 1636 τῶν
250 1577 394 1652 ἀμφὶ
424 1577 529 1650 τήν
561 1578 741 1647 Γάζαν
773 1580 1077 1651 ἐκκλησιῶν
1096 1622 1110 1649 ,
1152 1577 1290 1634 κατὰ
1319 1577 1386 1634 τοὶ
1421 1579 1482 1634 ἐν
1517 1585 1721 1634 Φαινοῖ

106 1668 315 1736 χαλκοῦ
345 1663 590 1736 μέταλλα
621 1661 731 1719 σῦν
763 1663 963 1736 ἑτέροις
990 1661 1112 1728 ἑνὸς
1140 1663 1330 1718 δέουσι
1351 1661 1451 1718 τὸν
1475 1659 1718 1733 ἀριθμὸν

105 1747 519 1820 τεσσαράκοντα
564 1746 667 1818 τὴν
697 1746 948 1820 κεφαλὴν
979 1743 1371 1819 ἀποτέμνεται,
1416 1744 1723 1817 Αἰγύπτιοί

107 1854 164 1887 τε
195 1830 397 1888 αὐτόθι
422 1830 649 1903 Π-ηλεῦς
679 1833 773 1887 καὶ
799 1838 1002 1898 Νεῖλος
1036 1833 1326 1887 ἐπίσκοποι
1353 1828 1483 1903 μεθ’
1514 1830 1716 1901 ἑτέρων
1741 1844 1781 1877 20

106 1915 210 1986 τὴν
242 1915 332 1971 διὰ
364 1915 546 1989 πυρὸς
575 1914 882 1988 ὑπέμειναν
911 1912 1191 1986 τελευτήν.
1262 1918 1311 1970 6.
1357 1915 1451 1969 καὶ
1481 1912 1543 1970 τό
1577 1913 1718 1985 μέγα

108 1999 171 2056 δὲ
202 2001 362 2066 κλέος
403 2004 501 2071 τῆς
533 2001 862 2072 Καισαρέων
903 2005 1193 2073 παροικίας
1237 2001 1295 2055 ἐν
1337 1997 1553 2063 τούτοις
1585 1994 1721 2069 ἡμῖν

109 2084 554 2157 μνημονευέσθω
607 2081 905 2157 Πάμφιλος
956 2083 1364 2157 πρεσβύτερος,
1415 2086 1530 2138 τῶν
1581 2078 1715 2136 καθ’

107 2166 249 2242 ἡμᾶς
277 2165 740 2241 θαυμασιώτατος
759 2211 773 2240 ,
817 2162 889 2225 οῦ
918 2173 1033 2225 τῶν
1064 2165 1590 2241 ἀνδραγαθημάτων
1619 2163 1721 2235 τὴν

109 2250 315 2324 ἀρετὴν
340 2251 479 2309 κατὰ
505 2252 606 2309 τὸν
622 2253 821 2309 δέοντα
845 2251 1045 2327 καιρὸν
1068 2250 1483 2326 ἀνεγράψαμεν.
1528 2253 1574 2306 7.
1606 2253 1720 2305 τῶν
1745 2264 1786 2296 25

1802 1399 1845 1435 Φ

113 2334 169 2392 δ’
216 2335 305 2392 ἐπ’
345 2334 763 2411 Ἀλεξανδρείας
814 2336 947 2394 καθ’
1004 2335 1138 2408 ὅλης
1190 2358 1248 2392 τε
1290 2334 1586 2406 Αἰγύπτου
1630 2333 1718 2389 καὶ

113 2424 395 2492 Θηβαΐδος
439 2424 756 2492 διαπρεπῶς
797 2421 1207 2478 τελειωθέντων
1237 2424 1454 2493 πρῶτος
1487 2418 1719 2490 Πέτρος,

113 2503 290 2576 αὐτῆς
315 2502 736 2578 Ἀλεξανδρείας
769 2507 1068 2571 ἐπίσκοπος
1088 2547 1102 2575 ,
1145 2503 1310 2560 θεῖόν
1339 2526 1389 2560 τι
1418 2507 1603 2576 χρῆμα
1635 2506 1720 2557 δι-

112 2587 407 2645 δασκάλων
435 2593 533 2660 τῆς
566 2589 627 2645 ἐν
651 2594 868 2665 Χριστῷ
891 2593 1247 2660 θεοσεβείας,
1280 2585 1720 2659 ἀναγεγράφθω,

111 2673 203 2729 καὶ
233 2678 348 2730 τῶν
388 2672 499 2730 σῦν
539 2671 693 2749 αὐτῷ
736 2677 1131 2747 πρεσβυτέρων
1166 2676 1422 2738 Φαῦστος
1453 2671 1546 2727 καὶ
1580 2680 1719 2734 Δῖος
1742 2684 1783 2716 30

227 2869 280 2908 25
311 2859 672 2922 ἀνεγράψαμεν]
696 2865 775 2918 VI,
799 2867 866 2910 32.
888 2865 989 2917 V11,
1012 2867 1081 2908 32.
1124 2866 1192 2907 De
1213 2871 1346 2907 mart.
1370 2864 1570 2906 Palaest.
1598 2875 1634 2902 c.
1659 2863 1727 2904 11.

205 2950 437 2979 susumus
476 2951 543 2978 1v.
1406 2931 1475 2982 24
