1986 3152
289 132 391 184 338
974 131 1221 171 EUSEBII
1270 113 1272 116 ’

283 242 470 310 τ(ὅπως
500 247 678 322 τούτῳ
711 246 991 319 γράφητε,
1034 246 1127 301 καὶ
1169 245 1235 301 τά
1268 246 1416 318 παρὰ
1458 247 1659 304 τούτου
1695 270 1891 304 κοινω-

285 326 443 388 “wude
477 331 717 403 δέχησθε
746 330 1056 404 γράμματα.
1117 334 1195 386 τῶ
1228 330 1291 386 δὲ
1316 328 1546 406 Ἀρτεμᾷ
1578 326 1741 399 οὗτος
1775 334 1896 388 ἐπι-

283 409 622 515 Ξίστελλέτω,
675 415 770 469 καὶ
821 418 880 470 οἰ
925 415 992 470 τὰ
1039 412 1271 486 Ἀρτεμᾶ
1296 421 1669 500 φρονοῦντες
1718 415 1900 473 τούτω

283 493 779 556 “κοινωνείτωσαν.
790 495 818 518 ”
886 502 966 554 18.
1011 503 1112 554 τοῦ
1147 497 1214 570 δὴ
1247 501 1354 555 ούν
1384 498 1621 556 Παύλου
1655 499 1764 556 σύν
1804 474 1899 556 κάὶ

247 590 355 659 ετῇ
387 589 483 655 τῆς
515 589 751 648 πίστεως
792 580 1098 656 ὀρθοδοξία
1140 588 1237 654 τῆς
1282 585 1580 655 ἐπισκοπῆς
1617 585 1899 640 ἐκπεπτω-

290 669 448 734 κότος
514 667 766 739 Δόμνος,
834 662 908 732 ῶς
951 675 1192 738 εἴρηται,
1255 666 1357 738 τὴν
1411 673 1764 742 λειτουργίαν
1803 673 1900 739 τῆς

290 752 428 810 κατά
455 749 793 823 Ἀντιόχειαν
826 753 1118 822 ἐκκλησίας
1149 752 1441 818 διεδέξατο.
1505 756 1587 807 19.
1620 750 1761 808 άλλοὶ
1792 751 1900 824 γὰρ

290 841 557 911 μηδαμῶς
605 838 862 907 ἐκστῆναι
902 839 1002 891 τοῦ
1044 835 1280 892 Παύλου
1320 840 1420 892 τοῦ
1465 841 1562 908 τῆς
1607 838 1900 908 ἐκκλησίας

293 930 452 978 οἴκου
505 921 798 990 θέλοντος,
862 918 1123 990 βασιλεὺς
1187 921 1503 992 ἐντευχθεὶς
1549 918 1902 993 Αύρηλιανός

229 1026 271 1057 10
295 1004 592 1062 αι’σιῶτατα
623 1004 751 1077 περὶ
780 1008 881 1060 τοῦ
913 1005 1191 1076 πρακτέου
1224 1008 1501 1077 διείληφε,
1537 1003 1751 1070 τούτοις
1780 1016 1901 1060 νεῖ-

293 1114 391 1163 μαι
422 1088 779 1162 προστάττων
809 1087 908 1143 τὸν
938 1086 1123 1157 οἶκον,
1166 1084 1250 1153 οἷς
1282 1084 1352 1144 ἂν
1383 1093 1440 1144 οἱ
1466 1087 1604 1144 κατά
1636 1087 1739 1160 τὴν
1763 1088 1902 1145 Ἰτα-

296 1179 424 1230 λίαν
455 1174 548 1228 καὶ
578 1171 682 1244 τὴν
700 1167 982 1243 Ῥωμαίων
1007 1171 1172 1228 πόλιν
1197 1174 1484 1227 ἐπίσκοποι
1505 1177 1606 1228 τοῦ
1632 1172 1904 1244 δόγματος

1920 120 1960 153 ⁴3(

298 1261 676 1314 ἐπιστείλαιεν.
737 1254 885 1312 οὕτω
929 1260 1069 1327 δῆτα
1100 1250 1129 1311 ὁ
1163 1257 1551 1327 προδηλωθεὶς
1593 1252 1738 1329 άνὴρ
1769 1254 1914 1338 μετὰ

295 1347 391 1413 τῆς
426 1340 653 1412 ἐσχάτης
685 1339 951 1412 αἰσχύνης
986 1335 1102 1396 ὑπὸ
1146 1345 1244 1412 τῆς
1275 1346 1536 1413 κοσμικῆς
1577 1339 1754 1414 ἀρχῆς
1789 1343 1900 1407 ἐξε-

233 1444 273 1475 15
298 1425 560 1482 λαύνεται
588 1428 685 1495 τῆς
720 1426 1026 1494 ἐκκλησίας.
1086 1428 1171 1480 20.
1218 1430 1468 1491 τοιοῦτος
1498 1426 1602 1497 μέν
1631 1427 1701 1496 γε’
1725 1448 1802 1490 τις
1833 1418 1907 1496 ἦν

296 1509 357 1566 τὸ
388 1508 648 1581 τηνικάδε
679 1509 805 1581 περὶ
835 1503 980 1580 ἡμᾶς
1012 1503 1041 1565 ὁ
1077 1507 1463 1582 Αύρηλιανὸς,
1509 1509 1816 1582 προϊούσης
1849 1505 1900 1564 δ’

355 1591 843 1614 ‚‚‚‚‚‚

297 1679 404 1734 τισὶ
437 1684 697 1749 βουλαῖς,
742 1673 816 1743 ῶς
856 1675 925 1733 ἂν
967 1676 1214 1750 διωγμὸν
1253 1676 1391 1733 καθ’
1426 1673 1586 1751 ημῶν
1619 1680 1906 1750 ἐγείρειεν,

299 1760 636 1833 ἆνεκινειτο,
690 1761 867 1827 πολύς
907 1784 966 1818 τε
1005 1764 1077 1834 ἠν
1119 1756 1147 1816 ὁ
1191 1783 1341 1835 παρα
1383 1767 1514 1818 πᾶσι
1545 1762 1672 1835 περὶ
1702 1761 1906 1818 τούτου

235 1865 276 1897 20
299 1846 476 1917 λόγος.
537 1849 622 1903 21.
667 1847 939 1918 μέλλοντα
979 1846 1042 1902 δε
1083 1845 1192 1917 ἤδη
1222 1847 1316 1902 καὶ
1349 1846 1549 1917 σχεδὸν
1581 1851 1762 1903 εἰπεῖν
1792 1858 1908 1911 τοῖς

299 1929 434 1987 καθ’
469 1926 630 2002 ἡμῶν
663 1930 979 2003 γράμμασιν
1009 1926 1531 2003 ὑποσημειούμενον
1561 1936 1694 1987 θεία
1723 1932 1907 2003 μέτει-

301 2032 389 2070 σιν
431 2019 587 2085 δίκη,
640 2015 944 2086 μονονουχὶ
989 2016 1041 2082 ἐξ
1085 2013 1362 2086 ἀγκώνων
1413 2020 1509 2087 τῆς
1552 2014 1909 2089 ἐγχειρήσεως

301 2095 475 2153 αὐτὸν
505 2094 932 2170 άποδεσμοῦσα,
967 2103 1232 2172 ,λαμπρῶς
1262 2122 1320 2154 τε
1349 2112 1463 2165 τοῖς
1494 2104 1627 2155 πᾶσι
1659 2100 1910 2172 συνορᾶν

301 2186 649 2254 παριστῶσα,
684 2177 758 2246 ῶς
791 2181 996 2237 οὔποτε
1026 2180 1230 2252 γένοιτ’
1265 2177 1335 2237 ἂν
1369 2182 1628 2257 ῥᾳστώνη
1659 2194 1776 2248 τοῖς
1807 2187 1908 2238 τοῦ

239 2283 282 2314 25
303 2271 433 2337 βίου
466 2263 700 2336 ἄρχουσι
728 2264 866 2320 κατα
895 2271 1011 2321 τῶν
1041 2271 1140 2321 τοῦ
1175 2272 1419 2338 Χριστοῦ
1454 2269 1790 2338 ἐκκλησιῶν,
1834 2263 1908 2339 μὴ

303 2347 431 2421 οὐχὶ
460 2353 557 2419 τῆς
588 2344 919 2421 ύπερμάχου
951 2349 1132 2423 χειρὸς
1155 2357 1289 2424 θείᾳ
1313 2352 1405 2406 καὶ
1431 2349 1680 2427 οὐρανίῳ
1711 2357 1908 2425 κρίσει,

302 2437 552 2497 παιδείας
597 2435 758 2488 ἕνεκα
788 2434 881 2488 καὶ
925 2436 1289 2508 ἐπιστροφῆς,
1331 2433 1463 2491 καθ’
1515 2434 1615 2501 οὓς
1655 2433 1727 2491 ἂν
1768 2432 1910 2505 αὐτὴ

303 2516 579 2589 δοκιμάζοι
609 2517 864 2590 καιρούς,
896 2516 1051 2574 τοῦτ’
1091 2521 1460 2575 ἐπιτελεῖσθαι
1490 2518 1908 2592 συγχωρούσης.

211 2607 217 2613 ’
302 2605 387 2656 22.
437 2606 579 2656 ἔτεσι
609 2606 754 2671 γοῦν
787 2604 840 2668 ἓξ
873 2602 1225 2675 κρατήσαντα
1257 2603 1358 2660 τὸν
1393 2601 1753 2676 Αύρηλιανὸν
1785 2607 1908 2658 δια-

238 2702 281 2733 30
305 2687 518 2757 δέχεται
560 2683 813 2758 Πρόβος,
855 2687 949 2741 καὶ
990 2692 1193 2743 τοῦτον
1234 2688 1303 2743 δέ
1327 2709 1436 2744 που
1467 2700 1583 2753 τοῖς
1617 2697 1755 2752 ἴσοις
1789 2689 1908 2743 ἐπι-

305 2768 649 2841 κατασχόντα
695 2774 885 2844 Κᾶρος
940 2769 1054 2842 ἅμα
1109 2772 1263 2828 παισὶ
1315 2778 1547 2847 Καρίνῳ
1599 2772 1693 2827 καὶ
1747 2779 1908 2828 Nov-

304 2858 548 2928 μεριανῷ
569 2870 579 2879 ·
624 2853 789 2909 πάλιν
830 2852 878 2909 τ’
916 2848 987 2910 αὗ
1019 2855 1111 2910 καὶ
1141 2855 1358 2912 τούτων
1389 2853 1517 2912 οὐδ’
1552 2854 1698 2921 ὅλοις
1727 2855 1909 2928 τρισὶν
