1986 3152
267 113 291 162 1
304 112 366 163 18
948 111 1196 153 EUSEBII

257 228 638 297 “Μένανδρον
681 227 746 282 δέ
782 250 906 282 τινα
946 229 1038 283 καὶ
1079 225 1249 284 αὐτὸν
1281 229 1574 301 Σαμαρέα,
1623 228 1720 313 τὸν
1761 225 1870 286 ἀπὸ

257 308 478 414 ἱκώμης
509 311 975 381 Καππαραττέας,
1018 309 1318 383 γενόμενον
1347 311 1603 385 μαθητὴν
1635 316 1732 369 τοῦ
1763 318 1869 369 Σί-
1911 384 1918 387 .

256 395 503 504 ἶμωνος,
548 398 918 469 οἰστρηθέντα
961 397 1053 451 καὶ
1084 392 1255 453 αὐτὸν
1284 392 1395 453 ὑπὸ
1436 402 1549 453 τῶν
1589 395 1871 469 δαιμόνων

256 480 386 536 ““καὶ
437 482 496 536 ἐν
531 476 833 555 Ἀντιοχείᾳ
884 478 1187 552 γενόμενον
1246 478 1485 547 πολλοὺς
1538 482 1911 554 ἐξαπατῆσαί

221 580 240 610 5
258 562 386 621 “διο“ε
415 567 650 637 μαγικῆς
680 567 872 637 τέχνης
903 570 1159 638 οῖ’,δαμεν
1191 562 1252 631 ὃς
1282 567 1375 622 καὶ
1404 564 1532 631 τούς
1564 563 1714 642 αὐτῷ
1746 568 1869 623 ἑπο-

254 648 490 722 “μένους
553 648 625 715 ὡς
674 642 747 722 μὴ
808 647 1222 721 ἀποθνήσκοιεν
1284 656 1517 707 ἔπεισεν.
1607 651 1699 706 καὶ
1761 652 1870 708 νῦν
1911 660 1914 662 ’

255 730 434 799 σετινές
467 739 608 791 εἰσιν
637 732 732 791 ἀπ’
774 737 989 791 ἐκείνου
1028 740 1187 791 τοῦτο
1228 730 1674 806 ὁμολογοῦντες.”
1717 738 1764 792 4.
1798 726 1896 810 ἦνΙ

265 815 319 874 δ’
364 815 471 890 ἄρα
525 823 842 892 διαβολικῆς
886 821 1164 892 ἐνεργείας
1230 819 1320 875 διὰ
1372 824 1603 876 τοιῶνδε
1653 818 1870 892 γοήτων

260 902 362 975 τὴν
393 906 746 976 Χριστιανῶν
775 909 1152 976 προσηγορίαν
1190 902 1596 977 ὑποδυομένων
1636 903 1696 960 τὸ
1726 907 1867 977 μέγα

197 1000 238 1031 10
261 991 355 1060 τῆς
385 993 708 1059 θεοσεβείας
738 985 1042 1061 μυστήριον
1073 990 1160 1044 ἐπὶ
1185 994 1384 1064 μαγείᾳ
1407 986 1726 1066 σπουδάσαι
1745 993 1869 1044 δια·

259 1079 480 1144 βαλεῖν,
525 1077 790 1145 διασῦραί
824 1097 882 1129 τε
927 1071 1000 1128 δι’
1039 1071 1223 1129 αὐτῶν
1252 1072 1317 1129 τὰ
1349 1074 1475 1143 περὶ
1508 1075 1686 1146 ψυχῆς
1718 1069 1867 1130 ἆθα-
1897 1145 1899 1148 ¹

258 1162 456 1222 νασίας
498 1158 590 1212 καὶ
628 1160 845 1230 νεκρῶν
884 1153 1236 1223 ἀναστάσεως
1279 1156 1699 1228 ἐκκλησιαστικὰ
1733 1156 1861 1228 δόγ-

256 1262 413 1312 ματα.
448 1237 568 1295 ἀλλ’
598 1234 750 1297 οὗτοι
774 1241 877 1313 μὲν
898 1239 1126 1306 τούτους
1150 1245 1400 1314 σωτῆρας
1426 1239 1862 1314 ἐπιγραψάμενοι

256 1330 352 1396 τῆς
383 1321 631 1396 ἀληθοῦς
661 1322 1127 1382 ἀποπεπτώκασιν
1160 1329 1398 1391 ἐλπίδος.

195 1420 235 1452 15
399 1419 589 1468 xxvn.
633 1419 759 1486 [Nic.
790 1421 847 1470 Η.
878 1421 930 1469 E.
960 1421 1047 1476 111,
1082 1418 1186 1486 13.]
1227 1409 1461 1475 Ἄλλους
1493 1404 1867 1482 δὲὸπονηρός
1916 1411 1918 1413 ’
1984 1419 1986 1503 ἐ

261 1498 504 1566 δαίμων,
546 1499 641 1566 τῆς
681 1497 809 1567 περὶ
846 1491 942 1550 τὸν
973 1492 1213 1567 Χριστὸν
1251 1499 1349 1551 τοῦ
1380 1499 1519 1551 θεοῦ
1554 1495 1860 1559 διαθέσεως

254 1576 551 1634 ἀδυνατῶν
583 1580 851 1651 ἐκσεῖσαι,
894 1580 1104 1653 θατέρᾳ
1146 1576 1384 1651 ληπτούς
1427 1576 1607 1649 εὑρών
1638 1580 1863 1649 ἐσφετε-

257 1667 444 1734 ρίζετο.
510 1659 863 1734 Ἑβιωναίους
915 1661 1142 1729 τούτους
1181 1668 1396 1727 οἰκείως
1438 1660 1771 1734 ἐπεφήμιζον
1811 1665 1866 1717 οἱ

258 1751 492 1821 πρῶτοι,
535 1753 762 1820 πτω-χῶς
802 1749 894 1804 καὶ
935 1749 1208 1813 ταπειναῖς
1238 1745 1303 1802 τοὶ
1334 1747 1462 1818 περὶ
1493 1749 1592 1802 τοῦ
1622 1750 1863 1818 Χριστοῦ

194 1844 236 1876 20
262 1829 598 1899 δοξάζοντας.
689 1836 737 1888 2.
768 1831 944 1889 γλιτὸν
997 1831 1100 1904 μὲν
1151 1829 1255 1902 γὰρ
1309 1827 1480 1886 αὐτὸν
1531 1831 1624 1885 καὶ
1677 1830 1868 1886 κοινὸν

258 1911 493 1988 ἡγοῦντο
524 1915 661 1972 κατὰ
693 1914 980 1988 προκοπὴν
1009 1915 1186 1986 ἤθους
1211 1911 1342 1971 αὐτὸ
1367 1913 1538 1986 μόνον
1562 1911 1867 1985 ἄνθρωπον

260 2003 723 2072 δεδικαιωμένον,
758 2004 810 2067 ἐξ
843 1997 1046 2068 ἀνδρός
1076 2022 1135 2055 τε
1166 2005 1460 2065 κοινωνίας
1491 2000 1580 2054 καὶ
1611 2002 1708 2070 τῆς
1739 2006 1865 2055 Μα-
1911 2045 1915 2048 .

260 2087 381 2153 ρίας
410 2087 848 2186 γεγεννημένον
895 2089 1017 2141 δεῖν
1058 2083 1120 2139 δε
1160 2105 1378 2148 παντως
1420 2081 1607 2148 αὐτοῖς
1638 2086 1866 2154 νομικῆς

259 2174 593 2240 θρησκείας,
627 2191 700 2234 ως
730 2167 803 2240 μὴ
835 2163 906 2225 ἂν
939 2165 1031 2223 δια
1061 2191 1233 2266 μονης
1263 2170 1358 2239 τῆς
1391 2172 1467 2232 εἰς
1497 2166 1594 2223 τὸν
1624 2165 1867 2238 Χριστὸν

195 2273 238 2304 25
265 2257 498 2318 πίστεως
530 2253 621 2308 καὶ
652 2255 750 2308 τοῦ
782 2254 900 2308 κατ’
937 2250 1114 2323 αυτὴν
1153 2258 1282 2323 βίου
1324 2253 1752 2322 σωθησομένοις
1815 2254 1863 2306 3.

262 2333 419 2392 αλλοι
451 2336 511 2392 δε
542 2333 692 2406 παρὰ
722 2335 951 2401 τούτους
979 2339 1075 2409 τῆς
1106 2334 1278 2407 αὐτῆς
1308 2333 1462 2402 ὄντες
1493 2340 1865 2407 προσηγορίας

258 2419 361 2492 τὴν
398 2420 500 2492 μὲν
539 2425 651 2477 τῶν
696 2423 1003 2493 εἰρημένων
1043 2427 1274 2478 ἔκτοπον
1317 2424 1710 2492 διεδίδρασκον
1738 2415 1864 2475 οἶτο-

260 2509 422 2577 πίαν,
466 2506 525 2560 ἐκ
567 2506 858 2576 παρθένου
899 2506 989 2561 καὶ
1030 2500 1193 2576 αγίου
1223 2503 1533 2576 πνεύματος
1563 2501 1636 2575 μὴ
1667 2501 1864 2577 ἀρνού-

259 2612 416 2660 μενοι
445 2590 735 2660 γεγονέναι
765 2586 861 2646 τὸν
891 2587 1116 2690 κύριον,
1157 2613 1224 2646 ου
1267 2587 1378 2661 μὴν
1418 2586 1506 2645 ἔθ’
1543 2586 1742 2660 ὁμοίως
1773 2587 1864 2643 καὶ

193 2695 237 2728 30
261 2696 411 2729 ουτοι
443 2671 823 2746 προῦπαρχειν
853 2670 1050 2747 αὐτὸν,
1092 2673 1231 2731 θεὸν
1271 2671 1436 2745 λόγον
1474 2669 1609 2728 όντα
1648 2672 1739 2727 καὶ
1771 2687 1868 2726 σο-

261 2763 427 2830 φίαν,
469 2756 865 2830 ὁμολογοῦντες
896 2761 962 2830 τῇ
993 2781 1104 2815 των
1134 2759 1417 2830 προτέρων
1448 2757 1865 2828 περιετρέποντο

263 2846 591 2917 δυσσεβεία,
625 2841 861 2915 μάλιστα
890 2840 980 2898 ὅτε
1011 2844 1104 2898 καὶ
1133 2841 1239 2914 τὴν
1269 2837 1584 2914 σωματικὴν
1615 2840 1739 2912 περὶ
1770 2838 1867 2895 τὸν
