1986 3152
257 125 361 177 292
938 121 1185 163 EUSEBII

251 237 699 312 “πρεσβυτε’ρους
753 238 894 295 εἶναι
951 234 1362 309 τεσσαράκοντα
1423 240 1515 310 ἓξ,
1575 236 1877 305 διακόνους

253 320 453 395 “ε”πτο“ι,
517 318 923 386 ὑποδιακόνους
983 320 1147 393 ἑπτὰ,
1212 317 1557 390 ἀκολούθους
1617 321 1719 380 δύο
1777 326 1870 380 καὶ

251 404 726 479 “τεσσαροι’κοντα,
779 403 1088 479 ἐξορκιστόις
1129 406 1189 462 δὲ
1229 407 1320 462 καὶ
1361 403 1717 478 ἀναγνώστας
1758 404 1870 480 ἅμα

252 487 567 562 “πυλωροῐς
600 489 705 548 δύο
735 493 828 547 καὶ
859 488 1229 562 πεντήκοντα,
1269 488 1439 563 χήρας
1469 490 1575 548 σὺν
1605 495 1870 565 θλιβομέ-

216 572 403 641 5“νοις
442 571 585 646 ὑπὲρ
626 573 720 642 τας
763 581 938 648 χιλίας
988 583 1380 647 πεντακοσίας,
1433 570 1531 641 οὓς
1580 573 1787 642 πάντας
1838 574 1871 648 ἡ

252 657 391 716 “τοῦ
442 658 714 717 δεσπότου
765 658 921 732 χάρις
973 661 1066 715 καὶ
1117 665 1518 733 φιλανθρωπία
1571 662 1868 734 διατρέφει.

251 740 457 802 “12.ὸ“ν
479 742 613 800 οὐδὲ
641 749 872 801 τοσοῦτο
903 746 1118 816 πλῆθος
1149 745 1240 801 καὶ
1273 742 1446 810 οὕτως
1477 740 1783 816 ἀναγκαῖον
1815 747 1875 803 ἐν

250 827 355 902 “vij
397 831 685 904 ἐκκλησίᾳ,
730 826 821 885 δια
859 834 953 902 τῆς
996 833 1095 885 τοῦ
1136 832 1282 885 θεοῦ
1318 835 1582 901 προνοίας
1613 827 1875 896 πλούσιός

251 909 351 970 “τε
397 915 489 970 καὶ
540 911 813 985 πληθύων
853 909 1088 985 ἀριθμὸς
1129 912 1263 985 μετὰ
1302 919 1564 986 μεγίστου
1605 915 1698 969 καὶ
1736 912 1875 971 ἄνα-

197 1014 239 1047 10
255 994 568 1071 τ’ριθμήτου
609 1001 777 1069 λαοῦ,
823 996 931 1054 ἀπὸ
969 1003 1065 1068 τῆς
1104 996 1362 1070 τοιαύτης
1403 995 1773 1069 ἀπογνώσεως
1815 1023 1876 1055 τε

250 1077 382 1138 “nal
424 1079 850 1154 ἀπαγορεύσεως
897 1085 1157 1154 ἐνέτρεψέ
1181 1105 1240 1138 τε
1271 1084 1364 1138 καὶ
1394 1078 1764 1140 ἀνεκαλέσατο
1797 1090 1874 1150 εἰς

250 1164 389 1238 “τὴν
421 1163 765 1238 ἐκκλησίαν.”
829 1170 909 1222 13.
945 1168 1036 1222 καὶ
1075 1158 1242 1232 αὖθις
1283 1165 1412 1238 μεθ’
1461 1169 1620 1239 ἕτερα
1663 1165 1876 1234 τούτοις

260 1257 597 1322 προστίθησι
638 1253 835 1306 ταῦτα
911 1246 1087 1323 “φέρε
1136 1250 1203 1322 δὴ
1252 1252 1376 1322 ἑξῆς
1430 1259 1673 1323 εἰπωμεν
1731 1257 1876 1308 τίσιν

272 1331 469 1406 ἔργοις
522 1329 555 1405 ἢ
611 1341 718 1390 τίσι
770 1341 1071 1400 πολιτείαις
1123 1333 1483 1408 τεθαρρηκως
1535 1333 1876 1408 ἀντεποιήθη

196 1415 388 1490 15“τῆς
433 1421 743 1491 ἐπισκοπῆς.
805 1417 913 1492 ἄρα’
953 1442 1017 1491 γε
1059 1416 1150 1475 δια
1193 1418 1253 1475 τὸ
1299 1422 1352 1487 ἐξ
1393 1417 1565 1492 ἀρχῆς
1607 1422 1665 1476 ἐν
1694 1423 1763 1493 τῇ
1795 1423 1876 1478 ἐκ·

251 1499 490 1579 “κλησία
548 1500 961 1576 ἆνεστραφθαι,
1022 1506 1115 1564 καὶ
1179 1502 1417 1570 πολλοὺς
1466 1528 1686 1576 αγωνας
1735 1504 1876 1577 ὑπερ

252 1583 460 1660 “αὐτῆς
502 1584 844 1660 ἠγωνίσθαι,
893 1590 986 1645 καὶ
1027 1591 1089 1646 ἐν
1127 1587 1411 1654 κινδύνοις
1442 1597 1665 1654 πολλοῖς
1695 1612 1755 1646 τε
1785 1593 1878 1647 καὶ

251 1668 543 1744 “μεγάλοις
578 1676 740 1729 ε’νεκα
768 1679 863 1746 τῆς
893 1679 1220 1744 θεοσεβείας
1260 1676 1577 1745 γεγονέναι;
1618 1671 1742 1730 ἀλλ’
1775 1671 1879 1731 οὐκ

254 1751 472 1813 “ε”στιν·
552 1760 709 1813 14.ω
668 1781 816 1860 ωγε
857 1755 1079 1831 ἀφορμὴ
1119 1761 1217 1815 τοῦ
1258 1762 1552 1816 πιστεῦσαι
1582 1760 1812 1830 γέγονεν
1847 1755 1877 1815 ὁ

197 1836 561 1914 20“σατανᾶς,
607 1842 876 1915 φοιτήσας
918 1849 995 1909 εἰς
1035 1839 1207 1899 αὐτὸν
1247 1843 1338 1899 καὶ
1379 1841 1606 1914 οἰκήσας
1639 1845 1698 1900 ἐν
1727 1841 1877 1900 αὗτω

253 1920 494 1999 “χρόνον
555 1926 764 1984 ἱκανόν.
846 1923 906 1992 ὃς
964 1926 1348 2001 βοηθούμενος
1398 1926 1507 1984 ὑπὸ
1558 1929 1669 1984 τῶν
1721 1930 1879 2002 ἐπορ-

293 2029 518 2082 κιστων,
551 2011 700 2068 νόσω
731 2030 1049 2085 περιπεσων
1077 2016 1308 2086 χαλεπῇ,
1341 2013 1433 2068 καὶ
1463 2010 1880 2070 ἀποθανεῖσθαι

248 2090 427 2150 ((ὅσον
470 2092 691 2151 οὐδέπω
737 2095 1118 2168 νομιζόμενος,
1174 2100 1236 2154 ἐν
1287 2094 1426 2170 αὐτῇ
1479 2102 1546 2169 τῇ
1597 2102 1792 2170 κλίνῃ,
1843 2088 1880 2170 ᾗ

253 2174 499 2251 “ἔκειτο,
553 2182 875 2251 περιχυθεὶς
926 2185 1151 2251 ἔλαβεν
1213 2188 1269 2236 εἰ
1312 2204 1376 2251 γε
1415 2178 1519 2252 χρὴ
1561 2183 1744 2252 λέγειν
1784 2177 1881 2238 τὸν

196 2257 543 2319 2«θ’(τοιοῦτον
584 2266 885 2335 εἰληφέναι.
973 2268 1052 2320 15.
1085 2261 1153 2321 οὐ
1193 2264 1305 2336 μὴν
1345 2262 1483 2320 οὐδὲ
1519 2266 1632 2320 τῶν
1671 2269 1880 2322 λοιπῶν

254 2344 450 2419 “ἑ’τυχε
482 2346 774 2420 διαφυγών
803 2346 906 2420 τὴν
936 2346 1132 2421 νόσον,
1175 2339 1254 2405 ὦν
1291 2346 1393 2420 χρὴ
1435 2348 1880 2422 μεταλαμβάνειν

293 2454 429 2487 κατα
451 2430 549 2488 τὸν
570 2436 665 2503 τῆς
691 2434 979 2503 ἐκκλησίας
1003 2431 1232 2504 κανόνα,
1256 2456 1354 2489 του
1378 2457 1436 2490 τε
1461 2437 1881 2506 σφραγισθῆναι

255 2509 401 2571 “find
442 2518 541 2572 τοῦ
581 2515 898 2573 ἐπισκόπου.
961 2516 1174 2574 τούτων
1218 2518 1279 2574 δε
1323 2516 1397 2590 μη
1440 2541 1624 2590 τυχων
1663 2539 1778 2584 πως
1809 2542 1880 2574 αν

255 2594 394 2656 “του
433 2598 596 2672 αγίου
636 2599 948 2672 πνεύματος
992 2607 1177 2674 ἔτυχες
1177 2598 1206 2620 ”
1271 2607 1350 2658 16.
1393 2604 1485 2658 καὶ
1537 2600 1705 2658 πάλιν
1743 2624 1879 2675 μετα

199 2699 242 2732 30
266 2686 473 2757 βραχέα
514 2691 688 2757 φησίν
725 2681 790 2741 “5
835 2684 926 2741 διὰ
971 2691 1186 2743 δειλίαν
1229 2688 1322 2743 καὶ
1360 2691 1657 2759 φιλοζωΐαν
1697 2689 1758 2744 ἐν
1802 2689 1878 2762 τῷ

258 2765 474 2845 “καιρῷ
501 2774 599 2841 τῆς
631 2768 868 2837 διώξεως
899 2769 1278 2844 πρεσβύτερον
1309 2771 1454 2828 εἶναι
1485 2767 1685 2828 ἑαυτὸν
1706 2766 1881 2843 ἄρνη-

255 2850 545 2927 “σοὲμενος.
606 2852 931 2927 ἀξιούμενος
970 2853 1074 2929 γὰρ
1118 2858 1210 2912 καὶ
1249 2853 1738 2929 παρακαλούμενος
1767 2850 1878 2911 ὑπὸ
