1986 3152
604 139 770 194 fflIST.
803 140 1052 183 ECCLES.
1086 142 1140 183 x.
1173 143 1214 182 4.
1615 141 1718 194 467

114 262 287 331 ἱεραῖς
328 263 541 329 βίβλοις
578 259 980 330 καταβέβλητο,
1036 260 1205 331 ἐχρῆν
1247 259 1316 314 δέ
1351 279 1460 315 που
1500 259 1716 316 τούτων

110 341 211 414 τὴν
236 340 543 408 ἀψεύδειαν
566 339 673 414 ἤδη
697 342 830 398 ποτὲ
856 348 1035 415 ἔργοις
1058 349 1422 416 παραλαβεῖν.
1469 347 1552 399 54.
1572 342 1713 400 ἀλλά

109 425 218 499 γάρ
256 431 483 482 τοιαῦτα
523 432 624 483 τοῦ
666 433 921 499 νυμφίου
964 426 1139 498 λόγου
1183 426 1321 502 πρὸς
1361 426 1465 500 τὴν
1513 430 1716 485 ἑαυτοῦ

111 510 341 583 νύμφην
370 510 472 583 τὴν
504 510 660 585 ἱερὰν
691 513 783 567 καὶ
815 510 982 582 ἁγίαν
1026 513 1327 583 ἐκκλησίαν
1360 514 1715 585 ἐπιφωνοῦν-

107 617 226 667 τος,
260 595 486 661 εἰκότως
518 591 547 652 ὁ
580 595 967 669 νυμφοστόλος
997 594 1092 652 ὅδε
1123 595 1306 668 αὐτὴν
1346 595 1448 669 τὴν
1489 603 1713 670 ἔρημον,
1741 621 1760 653 5

107 679 212 750 τῆν
242 683 438 752 πτῶμα
468 682 746 753 κειμένην,
770 679 873 752 τὴν
896 678 1045 754 παρά
1081 679 1403 754 ἀνθρώποις
1429 680 1715 753 ἀνέλπιδα,

105 777 225 829 ταῖς
257 778 470 830 κοιναῖς
502 760 768 820 ἁπάντων
790 762 952 836 ὑμῶν
976 762 1196 836 εὐχαῖς,
1222 778 1410 838 χεῖρας
1432 764 1530 831 τὰς
1553 761 1717 838 ῦμῶν

107 846 297 905 αὐτῶν
338 846 558 920 ὀρέξας,
604 847 847 921 ἐξήγειρε
896 850 989 904 καὶ
1034 850 1388 920 ἐξανέστησε,
1430 855 1573 906 θεοῦ
1618 855 1716 906 τοῦ

106 933 492 1006 παμβασιλέως
524 929 758 1005 νεύματι
787 933 882 987 καὶ
921 938 1019 1004 τῆς
1045 930 1229 1004 Ἰησοῦ
1260 939 1503 1006 Χριστοῦ
1536 933 1714 990 δυνά-

102 1040 246 1089 μεως
273 1019 596 1091 ἐπιφανείᾳ,
620 1015 883 1097 τοιαύτην
903 1039 962 1072 τε
986 1015 1300 1089 ἀναστήσας
1324 1017 1715 1090 κατεστήσατο,
1740 1042 1779 1074 10

103 1105 230 1157 οἵαν
262 1104 321 1157 ἐκ
349 1105 447 1173 τῆς
477 1106 591 1157 τῶν
625 1106 793 1175 ἱερῶν
833 1106 1101 1174 χρησμῶν
1132 1107 1495 1176 καταγραφῆς
1528 1102 1715 1159 ἐδιδά-

104 1202 280 1242 σκετο.
328 1188 412 1262 55,
448 1191 646 1258 θαῦμα
676 1186 780 1259 μὲν
811 1179 918 1242 οῦν
948 1187 1212 1259 μέγιστον
1250 1189 1418 1243 τοῦτο
1449 1188 1540 1242 καὶ
1574 1188 1716 1259 πέρα

105 1269 285 1342 πάσης
333 1269 673 1342 ἐκπλήξεως,
719 1270 956 1343 μάλιστα
998 1282 1114 1336 τοῖς
1164 1271 1253 1326 ἐπὶ
1298 1270 1442 1345 μόνη
1489 1276 1558 1345 τῇ
1601 1273 1716 1328 τῶν

101 1356 314 1422 ἔξωθεν
337 1361 620 1430 φαντασίᾳ
642 1354 741 1411 τὸν
763 1360 906 1412 νοῦν
931 1356 1356 1430 προσανέχουσι.
1402 1355 1716 1428 θαυμάτων

99 1439 162 1495 δὲ
200 1439 632 1514 θαυμασιώτερα
670 1439 738 1496 τά
778 1462 837 1496 τε
878 1438 1191 1514 ἀρχέτυπα,
1244 1441 1338 1495 καὶ
1388 1439 1602 1496 τούτων
1642 1439 1708 1496 τοὶ
1735 1463 1774 1495 ι5

99 1524 438 1596 πρωτότυπα
469 1523 640 1596 νοητά
680 1525 774 1579 καὶ
803 1529 1098 1598 θεοπρεπῆ
1129 1528 1547 1598 παραδείγματα
1567 1569 1582 1596 ,
1613 1530 1711 1596 τῆς

102 1610 305 1665 ἐνθέου
339 1610 479 1682 φημὶ
512 1610 612 1665 παὶ
644 1614 867 1681 λογικῆς
892 1611 969 1666 ’ἐν
1000 1621 1205 1680 ψυχαῖς
1237 1613 1535 1681 οἰκοδομῆς
1568 1608 1709 1665 ἀνα-

97 1693 378 1766 νεῶματα·
422 1697 508 1750 56.
556 1692 624 1766 ἣν
666 1691 836 1759 αὐτὸς
876 1691 905 1750 ὁ
945 1693 1182 1759 θεόπαις
1223 1692 1344 1748 κατ’
1380 1693 1568 1750 εἰκόνα
1608 1692 1711 1765 τὴν

99 1776 266 1843 αὐτὸς
292 1777 471 1834 αὐτοῦ
497 1777 912 1852 δημιουργήσας
927 1823 942 1850 ,
959 1778 1140 1852 πάντῃ
1164 1800 1222 1834 τε
1246 1778 1339 1832 καὶ
1361 1777 1499 1834 κατὰ
1529 1777 1711 1834 πάντα

94 1862 154 1918 τὸ
186 1869 508 1919 θεοείκελον
539 1863 950 1937 δεδωρημένος,
988 1860 1282 1935 ἄφθαρτον
1312 1862 1514 1934 φύσιν,
1547 1861 1701 1918 ἀσῶ-
1728 1885 1770 1918 20

94 1970 300 2019 ματον,
347 1946 603 2019 λογικὴν,
659 1947 835 2018 πάσης
892 1947 1140 2018 γεώδους
1192 1945 1330 2018 ὕλης
1383 1945 1704 2020 ἀλλοτρίαν,

94 2030 440 2106 αύτονοεροέν
471 2028 693 2102 ου’σίαν,
727 2031 870 2098 ἅπαξ
912 2030 974 2087 τὸ
1010 2036 1233 2105 πρῶτον
1277 2033 1335 2087 ἐκ
1365 2036 1466 2087 τοῦ
1497 2030 1572 2103 μῆ
1608 2030 1709 2087 ὅν-

89 2139 182 2182 τος
230 2121 308 2182 εἰς
348 2113 410 2171 τὸ
459 2115 600 2172 εἶναι
641 2115 1084 2189 συστησάμενος,
1131 2115 1359 2187 νύμφην
1401 2114 1571 2187 ἁγίαν
1616 2116 1710 2171 καὶ

90 2200 237 2258 νεῶν
267 2207 535 2273 πανίερον
569 2204 748 2277 ἑαυτῷ
778 2223 837 2257 τε
867 2202 959 2256 καὶ
990 2206 1068 2276 τῷ
1095 2201 1262 2273 πατρὶ
1293 2199 1706 2274 κατειργάσατο.

93 2283 124 2341 ὃ
155 2286 248 2342 καὶ
279 2290 471 2357 σαφῶς
503 2285 670 2352 αὐτὸς
701 2280 993 2359 ὁμολογῶν
1018 2287 1287 2357 ἐκφαίνει,
1313 2286 1493 2355 λέγων
1518 2279 1705 2341 “ἐνοι*
1730 2309 1771 2340 25

90 2369 243 2441 κη’σω
278 2371 337 2425 ἐν
379 2368 572 2436 αὐτοῖς
611 2372 703 2426 καὶ
737 2370 1156 2443 ἐμπεριπατήσω
1176 2415 1192 2441 ,
1232 2370 1326 2425 καὶ
1372 2375 1562 2442 ἔσομαι
1596 2365 1703 2425 αύ-

89 2458 203 2510 τῶν
233 2452 396 2524 θεὸς,
429 2455 520 2510 καὶ
551 2453 708 2510 αὐτοὶ
741 2460 968 2510 ἔσονταί
991 2476 1082 2526 μοι
1113 2450 1288 2519 λαός.”
1346 2455 1441 2509 καὶ
1470 2453 1698 2524 τοιαύτη

89 2539 194 2611 μὲν
225 2536 259 2610 ἡ
289 2544 471 2594 τελεία
502 2540 593 2594 καὶ
623 2539 1014 2611 κεκαθαρμένη
1046 2537 1230 2610 ψυχὴ,
1261 2535 1514 2610 ἀρχῆθεν
1545 2538 1698 2594 οὕτω

89 2623 449 2696 γεγενημένη,
474 2628 564 2679 οἵα
585 2622 686 2680 τὸν
709 2620 976 2695 οὐράνιον
999 2621 1168 2693 λόγον
1193 2620 1691 2696 ἀγαλματοφορεῖν.

85 2710 173 2767 57.
202 2703 344 2764 ἀλλά
375 2708 483 2782 γὰρ
515 2708 715 2785 φθόνῳ
746 2708 838 2764 καὶ
869 2706 1009 2783 ζήλῳ
1031 2711 1133 2762 τοῦ
1158 2706 1540 2780 φιλοπονήρου
1565 2710 1687 2762 δαί·
1722 2730 1761 2762 :30

201 2904 255 2944 25
286 2903 437 2944 Levit.
481 2905 549 2954 26,
586 2904 650 2942 12.

1334 2967 1443 3019 30ss
