1986 3152
582 104 739 146 HIST.
770 103 1020 148 ECCLES.
1049 105 1153 146 vn.
1186 107 1256 149 32.
1614 102 1719 155 345

116 221 508 278 καταλέλοιπεν
548 217 577 277 ὁ
613 219 782 287 αὐτὸς
825 224 885 277 ἐν
925 221 1070 287 ὅλοις
1113 221 1248 277 δέκα
1289 220 1719 294 συγγράμμασιν

118 304 457 376 εἰσαγωγὰς,
510 306 605 360 καὶ
657 304 799 362 ἄλλα
854 310 1122 378 δείγματα
1172 310 1268 377 τῆς
1314 306 1444 378 περὶ
1484 303 1550 360 τά
1590 313 1720 370 θεῖα

117 394 319 462 σχολῆς
351 411 410 444 τε
440 386 620 446 αὐτοῦ
651 390 744 445 καὶ
775 396 1155 461 πολυπειρίας.
1223 393 1308 445 21.
1354 388 1530 464 τούτῳ
1562 393 1711 462 πρῶ-

114 493 206 539 τος
247 468 276 530 ὁ
319 478 415 544 τῆς
447 479 835 530 Παλαιστινῶν
865 479 1202 547 Καισαρείας
1246 476 1543 539 ἐπίσκοπος
1576 471 1716 529 Θεό-

114 579 305 623 τεκνος
356 570 543 630 χεῖρας
595 563 674 623 εἰς
724 556 1030 629 ἐπισκοπὴν
1077 560 1404 628 ἐπιτέθεικε,
1459 556 1763 629 διάδοχονε

119 643 321 698 ἑαυτοῦ
359 640 496 714 μετά
534 641 802 714 τελευτὴν
842 651 1159 714 ποριεῖσθαι
1198 647 1266 715 τῇ
1313 646 1429 715 ἰδίᾳ
1460 647 1721 715 παροικίᾳ

116 725 529 799 προμνώμενος.
583 726 676 781 καὶ
700 725 769 797 δὴ
796 726 886 781 ἐπὶ
910 725 1144 798 σμικρόν
1167 748 1290 780 τινα
1319 725 1525 797 χρόνον
1555 724 1721 797 ἄμφω

114 815 212 882 τῆς
243 807 416 880 αὐτῆς
447 808 812 882 προύστησαν
842 810 1151 879 ἐκκλησίας,
1185 807 1326 864 ἀλλά
1359 808 1466 881 γάρ
1500 810 1589 864 ἐπὶ
1619 808 1722 880 τὴν

111 891 448 964 Ἀντιόχειαν
498 897 596 964 τῆς
647 891 786 948 κατά
839 897 1071 949 Παῦλον
1119 892 1368 948 συνόδου
1421 891 1720 963 καλούσης,

111 976 215 1048 τὴν
254 978 576 1034 Λαοδικέων
628 976 795 1033 πόλιν
845 975 1067 1048 παριών
1122 975 1260 1049 πρὸς
1299 981 1414 1032 τῶν
1455 975 1719 1048 ἀδελφῶν
1745 999 1784 1030 ιο

113 1059 318 1117 αὐτόθι
356 1063 719 1133 κοιμηθέντος
762 1059 1045 1132 Εὐσεβίου
1089 1060 1437 1134 κεκράτηται·
1497 1063 1582 1116 22.
1628 1061 1723 1115 καὶ

112 1150 213 1202 τοῦ
231 1143 555 1201 Ἀνατολίου
588 1145 651 1201 δὲ
680 1144 783 1201 τὸν
802 1150 930 1216 βίον
952 1145 1392 1218 μεταλλάξαντος
1416 1149 1512 1216 τῆς
1541 1146 1719 1201 ἐκεῖσε

114 1235 405 1302 παροικίας
431 1228 669 1295 ’ὕστατος
689 1234 805 1285 τῶν
835 1228 943 1302 πρὸ
974 1235 1078 1285 τοῦ
1110 1233 1360 1301 διωγμοῦ
1391 1234 1722 1285 καθίσταται

117 1315 441 1385 Στέφανος,
503 1313 687 1384 λόγων
737 1313 841 1386 μὲν
891 1313 1219 1386 φιλοσόφων
1267 1314 1361 1369 καὶ.
1414 1318 1510 1384 τῆς
1551 1311 1722 1384 ἄλλης

115 1396 252 1470 παρ’
279 1397 505 1469 ’Ἐλλησι
561 1402 814 1463 παιδείας
864 1396 1013 1470 παρὰ
1055 1411 1170 1463 τοῖς
1217 1404 1444 1462 πολλοῖς
1486 1405 1717 1469 θαυμα-
1744 1417 1784 1451 1⁵

117 1483 302 1552 σθἐὶς,
356 1480 458 1554 οὐχ
500 1478 705 1554 ὁμοίως
747 1504 811 1553 γε
852 1480 963 1554 μὴν
1005 1483 1132 1556 περὶ
1184 1481 1288 1554 τὴν
1325 1488 1493 1537 θείαν
1534 1487 1722 1538 πίστιν

113 1568 552 1638 διατεθειμένος,
615 1561 688 1631 ὥς
742 1565 959 1639 προϊών
1004 1561 1032 1623 ὁ
1075 1572 1178 1623 τοῦ
1231 1570 1480 1638 διωγμοῦ
1532 1564 1722 1638 καιρὸς

114 1649 454 1722 ἀπήλεγξεν,
498 1659 704 1723 εἴρωνα
745 1655 957 1723 μᾶλλον
997 1650 1186 1707 δειλόν
1226 1673 1284 1707 τε
1314 1650 1409 1705 καὶ
1438 1649 1722 1723 ἄνανδρον

113 1733 254 1807 ἥπερ
286 1732 472 1807 ἀληθῆ
504 1734 814 1807 φιλόσοφον
842 1733 1138 1803 ἀποδείξας
1161 1734 1259 1791 τὸν
1283 1733 1480 1808 ἄνδρα.
1526 1734 1618 1790 23.
1651 1732 1719 1790 οὐ

113 1818 228 1892 μὴν
271 1820 360 1874 ἐπὶ
389 1819 569 1895 τούτῳ
610 1843 674 1890 γε
715 1821 1118 1892 καταστρέφειν
1157 1818 1360 1892 ἤμελλε
1399 1817 1466 1874 τά
1496 1823 1593 1890 τῆς
1627 1821 1720 1874 ἐκ-
1742 1839 1784 1871 20

115 1909 376 1975 κλησίας,
410 1901 754 1977 ἀνορθοῦται
784 1902 844 1960 δ’
879 1901 1021 1960 αὐτὰ
1051 1902 1192 1975 πρὸς
1234 1901 1411 1959 αὐτοῦ
1450 1907 1592 1959 θεοῦ
1623 1906 1724 1958 τοῦ

115 1988 343 2044 πάντων
389 1992 633 2061 σωτῆρος
675 1986 877 2044 αὐτίκα
916 1993 1012 2059 τῆς
1044 1986 1247 2044 αὐτόθι
1276 1992 1565 2060 παροικίας
1600 1988 1723 2042 ἐπί-

121 2089 326 2137 σκοπος
379 2070 731 2144 ἀναδειχθεὶς
786 2072 1058 2138 Θεόδοτος
1084 2115 1098 2143 ,
1159 2071 1478 2144 πράγμασιν
1531 2069 1723 2134 αὐτοῖς

114 2154 258 2229 ἀνὴρ
288 2157 382 2212 καὶ
411 2155 472 2212 τὸ
504 2156 703 2228 κύριον
733 2155 910 2229 ὄνομα
931 2157 1024 2212 καὶ
1055 2155 1154 2213 τὸν
1182 2159 1487 2212 ἐπίσκοπον
1517 2157 1721 2225 ἐπαλη-

45 2235 50 2238 ’
113 2239 343 2305 θεύσας.
411 2244 657 2313 ἰατρικῆς
698 2241 802 2313 μὲν
845 2240 951 2314 γάρ
995 2241 1268 2312 σωμάτων
1307 2239 1614 2312 ἀπεφέρετο
1655 2236 1720 2294 τά
1746 2256 1788 2288 25

117 2328 311 2395 πρῶτα
340 2329 439 2395 τῆς
472 2325 800 2397 ἐπιστήμης,
843 2331 1046 2397 ψυχαῖν
1077 2325 1138 2381 δὲ
1169 2329 1579 2399 θεραπευτικῆς
1611 2320 1725 2388 οἷος

117 2405 255 2464 οὐδὲ
306 2406 472 2472 ἄλλος
524 2405 848 2481 ἀνθρώπων
910 2409 1217 2481 ἐτύγχανε,
1278 2413 1723 2482 φιλανθρωπίας,

116 2491 503 2563 γνησιότητος,
559 2499 943 2565 συμπαθείας,
998 2498 1248 2564 σπουδῆς
1289 2498 1386 2564 τῆς
1429 2497 1544 2548 τῶν
1586 2489 1720 2564 παρ’

116 2574 295 2632 αὐτοῦ
328 2578 612 2648 δεομένων
637 2575 912 2649 ω’φελείας
946 2580 1150 2634 ἕνεκεν.
1205 2577 1347 2633 πολύ
1375 2577 1437 2633 δὲ
1461 2571 1534 2649 ἦν
1566 2574 1720 2649 αὐτῷ

118 2661 209 2715 καὶ
238 2659 299 2716 τὸ
333 2662 458 2732 περὶ
488 2660 554 2716 τά
584 2669 716 2717 θεῖα
746 2661 1046 2734 μαθήματα
1069 2663 1508 2733 συνησκημένον.
1561 2654 1723 2722 οὗτος
1746 2674 1790 2706 30

118 2744 222 2816 μὲν
246 2743 314 2816 δὴ
339 2751 586 2811 τοιοῦτος
609 2739 694 2817 ἦν.
751 2749 834 2800 24.
871 2748 931 2801 ἐν
954 2752 1264 2820 Καισαρείᾳ
1295 2745 1357 2801 δὲ
1387 2748 1483 2816 τῆς
1509 2750 1723 2800 Παλαι-

119 2834 309 2900 στίνης
335 2829 641 2886 Θεότεκνον
667 2829 1077 2886 σπουδαιότατα
1107 2830 1211 2902 τὴν
1238 2828 1544 2899 ἐπισκοπὴν
1576 2831 1722 2882 διελ-
