<?xml version="1.0" encoding="UTF-8"?>
<!DOCTYPE html PUBLIC "-//W3C//DTD XHTML 1.0 Transitional//EN"
    "http://www.w3.org/TR/xhtml1/DTD/xhtml1-transitional.dtd">
<html xmlns="http://www.w3.org/1999/xhtml" xml:lang="en" lang="en">
 <head>
  <title>
</title>
<meta http-equiv="Content-Type" content="text/html;charset=utf-8" />
  <meta name='ocr-system' content='tesseract 3.04.00' />
  <meta name='ocr-capabilities' content='ocr_page ocr_carea ocr_par ocr_line ocrx_word'/>
</head>
<body>
  <div class='ocr_page' id='page_1' title='image "./operaeusebius04euseuoft_0070.png"; bbox 0 0 2032 3174; ppageno 0'>
   <div class='ocr_carea' id='block_1_1' title="bbox 318 123 1257 174">
    <p class='ocr_par' dir='ltr' id='par_1_1' title="bbox 318 123 1257 174">
     <span class='ocr_line' id='line_1_1' title="bbox 318 123 1257 174; baseline -0.011 0"><span class='ocrx_word' id='word_1_1' title='bbox 318 123 381 174; x_wconf 81' lang='lat'><strong><em>10</em></strong></span> <span class='ocrx_word' id='word_1_2' title='bbox 1011 123 1257 168; x_wconf 77' lang='lat' dir='ltr'>EUSEBH</span> 
     </span>
    </p>
   </div>
   <div class='ocr_carea' id='block_1_2' title="bbox 243 234 2000 2752">
    <p class='ocr_par' dir='ltr' id='par_1_2' title="bbox 243 234 2000 2752">
     <span class='ocr_line' id='line_1_2' title="bbox 315 234 1921 313; baseline -0.001 -15"><span class='ocrx_word' id='word_1_3' title='bbox 315 238 648 312; x_wconf 76' lang='grc' dir='ltr'><strong><em>εἰσαγωγὰς,</em></strong></span> <span class='ocrx_word' id='word_1_4' title='bbox 692 235 815 295; x_wconf 78' lang='grc' dir='ltr'><strong><em>ἀλλ’</em></strong></span> <span class='ocrx_word' id='word_1_5' title='bbox 859 235 961 295; x_wconf 78' lang='grc' dir='ltr'><strong><em>οὐκ</em></strong></span> <span class='ocrx_word' id='word_1_6' title='bbox 991 234 1159 303; x_wconf 73' lang='grc' dir='ltr'><strong><em>αὐτας</em></strong></span> <span class='ocrx_word' id='word_1_7' title='bbox 1201 239 1449 311; x_wconf 75' lang='grc' dir='ltr'><strong><em>ἐναργεῖς</em></strong></span> <span class='ocrx_word' id='word_1_8' title='bbox 1489 244 1794 313; x_wconf 79' lang='grc' dir='ltr'><em>παρεδίδου</em></span> <span class='ocrx_word' id='word_1_9' title='bbox 1822 239 1921 306; x_wconf 78' lang='grc' dir='ltr'><strong><em>τὰς</em></strong></span> 
     </span>
     <span class='ocr_line' id='line_1_3' title="bbox 311 318 1921 397; baseline 0 -17"><span class='ocrx_word' id='word_1_10' title='bbox 311 329 712 397; x_wconf 88' lang='grc' dir='ltr'><strong><em>μυσταγωγίας.</em></strong></span> <span class='ocrx_word' id='word_1_11' title='bbox 753 326 838 378; x_wconf 76' lang='grc'><strong><em>23.</em></strong></span> <span class='ocrx_word' id='word_1_12' title='bbox 866 318 939 389; x_wconf 72' lang='grc' dir='ltr'><strong><em>ὡς</em></strong></span> <span class='ocrx_word' id='word_1_13' title='bbox 963 322 1025 378; x_wconf 78' lang='grc' dir='ltr'><strong><em>δὲ</em></strong></span> <span class='ocrx_word' id='word_1_14' title='bbox 1054 327 1148 394; x_wconf 85' lang='grc' dir='ltr'><strong><em>τῆς</em></strong></span> <span class='ocrx_word' id='word_1_15' title='bbox 1173 319 1322 396; x_wconf 76' lang='grc' dir='ltr'><strong><em>παρὰ</em></strong></span> <span class='ocrx_word' id='word_1_16' title='bbox 1344 321 1556 390; x_wconf 76' lang='grc' dir='ltr'><strong><em>τούτοις</em></strong></span> <span class='ocrx_word' id='word_1_17' title='bbox 1587 329 1921 396; x_wconf 79' lang='grc' dir='ltr'><strong><em>νομοθεσίας</em></strong></span> 
     </span>
     <span class='ocr_line' id='line_1_4' title="bbox 312 404 1920 481; baseline 0.001 -18"><span class='ocrx_word' id='word_1_18' title='bbox 312 409 622 481; x_wconf 86' lang='grc' dir='ltr'><strong><em>βοωμένης,</em></strong></span> <span class='ocrx_word' id='word_1_19' title='bbox 657 408 747 464; x_wconf 88' lang='grc' dir='ltr'><strong><em>καὶ</em></strong></span> <span class='ocrx_word' id='word_1_20' title='bbox 777 408 950 478; x_wconf 80' lang='grc' dir='ltr'><strong><em>πνοῆς</em></strong></span> <span class='ocrx_word' id='word_1_21' title='bbox 970 411 1147 478; x_wconf 83' lang='grc' dir='ltr'><strong><em>δίκην</em></strong></span> <span class='ocrx_word' id='word_1_22' title='bbox 1179 404 1427 472; x_wconf 77' lang='grc' dir='ltr'><strong><em>εὐώδους</em></strong></span> <span class='ocrx_word' id='word_1_23' title='bbox 1451 411 1527 473; x_wconf 86' lang='grc' dir='ltr'><strong><em>εἰς</em></strong></span> <span class='ocrx_word' id='word_1_24' title='bbox 1548 404 1796 479; x_wconf 79' lang='grc' dir='ltr'><strong><em>ἅπαντας</em></strong></span> <span class='ocrx_word' id='word_1_25' title='bbox 1826 405 1920 466; x_wconf 81' lang='grc' dir='ltr'><strong><em>ἆν-</em></strong></span> 
     </span>
     <span class='ocr_line' id='line_1_5' title="bbox 313 487 1922 564; baseline -0.001 -14"><span class='ocrx_word' id='word_1_26' title='bbox 313 490 578 564; x_wconf 78' lang='grc' dir='ltr'><strong><em>θρώπους</em></strong></span> <span class='ocrx_word' id='word_1_27' title='bbox 611 493 1031 564; x_wconf 82' lang='grc' dir='ltr'><strong><em>διαδιδομένης,</em></strong></span> <span class='ocrx_word' id='word_1_28' title='bbox 1073 490 1180 562; x_wconf 77' lang='grc' dir='ltr'><strong><em>ἤδη</em></strong></span> <span class='ocrx_word' id='word_1_29' title='bbox 1212 489 1332 547; x_wconf 88' lang='grc' dir='ltr'><strong><em>τότε</em></strong></span> <span class='ocrx_word' id='word_1_30' title='bbox 1374 493 1428 558; x_wconf 82' lang='grc' dir='ltr'><strong><em>ἐξ</em></strong></span> <span class='ocrx_word' id='word_1_31' title='bbox 1460 487 1646 549; x_wconf 73' lang='grc' dir='ltr'><strong><em>αὐτῶν</em></strong></span> <span class='ocrx_word' id='word_1_32' title='bbox 1686 494 1777 549; x_wconf 77' lang='grc' dir='ltr'><strong><em>καὶ</em></strong></span> <span class='ocrx_word' id='word_1_33' title='bbox 1807 505 1922 559; x_wconf 83' lang='grc' dir='ltr'><strong><em>τοῖς</em></strong></span> 
     </span>
     <span class='ocr_line' id='line_1_6' title="bbox 266 573 1921 648; baseline 0 -16"><span class='ocrx_word' id='word_1_34' title='bbox 266 599 288 631; x_wconf 82' lang='lat'>5</span> <span class='ocrx_word' id='word_1_35' title='bbox 312 582 530 634; x_wconf 90' lang='grc' dir='ltr'><strong><em>πλείοσι</em></strong></span> <span class='ocrx_word' id='word_1_36' title='bbox 568 578 679 632; x_wconf 71' lang='grc' dir='ltr'><strong><em>τοῖν</em></strong></span> <span class='ocrx_word' id='word_1_37' title='bbox 719 578 905 633; x_wconf 76' lang='grc' dir='ltr'><strong><em>ἐθνῶν</em></strong></span> <span class='ocrx_word' id='word_1_38' title='bbox 944 573 1037 632; x_wconf 79' lang='grc' dir='ltr'><strong><em>διὰ</em></strong></span> <span class='ocrx_word' id='word_1_39' title='bbox 1084 578 1196 631; x_wconf 80' lang='grc' dir='ltr'><strong><em>τῶν</em></strong></span> <span class='ocrx_word' id='word_1_40' title='bbox 1235 574 1544 648; x_wconf 77' lang='grc' dir='ltr'><strong><em>πανταχόσε</em></strong></span> <span class='ocrx_word' id='word_1_41' title='bbox 1569 580 1921 648; x_wconf 72' lang='grc' dir='ltr'><strong><em>νομοθετῶν</em></strong></span> 
     </span>
     <span class='ocr_line' id='line_1_7' title="bbox 311 657 1922 737; baseline 0.001 -21"><span class='ocrx_word' id='word_1_42' title='bbox 311 685 369 717; x_wconf 86' lang='grc' dir='ltr'><strong><em>τε</em></strong></span> <span class='ocrx_word' id='word_1_43' title='bbox 400 663 491 716; x_wconf 84' lang='grc' dir='ltr'><strong><em>καὶ</em></strong></span> <span class='ocrx_word' id='word_1_44' title='bbox 523 657 850 733; x_wconf 83' lang='grc' dir='ltr'><strong><em>φιλοσόφων</em></strong></span> <span class='ocrx_word' id='word_1_45' title='bbox 873 657 1119 734; x_wconf 79' lang='grc' dir='ltr'><strong><em>ἡμέρωτο</em></strong></span> <span class='ocrx_word' id='word_1_46' title='bbox 1142 659 1207 715; x_wconf 75' lang='grc' dir='ltr'><strong><em>τὰ</em></strong></span> <span class='ocrx_word' id='word_1_47' title='bbox 1230 657 1575 732; x_wconf 83' lang='grc' dir='ltr'><strong><em>φρονήματα,</em></strong></span> <span class='ocrx_word' id='word_1_48' title='bbox 1607 661 1702 732; x_wconf 79' lang='grc' dir='ltr'><strong><em>τῆς</em></strong></span> <span class='ocrx_word' id='word_1_49' title='bbox 1725 658 1922 737; x_wconf 78' lang='grc' dir='ltr'><strong><em>ἀγρίας</em></strong></span> 
     </span>
     <span class='ocr_line' id='line_1_8' title="bbox 310 741 1922 818; baseline 0.001 -17"><span class='ocrx_word' id='word_1_50' title='bbox 310 769 402 801; x_wconf 82' lang='grc' dir='ltr'><strong><em>και</em></strong></span> <span class='ocrx_word' id='word_1_51' title='bbox 427 741 673 816; x_wconf 79' lang='grc' dir='ltr'><strong><em>ἀπηνοῦς</em></strong></span> <span class='ocrx_word' id='word_1_52' title='bbox 691 749 1000 818; x_wconf 86' lang='grc' dir='ltr'><strong><em>θηριωδίας</em></strong></span> <span class='ocrx_word' id='word_1_53' title='bbox 1026 745 1114 800; x_wconf 86' lang='grc' dir='ltr'><strong><em>ἐπὶ</em></strong></span> <span class='ocrx_word' id='word_1_54' title='bbox 1138 741 1198 800; x_wconf 83' lang='grc' dir='ltr'><strong><em>τὸ</em></strong></span> <span class='ocrx_word' id='word_1_55' title='bbox 1221 746 1400 816; x_wconf 84' lang='grc' dir='ltr'><strong><em>πρᾶον</em></strong></span> <span class='ocrx_word' id='word_1_56' title='bbox 1422 746 1922 818; x_wconf 78' lang='grc' dir='ltr'><strong><em>μεταβεβλημένης,</em></strong></span> 
     </span>
     <span class='ocr_line' id='line_1_9' title="bbox 311 827 1922 902; baseline -0.001 -16"><span class='ocrx_word' id='word_1_57' title='bbox 311 853 383 896; x_wconf 88' lang='grc' dir='ltr'><strong><em>ως</em></strong></span> <span class='ocrx_word' id='word_1_58' title='bbox 414 831 506 885; x_wconf 81' lang='grc' dir='ltr'><strong><em>καὶ</em></strong></span> <span class='ocrx_word' id='word_1_59' title='bbox 538 827 767 901; x_wconf 79' lang='grc' dir='ltr'><strong><em>εἰρήνην</em></strong></span> <span class='ocrx_word' id='word_1_60' title='bbox 796 835 1038 901; x_wconf 76' lang='grc' dir='ltr'><strong><em>βαθεῖαν</em></strong></span> <span class='ocrx_word' id='word_1_61' title='bbox 1067 834 1254 900; x_wconf 82' lang='grc' dir='ltr'><strong><em>φιλίας</em></strong></span> <span class='ocrx_word' id='word_1_62' title='bbox 1277 851 1336 885; x_wconf 91' lang='grc' dir='ltr'><strong><em>τε</em></strong></span> <span class='ocrx_word' id='word_1_63' title='bbox 1366 830 1458 885; x_wconf 79' lang='grc' dir='ltr'><strong><em>καὶ</em></strong></span> <span class='ocrx_word' id='word_1_64' title='bbox 1483 831 1754 901; x_wconf 80' lang='grc' dir='ltr'><strong><em>ἐπιμιξίας</em></strong></span> <span class='ocrx_word' id='word_1_65' title='bbox 1785 828 1922 902; x_wconf 85' lang='grc' dir='ltr'><strong><em>πρὸς</em></strong></span> 
     </span>
     <span class='ocr_line' id='line_1_10' title="bbox 310 910 1922 1013; baseline 0.001 -45"><span class='ocrx_word' id='word_1_66' title='bbox 310 910 585 984; x_wconf 76' lang='grc' dir='ltr'><strong><em>ἀλλήλους</em></strong></span> <span class='ocrx_word' id='word_1_67' title='bbox 614 918 779 987; x_wconf 79' lang='grc' dir='ltr'><strong><em>ἔχειν,</em></strong></span> <span class='ocrx_word' id='word_1_68' title='bbox 809 935 1113 985; x_wconf 72' lang='grc' dir='ltr'><strong><em>τηνικαυτα</em></strong></span> <span class='ocrx_word' id='word_1_69' title='bbox 1131 915 1263 969; x_wconf 81' lang='grc' dir='ltr'><strong><em>πᾶσι</em></strong></span> <span class='ocrx_word' id='word_1_70' title='bbox 1289 911 1357 984; x_wconf 86' lang='grc' dir='ltr'><strong><em>δη</em></strong></span> <span class='ocrx_word' id='word_1_71' title='bbox 1379 911 1574 970; x_wconf 88' lang='grc' dir='ltr'><strong><em>λοιπὸν</em></strong></span> <span class='ocrx_word' id='word_1_72' title='bbox 1579 911 1922 1013; x_wconf 74' lang='grc' dir='ltr'><strong><em>’ἀνθρώποις</em></strong></span> 
     </span>
     <span class='ocr_line' id='line_1_11' title="bbox 246 992 1923 1071; baseline 0.002 -19"><span class='ocrx_word' id='word_1_73' title='bbox 246 1019 289 1052; x_wconf 77' lang='grc' dir='ltr'><strong><em>ιο</em></strong></span> <span class='ocrx_word' id='word_1_74' title='bbox 312 999 404 1054; x_wconf 79' lang='grc' dir='ltr'><strong><em>καὶ</em></strong></span> <span class='ocrx_word' id='word_1_75' title='bbox 446 1012 558 1063; x_wconf 87' lang='grc' dir='ltr'><strong><em>τοῖς</em></strong></span> <span class='ocrx_word' id='word_1_76' title='bbox 599 994 705 1054; x_wconf 74' lang='grc' dir='ltr'><strong><em>ἀνὰ</em></strong></span> <span class='ocrx_word' id='word_1_77' title='bbox 742 1021 846 1069; x_wconf 89' lang='grc' dir='ltr'><strong><em>την</em></strong></span> <span class='ocrx_word' id='word_1_78' title='bbox 874 999 1207 1069; x_wconf 83' lang='grc' dir='ltr'><strong><em>οἰκουμένην</em></strong></span> <span class='ocrx_word' id='word_1_79' title='bbox 1249 1002 1540 1068; x_wconf 82' lang='grc' dir='ltr'><strong><em>ἔθνεσιν,</em></strong></span> <span class='ocrx_word' id='word_1_80' title='bbox 1554 992 1707 1054; x_wconf 80' lang='grc' dir='ltr'><strong><em>ωσάν</em></strong></span> <span class='ocrx_word' id='word_1_81' title='bbox 1738 1019 1923 1071; x_wconf 67' lang='lat' dir='ltr'>amom-</span> 
     </span>
     <span class='ocr_line' id='line_1_12' title="bbox 310 1078 1921 1154; baseline 0.001 -17"><span class='ocrx_word' id='word_1_82' title='bbox 310 1084 641 1154; x_wconf 81' lang='grc' dir='ltr'><strong><em>φελημένοις</em></strong></span> <span class='ocrx_word' id='word_1_83' title='bbox 681 1083 772 1138; x_wconf 78' lang='grc' dir='ltr'><strong><em>καὶ</em></strong></span> <span class='ocrx_word' id='word_1_84' title='bbox 824 1078 933 1153; x_wconf 81' lang='grc' dir='ltr'><strong><em>ἤδη</em></strong></span> <span class='ocrx_word' id='word_1_85' title='bbox 980 1079 1351 1153; x_wconf 79' lang='grc' dir='ltr'><strong><em>τυγχάνουσιν</em></strong></span> <span class='ocrx_word' id='word_1_86' title='bbox 1406 1083 1735 1153; x_wconf 79' lang='grc' dir='ltr'><strong><em>ἐπιτηδείοις</em></strong></span> <span class='ocrx_word' id='word_1_87' title='bbox 1785 1078 1921 1152; x_wconf 81' lang='grc' dir='ltr'><strong><em>πρὸς</em></strong></span> 
     </span>
     <span class='ocr_line' id='line_1_13' title="bbox 310 1161 1923 1240; baseline -0.001 -18"><span class='ocrx_word' id='word_1_88' title='bbox 310 1164 634 1240; x_wconf 77' lang='grc' dir='ltr'><strong><em>παραδοχὴν</em></strong></span> <span class='ocrx_word' id='word_1_89' title='bbox 663 1169 758 1238; x_wconf 82' lang='grc' dir='ltr'><strong><em>τῆς</em></strong></span> <span class='ocrx_word' id='word_1_90' title='bbox 789 1169 886 1222; x_wconf 88' lang='grc' dir='ltr'><strong><em>τοῦ</em></strong></span> <span class='ocrx_word' id='word_1_91' title='bbox 917 1163 1120 1238; x_wconf 83' lang='grc' dir='ltr'><strong><em>πατρὸς</em></strong></span> <span class='ocrx_word' id='word_1_92' title='bbox 1150 1163 1428 1237; x_wconf 75' lang='grc' dir='ltr'><strong><em>γνώσεως,</em></strong></span> <span class='ocrx_word' id='word_1_93' title='bbox 1457 1161 1487 1221; x_wconf 82' lang='grc' dir='ltr'>ὁ</span> <span class='ocrx_word' id='word_1_94' title='bbox 1519 1162 1682 1232; x_wconf 80' lang='grc' dir='ltr'><strong><em>αὐτὸς</em></strong></span> <span class='ocrx_word' id='word_1_95' title='bbox 1713 1162 1783 1236; x_wconf 82' lang='grc' dir='ltr'><strong><em>δὴ</em></strong></span> <span class='ocrx_word' id='word_1_96' title='bbox 1815 1163 1923 1222; x_wconf 76' lang='grc' dir='ltr'><strong><em>πά-</em></strong></span> 
     </span>
     <span class='ocr_line' id='line_1_14' title="bbox 310 1247 1922 1322; baseline 0 -16"><span class='ocrx_word' id='word_1_97' title='bbox 310 1257 400 1306; x_wconf 83' lang='grc' dir='ltr'><strong><em>λιν</em></strong></span> <span class='ocrx_word' id='word_1_98' title='bbox 433 1252 639 1316; x_wconf 86' lang='grc' dir='ltr'><strong><em>ἐκεῖνος</em></strong></span> <span class='ocrx_word' id='word_1_99' title='bbox 681 1248 709 1306; x_wconf 85' lang='grc' dir='ltr'>ὁ</span> <span class='ocrx_word' id='word_1_100' title='bbox 741 1254 852 1306; x_wconf 78' lang='grc' dir='ltr'><strong><em>τῶν</em></strong></span> <span class='ocrx_word' id='word_1_101' title='bbox 880 1248 1152 1322; x_wconf 78' lang='grc' dir='ltr'><strong><em>ἀρρήτων</em></strong></span> <span class='ocrx_word' id='word_1_102' title='bbox 1193 1247 1552 1321; x_wconf 74' lang='grc' dir='ltr'><strong><em>διδασκαλος,</em></strong></span> <span class='ocrx_word' id='word_1_103' title='bbox 1597 1247 1626 1305; x_wconf 85' lang='grc' dir='ltr'><em>ὃ</em></span> <span class='ocrx_word' id='word_1_104' title='bbox 1659 1252 1720 1307; x_wconf 88' lang='grc' dir='ltr'><strong><em>ἐν</em></strong></span> <span class='ocrx_word' id='word_1_105' title='bbox 1750 1254 1922 1306; x_wconf 83' lang='grc' dir='ltr'><strong><em>πᾶσιν</em></strong></span> 
     </span>
     <span class='ocr_line' id='line_1_15' title="bbox 309 1329 2000 1407; baseline 0.001 -18"><span class='ocrx_word' id='word_1_106' title='bbox 309 1332 544 1404; x_wconf 77' lang='grc' dir='ltr'><strong><em>ἀγαθοῖς</em></strong></span> <span class='ocrx_word' id='word_1_107' title='bbox 575 1337 675 1391; x_wconf 77' lang='grc' dir='ltr'><strong><em>τοῦ</em></strong></span> <span class='ocrx_word' id='word_1_108' title='bbox 704 1332 907 1404; x_wconf 84' lang='grc' dir='ltr'><strong><em>πατρὸς</em></strong></span> <span class='ocrx_word' id='word_1_109' title='bbox 937 1331 1245 1407; x_wconf 80' lang='grc' dir='ltr'><strong><em>ὑπουργὸς,</em></strong></span> <span class='ocrx_word' id='word_1_110' title='bbox 1284 1329 1312 1389; x_wconf 86' lang='grc' dir='ltr'>ὁ</span> <span class='ocrx_word' id='word_1_111' title='bbox 1345 1343 1498 1399; x_wconf 85' lang='grc' dir='ltr'><strong><em>θεῖος</em></strong></span> <span class='ocrx_word' id='word_1_112' title='bbox 1541 1335 1633 1390; x_wconf 77' lang='grc' dir='ltr'><strong><em>καὶ</em></strong></span> <span class='ocrx_word' id='word_1_113' title='bbox 1663 1329 1921 1404; x_wconf 80' lang='grc' dir='ltr'><strong><em>οὐράνιος</em></strong></span> <span class='ocrx_word' id='word_1_114' title='bbox 1995 1331 2000 1335; x_wconf 47' lang='grc'><strong>’</strong></span> 
     </span>
     <span class='ocr_line' id='line_1_16' title="bbox 245 1413 1922 1493; baseline 0.002 -22"><span class='ocrx_word' id='word_1_115' title='bbox 245 1438 288 1470; x_wconf 79' lang='lat'><strong><em>15</em></strong></span> <span class='ocrx_word' id='word_1_116' title='bbox 311 1422 408 1474; x_wconf 86' lang='grc' dir='ltr'><strong><em>τοῦ</em></strong></span> <span class='ocrx_word' id='word_1_117' title='bbox 440 1420 581 1475; x_wconf 76' lang='grc' dir='ltr'><strong><em>θεοῦ</em></strong></span> <span class='ocrx_word' id='word_1_118' title='bbox 612 1416 799 1490; x_wconf 83' lang='grc' dir='ltr'><strong><em>λόγος,</em></strong></span> <span class='ocrx_word' id='word_1_119' title='bbox 845 1413 919 1473; x_wconf 81' lang='grc' dir='ltr'><strong><em>δι’</em></strong></span> <span class='ocrx_word' id='word_1_120' title='bbox 952 1415 1260 1490; x_wconf 76' lang='grc' dir='ltr'><strong><em>ἀνθρώπου</em></strong></span> <span class='ocrx_word' id='word_1_121' title='bbox 1302 1415 1437 1475; x_wconf 76' lang='grc' dir='ltr'><strong><em>κατα</em></strong></span> <span class='ocrx_word' id='word_1_122' title='bbox 1466 1417 1643 1490; x_wconf 77' lang='grc' dir='ltr'><strong><em>μηδὲν</em></strong></span> <span class='ocrx_word' id='word_1_123' title='bbox 1671 1415 1922 1493; x_wconf 75' lang='grc' dir='ltr'><strong><em>σώματος</em></strong></span> 
     </span>
     <span class='ocr_line' id='line_1_17' title="bbox 308 1499 1921 1577; baseline 0 -19"><span class='ocrx_word' id='word_1_124' title='bbox 308 1500 474 1577; x_wconf 75' lang='grc' dir='ltr'><strong><em>οὐσία</em></strong></span> <span class='ocrx_word' id='word_1_125' title='bbox 505 1499 606 1575; x_wconf 77' lang='grc' dir='ltr'><strong><em>τὴν</em></strong></span> <span class='ocrx_word' id='word_1_126' title='bbox 637 1501 909 1576; x_wconf 81' lang='grc' dir='ltr'><strong><em>ἡμετέραν</em></strong></span> <span class='ocrx_word' id='word_1_127' title='bbox 940 1500 1114 1574; x_wconf 83' lang='grc' dir='ltr'><strong><em>φύσιν</em></strong></span> <span class='ocrx_word' id='word_1_128' title='bbox 1140 1500 1583 1572; x_wconf 77' lang='grc' dir='ltr'><strong><em>διαλλάττοντος,</em></strong></span> <span class='ocrx_word' id='word_1_129' title='bbox 1617 1499 1921 1574; x_wconf 78' lang='grc' dir='ltr'><strong><em>ἀρχομένης</em></strong></span> 
     </span>
     <span class='ocr_line' id='line_1_18' title="bbox 308 1584 1922 1659; baseline 0 -17"><span class='ocrx_word' id='word_1_130' title='bbox 308 1589 402 1658; x_wconf 78' lang='grc' dir='ltr'><strong><em>τῆς</em></strong></span> <span class='ocrx_word' id='word_1_131' title='bbox 425 1584 707 1659; x_wconf 87' lang='grc' dir='ltr'><strong><em>Ῥωμαίων</em></strong></span> <span class='ocrx_word' id='word_1_132' title='bbox 737 1593 1022 1657; x_wconf 87' lang='grc' dir='ltr'><strong><em>βασιλείας</em></strong></span> <span class='ocrx_word' id='word_1_133' title='bbox 1055 1587 1361 1658; x_wconf 81' lang='grc' dir='ltr'><strong><em>ἐπιφανεὶς,</em></strong></span> <span class='ocrx_word' id='word_1_134' title='bbox 1387 1588 1617 1642; x_wconf 79' lang='grc' dir='ltr'><strong><em>τοιαῦτα</em></strong></span> <span class='ocrx_word' id='word_1_135' title='bbox 1643 1587 1843 1656; x_wconf 68' lang='grc' dir='ltr'><strong><em>ἔδρασε-τ’</em></strong></span> <span class='ocrx_word' id='word_1_136' title='bbox 1862 1608 1922 1642; x_wconf 86' lang='grc' dir='ltr'><strong><em>τε</em></strong></span> 
     </span>
     <span class='ocr_line' id='line_1_19' title="bbox 309 1661 1920 1744; baseline -0.001 -18"><span class='ocrx_word' id='word_1_137' title='bbox 309 1671 399 1726; x_wconf 82' lang='grc' dir='ltr'><strong><em>καὶ</em></strong></span> <span class='ocrx_word' id='word_1_138' title='bbox 432 1676 670 1743; x_wconf 83' lang='grc' dir='ltr'><strong><em>ἔπαθεν,</em></strong></span> <span class='ocrx_word' id='word_1_139' title='bbox 702 1666 791 1726; x_wconf 84' lang='grc' dir='ltr'><strong><em>οἷα</em></strong></span> <span class='ocrx_word' id='word_1_140' title='bbox 820 1683 937 1736; x_wconf 84' lang='grc' dir='ltr'><strong><em>ταῖς</em></strong></span> <span class='ocrx_word' id='word_1_141' title='bbox 967 1675 1326 1744; x_wconf 85' lang='grc' dir='ltr'><strong><em>προφητείαις</em></strong></span> <span class='ocrx_word' id='word_1_142' title='bbox 1356 1667 1641 1726; x_wconf 79' lang='grc' dir='ltr'><strong><em>ἀκόλουθα</em></strong></span> <span class='ocrx_word' id='word_1_143' title='bbox 1681 1661 1779 1740; x_wconf 80' lang='grc' dir='ltr'><strong><em>ἦν,</em></strong></span> <span class='ocrx_word' id='word_1_144' title='bbox 1825 1665 1920 1726; x_wconf 70' lang='grc' dir='ltr'><strong><em>ἄν·</em></strong></span> 
     </span>
     <span class='ocr_line' id='line_1_20' title="bbox 308 1749 1921 1829; baseline -0.001 -19"><span class='ocrx_word' id='word_1_145' title='bbox 308 1764 543 1827; x_wconf 86' lang='grc' dir='ltr'><strong><em>θρωπον</em></strong></span> <span class='ocrx_word' id='word_1_146' title='bbox 580 1749 722 1826; x_wconf 81' lang='grc' dir='ltr'><strong><em>ὁμοῦ</em></strong></span> <span class='ocrx_word' id='word_1_147' title='bbox 764 1755 856 1816; x_wconf 86' lang='grc' dir='ltr'><strong><em>καὶ</em></strong></span> <span class='ocrx_word' id='word_1_148' title='bbox 893 1752 1032 1810; x_wconf 83' lang='grc' dir='ltr'><strong><em>θεὸν</em></strong></span> <span class='ocrx_word' id='word_1_149' title='bbox 1071 1751 1431 1825; x_wconf 85' lang='grc' dir='ltr'><strong><em>ἐπιδημήσειν</em></strong></span> <span class='ocrx_word' id='word_1_150' title='bbox 1478 1756 1554 1829; x_wconf 77' lang='grc' dir='ltr'><strong><em>τῷ</em></strong></span> <span class='ocrx_word' id='word_1_151' title='bbox 1594 1758 1713 1828; x_wconf 78' lang='grc' dir='ltr'><strong><em>βίω·</em></strong></span> <span class='ocrx_word' id='word_1_152' title='bbox 1740 1774 1921 1826; x_wconf 90' lang='grc' dir='ltr'><strong><em>παρα-</em></strong></span> 
     </span>
     <span class='ocr_line' id='line_1_21' title="bbox 243 1835 1921 1911; baseline 0.001 -21"><span class='ocrx_word' id='word_1_153' title='bbox 243 1859 287 1890; x_wconf 88' lang='lat'><strong><em>20</em></strong></span> <span class='ocrx_word' id='word_1_154' title='bbox 312 1836 488 1906; x_wconf 81' lang='grc' dir='ltr'><strong><em>δόξων</em></strong></span> <span class='ocrx_word' id='word_1_155' title='bbox 528 1844 707 1911; x_wconf 81' lang='grc' dir='ltr'><strong><em>ἔργων</em></strong></span> <span class='ocrx_word' id='word_1_156' title='bbox 747 1835 1141 1909; x_wconf 80' lang='grc' dir='ltr'><strong><em>ποιητὴν,-καὶ</em></strong></span> <span class='ocrx_word' id='word_1_157' title='bbox 1180 1851 1294 1902; x_wconf 84' lang='grc' dir='ltr'><strong><em>τοῖς</em></strong></span> <span class='ocrx_word' id='word_1_158' title='bbox 1325 1840 1495 1894; x_wconf 73' lang='grc' dir='ltr'><strong><em>πᾶσιν</em></strong></span> <span class='ocrx_word' id='word_1_159' title='bbox 1535 1843 1726 1894; x_wconf 77' lang='grc' dir='ltr'><strong><em>ἔθνεσι</em></strong></span> <span class='ocrx_word' id='word_1_160' title='bbox 1760 1835 1921 1895; x_wconf 78' lang='grc' dir='ltr'><strong><em>διδά-</em></strong></span> 
     </span>
     <span class='ocr_line' id='line_1_22' title="bbox 310 1917 1918 2028; baseline 0 -50"><span class='ocrx_word' id='word_1_161' title='bbox 310 1930 516 1980; x_wconf 85' lang='grc' dir='ltr'><strong><em>σκαλον</em></strong></span> <span class='ocrx_word' id='word_1_162' title='bbox 555 1927 650 1995; x_wconf 83' lang='grc' dir='ltr'><strong><em>τῆς</em></strong></span> <span class='ocrx_word' id='word_1_163' title='bbox 688 1928 787 1978; x_wconf 83' lang='grc' dir='ltr'><strong><em>τοῦ</em></strong></span> <span class='ocrx_word' id='word_1_164' title='bbox 827 1918 1028 1992; x_wconf 81' lang='grc' dir='ltr'><strong><em>πατρὸς</em></strong></span> <span class='ocrx_word' id='word_1_165' title='bbox 1062 1917 1348 1991; x_wconf 86' lang='grc' dir='ltr'><strong><em>ευσεβείας</em></strong></span> <span class='ocrx_word' id='word_1_166' title='bbox 1387 1917 1918 2028; x_wconf 70' lang='grc' dir='ltr'><strong><em>αναδειχθήσεσθαι,</em></strong></span> 
     </span>
     <span class='ocr_line' id='line_1_23' title="bbox 309 2002 1919 2078; baseline 0 -16"><span class='ocrx_word' id='word_1_167' title='bbox 309 2004 371 2062; x_wconf 91' lang='grc' dir='ltr'><strong><em>τό</em></strong></span> <span class='ocrx_word' id='word_1_168' title='bbox 401 2029 460 2063; x_wconf 90' lang='grc' dir='ltr'><strong><em>τε</em></strong></span> <span class='ocrx_word' id='word_1_169' title='bbox 491 2005 804 2078; x_wconf 73' lang='grc' dir='ltr'><strong><em>παράδοξον</em></strong></span> <span class='ocrx_word' id='word_1_170' title='bbox 835 2003 1006 2062; x_wconf 82' lang='grc' dir='ltr'><strong><em>αὐτοῦ</em></strong></span> <span class='ocrx_word' id='word_1_171' title='bbox 1037 2011 1131 2077; x_wconf 82' lang='grc' dir='ltr'><strong><em>τῆς</em></strong></span> <span class='ocrx_word' id='word_1_172' title='bbox 1165 2007 1432 2077; x_wconf 87' lang='grc' dir='ltr'><strong><em>γενέσεως</em></strong></span> <span class='ocrx_word' id='word_1_173' title='bbox 1461 2006 1555 2062; x_wconf 72' lang='grc' dir='ltr'><strong><em>καὶ</em></strong></span> <span class='ocrx_word' id='word_1_174' title='bbox 1586 2004 1688 2076; x_wconf 86' lang='grc' dir='ltr'><strong><em>τὴν</em></strong></span> <span class='ocrx_word' id='word_1_175' title='bbox 1718 2002 1919 2078; x_wconf 75' lang='grc' dir='ltr'><strong><em>καινὴν</em></strong></span> 
     </span>
     <span class='ocr_line' id='line_1_24' title="bbox 312 2087 1919 2162; baseline 0 -16"><span class='ocrx_word' id='word_1_176' title='bbox 312 2095 678 2147; x_wconf 79' lang='grc' dir='ltr'><strong><em>διδασκαλίαν</em></strong></span> <span class='ocrx_word' id='word_1_177' title='bbox 701 2091 792 2146; x_wconf 78' lang='grc' dir='ltr'><strong><em>καὶ</em></strong></span> <span class='ocrx_word' id='word_1_178' title='bbox 815 2093 927 2147; x_wconf 77' lang='grc' dir='ltr'><strong><em>τῶν</em></strong></span> <span class='ocrx_word' id='word_1_179' title='bbox 960 2096 1137 2162; x_wconf 76' lang='grc' dir='ltr'><strong><em>ἔργων</em></strong></span> <span class='ocrx_word' id='word_1_180' title='bbox 1166 2113 1231 2145; x_wconf 89' lang='grc' dir='ltr'><strong><em>τα</em></strong></span> <span class='ocrx_word' id='word_1_181' title='bbox 1253 2087 1560 2162; x_wconf 76' lang='grc' dir='ltr'><strong><em>θαυμασία,</em></strong></span> <span class='ocrx_word' id='word_1_182' title='bbox 1595 2091 1689 2148; x_wconf 78' lang='grc' dir='ltr'><strong><em>ἐπί</em></strong></span> <span class='ocrx_word' id='word_1_183' title='bbox 1707 2114 1765 2146; x_wconf 86' lang='grc' dir='ltr'><strong><em>τε</em></strong></span> <span class='ocrx_word' id='word_1_184' title='bbox 1795 2089 1919 2154; x_wconf 83' lang='grc' dir='ltr'><strong><em>τού·</em></strong></span> 
     </span>
     <span class='ocr_line' id='line_1_25' title="bbox 308 2169 1919 2246; baseline -0.001 -16"><span class='ocrx_word' id='word_1_185' title='bbox 308 2197 421 2240; x_wconf 85' lang='grc' dir='ltr'><strong><em>τοις</em></strong></span> <span class='ocrx_word' id='word_1_186' title='bbox 451 2177 550 2232; x_wconf 82' lang='grc' dir='ltr'><strong><em>τοῦ</em></strong></span> <span class='ocrx_word' id='word_1_187' title='bbox 577 2172 829 2232; x_wconf 80' lang='grc' dir='ltr'><strong><em>θανάτου</em></strong></span> <span class='ocrx_word' id='word_1_188' title='bbox 859 2171 955 2230; x_wconf 85' lang='grc' dir='ltr'><strong><em>τὸν</em></strong></span> <span class='ocrx_word' id='word_1_189' title='bbox 983 2171 1207 2246; x_wconf 89' lang='grc' dir='ltr'><strong><em>τρόπον,</em></strong></span> <span class='ocrx_word' id='word_1_190' title='bbox 1241 2172 1342 2245; x_wconf 80' lang='grc' dir='ltr'><strong><em>τήν</em></strong></span> <span class='ocrx_word' id='word_1_191' title='bbox 1371 2196 1430 2230; x_wconf 86' lang='grc' dir='ltr'><strong><em>τε</em></strong></span> <span class='ocrx_word' id='word_1_192' title='bbox 1462 2177 1520 2230; x_wconf 86' lang='grc' dir='ltr'><strong><em>ἐκ</em></strong></span> <span class='ocrx_word' id='word_1_193' title='bbox 1542 2197 1758 2246; x_wconf 86' lang='grc' dir='ltr'><strong><em>νεκρων</em></strong></span> <span class='ocrx_word' id='word_1_194' title='bbox 1783 2169 1919 2230; x_wconf 79' lang='grc' dir='ltr'><strong><em>ἀνά-</em></strong></span> 
     </span>
     <span class='ocr_line' id='line_1_26' title="bbox 243 2254 1919 2330; baseline 0.002 -20"><span class='ocrx_word' id='word_1_195' title='bbox 243 2277 286 2311; x_wconf 83' lang='lat'><strong><em>25</em></strong></span> <span class='ocrx_word' id='word_1_196' title='bbox 311 2276 535 2330; x_wconf 87' lang='grc' dir='ltr'><strong><em>στασιν,</em></strong></span> <span class='ocrx_word' id='word_1_197' title='bbox 567 2260 660 2314; x_wconf 82' lang='grc' dir='ltr'><strong><em>καὶ</em></strong></span> <span class='ocrx_word' id='word_1_198' title='bbox 690 2256 790 2330; x_wconf 82' lang='grc' dir='ltr'><strong><em>τὴν</em></strong></span> <span class='ocrx_word' id='word_1_199' title='bbox 822 2260 909 2314; x_wconf 86' lang='grc' dir='ltr'><strong><em>ἐπὶ</em></strong></span> <span class='ocrx_word' id='word_1_200' title='bbox 940 2260 1109 2315; x_wconf 72' lang='grc' dir='ltr'><strong><em>πᾶσιν</em></strong></span> <span class='ocrx_word' id='word_1_201' title='bbox 1140 2263 1216 2323; x_wconf 85' lang='grc' dir='ltr'><strong><em>εἰς</em></strong></span> <span class='ocrx_word' id='word_1_202' title='bbox 1245 2254 1520 2330; x_wconf 75' lang='grc' dir='ltr'><strong><em>οὐρανοὺς</em></strong></span> <span class='ocrx_word' id='word_1_203' title='bbox 1550 2263 1752 2314; x_wconf 80' lang='grc' dir='ltr'><strong><em>ἔνθεον</em></strong></span> <span class='ocrx_word' id='word_1_204' title='bbox 1779 2254 1919 2314; x_wconf 81' lang='grc' dir='ltr'><strong><em>ἀπο-</em></strong></span> 
     </span>
     <span class='ocr_line' id='line_1_27' title="bbox 309 2339 1919 2414; baseline -0.001 -15"><span class='ocrx_word' id='word_1_205' title='bbox 309 2341 647 2399; x_wconf 77' lang='grc' dir='ltr'><strong><em>κατάστασιν</em></strong></span> <span class='ocrx_word' id='word_1_206' title='bbox 685 2339 859 2398; x_wconf 79' lang='grc' dir='ltr'><strong><em>αὐτοῦ</em></strong></span> <span class='ocrx_word' id='word_1_207' title='bbox 909 2339 1430 2414; x_wconf 81' lang='grc' dir='ltr'><strong><em>προκηρυττούσαις.</em></strong></span> <span class='ocrx_word' id='word_1_208' title='bbox 1512 2344 1595 2397; x_wconf 81' lang='lat'><strong><em>24.</em></strong></span> <span class='ocrx_word' id='word_1_209' title='bbox 1638 2341 1739 2413; x_wconf 88' lang='grc' dir='ltr'><strong><em>τὴν</em></strong></span> <span class='ocrx_word' id='word_1_210' title='bbox 1779 2343 1919 2413; x_wconf 82' lang='grc' dir='ltr'><strong><em>γοῦν</em></strong></span> 
     </span>
     <span class='ocr_line' id='line_1_28' title="bbox 311 2423 1919 2498; baseline -0.001 -14"><span class='ocrx_word' id='word_1_211' title='bbox 311 2429 398 2484; x_wconf 84' lang='grc' dir='ltr'><strong><em>ἐπὶ</em></strong></span> <span class='ocrx_word' id='word_1_212' title='bbox 431 2428 573 2484; x_wconf 88' lang='grc' dir='ltr'><strong><em>τέλει</em></strong></span> <span class='ocrx_word' id='word_1_213' title='bbox 603 2432 893 2498; x_wconf 85' lang='grc' dir='ltr'><strong><em>βασιλείαν</em></strong></span> <span class='ocrx_word' id='word_1_214' title='bbox 924 2424 1093 2482; x_wconf 81' lang='grc' dir='ltr'><strong><em>αὐτοῦ</em></strong></span> <span class='ocrx_word' id='word_1_215' title='bbox 1125 2424 1342 2497; x_wconf 87' lang='grc' dir='ltr'><strong><em>Δανιὴλ</em></strong></span> <span class='ocrx_word' id='word_1_216' title='bbox 1373 2423 1401 2482; x_wconf 87' lang='grc' dir='ltr'>ὁ</span> <span class='ocrx_word' id='word_1_217' title='bbox 1433 2423 1726 2498; x_wconf 22' lang='grc' dir='ltr'><strong><em>προφήτης,</em></strong></span> <span class='ocrx_word' id='word_1_218' title='bbox 1749 2443 1919 2484; x_wconf 83' lang='grc' dir='ltr'><strong><em>συνο-</em></strong></span> 
     </span>
     <span class='ocr_line' id='line_1_29' title="bbox 310 2502 1919 2586; baseline 0 -20"><span class='ocrx_word' id='word_1_219' title='bbox 310 2513 426 2583; x_wconf 77' lang='grc' dir='ltr'><strong><em>ρῶν</em></strong></span> <span class='ocrx_word' id='word_1_220' title='bbox 464 2517 604 2586; x_wconf 76' lang='grc' dir='ltr'><strong><em>θείῳ</em></strong></span> <span class='ocrx_word' id='word_1_221' title='bbox 646 2508 919 2583; x_wconf 84' lang='grc' dir='ltr'><strong><em>πνεύματι</em></strong></span> <span class='ocrx_word' id='word_1_222' title='bbox 960 2502 1073 2566; x_wconf 70' lang='grc' dir='ltr'><strong><em>ὧδέ</em></strong></span> <span class='ocrx_word' id='word_1_223' title='bbox 1107 2532 1222 2576; x_wconf 87' lang='grc' dir='ltr'><strong><em>πως</em></strong></span> <span class='ocrx_word' id='word_1_224' title='bbox 1266 2512 1647 2583; x_wconf 82' lang='grc' dir='ltr'><strong><em>ἐθεοφορεῖτο,</em></strong></span> <span class='ocrx_word' id='word_1_225' title='bbox 1691 2506 1919 2583; x_wconf 77' lang='grc' dir='ltr'><strong><em>ἄνθρω-</em></strong></span> 
     </span>
     <span class='ocr_line' id='line_1_30' title="bbox 310 2591 1918 2668; baseline 0.001 -18"><span class='ocrx_word' id='word_1_226' title='bbox 310 2593 617 2668; x_wconf 76' lang='grc' dir='ltr'><strong><em>πινώτερον</em></strong></span> <span class='ocrx_word' id='word_1_227' title='bbox 668 2594 770 2665; x_wconf 82' lang='grc' dir='ltr'><strong><em>τὴν</em></strong></span> <span class='ocrx_word' id='word_1_228' title='bbox 829 2599 1101 2652; x_wconf 90' lang='grc' dir='ltr'><strong><em>θεοπτίαν</em></strong></span> <span class='ocrx_word' id='word_1_229' title='bbox 1160 2592 1521 2667; x_wconf 46' lang='grc' dir='ltr'><strong><em>ὑπογράφων,</em></strong></span> <span class='ocrx_word' id='word_1_230' title='bbox 1593 2591 1918 2666; x_wconf 77' lang='grc' dir='ltr'><strong><em>“ἐθεω’ρουν</em></strong></span> 
     </span>
     <span class='ocr_line' id='line_1_31' title="bbox 245 2670 1917 2752; baseline 0 -18"><span class='ocrx_word' id='word_1_231' title='bbox 245 2702 288 2734; x_wconf 87' lang='lat'><strong><em>30</em></strong></span> <span class='ocrx_word' id='word_1_232' title='bbox 311 2675 452 2752; x_wconf 79' lang='grc' dir='ltr'><strong><em>γὰρ”</em></strong></span> <span class='ocrx_word' id='word_1_233' title='bbox 497 2680 670 2751; x_wconf 83' lang='grc' dir='ltr'><strong><em>φησὶν</em></strong></span> <span class='ocrx_word' id='word_1_234' title='bbox 704 2675 842 2745; x_wconf 80' lang='grc' dir='ltr'><strong><em>“ἕως</em></strong></span> <span class='ocrx_word' id='word_1_235' title='bbox 884 2670 951 2735; x_wconf 74' lang='grc' dir='ltr'><strong><em>οὗ</em></strong></span> <span class='ocrx_word' id='word_1_236' title='bbox 980 2676 1179 2751; x_wconf 90' lang='grc' dir='ltr'><strong><em>θρόνοι</em></strong></span> <span class='ocrx_word' id='word_1_237' title='bbox 1207 2681 1512 2751; x_wconf 81' lang='grc' dir='ltr'><strong><em>ἐτέθησαν,</em></strong></span> <span class='ocrx_word' id='word_1_238' title='bbox 1555 2679 1645 2735; x_wconf 79' lang='grc' dir='ltr'><strong><em>καὶ</em></strong></span> <span class='ocrx_word' id='word_1_239' title='bbox 1670 2676 1917 2742; x_wconf 82' lang='grc' dir='ltr'><strong><em>παλαιὸς</em></strong></span> 
     </span>
    </p>
   </div>
   <div class='ocr_carea' id='block_1_3' title="bbox 425 2871 750 2921">
    <p class='ocr_par' dir='ltr' id='par_1_3' title="bbox 425 2871 750 2921">
     <span class='ocr_line' id='line_1_32' title="bbox 425 2871 750 2921; baseline -0.003 -10"><span class='ocrx_word' id='word_1_240' title='bbox 425 2874 477 2911; x_wconf 80' lang='lat'><strong><em>29</em></strong></span> <span class='ocrx_word' id='word_1_241' title='bbox 508 2871 624 2916; x_wconf 82' lang='lat' dir='ltr'>Dan.</span> <span class='ocrx_word' id='word_1_242' title='bbox 649 2874 686 2921; x_wconf 82' lang='lat'><strong><em>7,</em></strong></span> <span class='ocrx_word' id='word_1_243' title='bbox 712 2874 750 2911; x_wconf 72' lang='lat'><strong><em>9.</em></strong></span> 
     </span>
    </p>
   </div>
  </div>
 </body>
</html>
