1986 3152
269 84 372 135 248
696 69 705 89 ·
947 78 1191 119 EUSEBII

270 198 298 254 ὁ
330 201 683 267 Βασιλείδης,
724 193 893 267 ὅρκον
936 191 1027 249 διά
1069 215 1192 249 τινα
1234 197 1416 250 αἰτίαν
1457 191 1599 264 πρὸς
1629 199 1742 250 τῶν
1772 211 1877 250 συ-

271 283 619 350 στρατιωτῶν
659 279 937 350 αίτηθεὶς,
977 276 1052 349 μὴ
1096 278 1297 343 ἐξεῖναι
1337 273 1488 353 αὐτῷ
1520 275 1580 335 τὸ
1613 276 1880 351 παράπαν

269 362 507 436 ὀμνύναι
568 364 974 434 διεβεβαιοῦτο·
1036 357 1370 432 Χριστιανὸν
1428 361 1534 434 γάρ
1583 357 1876 437 ὑπάρχειν,

271 450 362 504 καὶ
392 451 551 503 τοῦτο
585 450 842 520 ἐμφανῶς
872 441 1178 518 ὁμολογεῖν.
1245 451 1458 513 παίζειν
1487 446 1589 518 μὲν
1617 439 1720 503 οὖν
1753 450 1874 504 ε’νο-

227 553 246 583 5
269 537 446 604 μίζετο
478 534 611 597 τέως
641 528 705 587 τά
737 532 945 604 πρῶτα,
979 525 1054 596 ῶς
1087 529 1148 585 δὲ
1177 527 1449 602 ἐπιμόνως
1473 528 1877 603 ἀπισχυρίζετο,

268 614 456 687 ἄγεται
507 617 595 672 ἐπὶ
634 613 731 672 τὸν
771 611 1067 686 δικαστὴν,
1110 610 1199 685 ἐφ’
1233 604 1301 670 οὗ
1328 610 1430 685 τὴν
1461 619 1716 671 ἔνστασιν
1745 612 1876 686 ὁμο-

268 698 506 772 λογήσας
538 704 760 772 δεσμοῖς
791 702 1174 771 παραδίδοται.
1245 702 1291 754 6.
1331 702 1447 754 τῶν
1479 698 1540 754 δὲ
1570 695 1706 754 κατὰ
1736 695 1882 755 θεὸν

268 780 531 855 ἀδελφῶν
555 782 627 851 ῶς
653 781 823 842 αὐτὸν
847 780 1295 855 ἀφικνουμένων,
1328 784 1419 838 καὶ
1442 781 1544 854 τὴν
1567 788 1752 839 αἰτίαν
1781 785 1878 854 τῆς

269 866 480 940 ἀθρόας
511 870 602 924 καὶ
632 865 947 940 παραδόξου
976 864 1178 938 ταύτης
1208 864 1379 939 ὁρμῆς
1409 868 1878 940 πυνθανομένων,

208 972 248 1001 10
271 955 484 1023 λέγεται
537 958 716 1009 εἰπεῖν
767 950 840 1018 ῶς
890 949 995 1024 ἄρα
1035 956 1382 1023 Ποταμίαινα
1421 953 1601 1023 τρισὶν
1640 948 1883 1022 ὕστερον

270 1031 494 1109 ἡμέραις
546 1041 644 1093 τοῦ
682 1042 991 1109 μαρτυρίου
1031 1032 1250 1107 νύκτωρ
1293 1037 1559 1092 ἐπιστᾶσα
1600 1037 1881 1108 στέφανον

271 1118 445 1175 αὐτοῦ
475 1122 543 1193 τῇ
573 1122 788 1192 κεφαλῇ
819 1128 1113 1193 περιθεῖσα
1147 1127 1249 1190 εἴη,
1275 1125 1415 1190 φαίη
1445 1142 1504 1175 τε
1533 1126 1879 1190 παρακεκλη-

270 1206 423 1259 κέναι
476 1202 636 1276 χάριν
688 1200 858 1259 αὐτοῦ
909 1200 1005 1260 τὸν
1049 1200 1273 1275 κύριον,
1325 1204 1416 1258 καὶ
1464 1207 1558 1274 τῆς
1603 1199 1882 1270 ἀξιώσεως

269 1289 642 1360 τετυχηκέναι,
674 1285 778 1344 οὐκ
809 1292 886 1352 εἰς
913 1285 1126 1359 μακρόν
1148 1310 1207 1343 τε
1231 1284 1406 1343 αὐτὸν
1429 1284 1877 1360 παραλήψεσθαι.

207 1388 247 1420 15
273 1373 360 1427 ἐπὶ
405 1369 620 1438 τούτοις
660 1374 772 1428 τῶν
812 1367 1076 1444 ἀδελφῶν
1119 1373 1213 1443 τῆς
1255 1373 1314 1428 ἐν
1355 1377 1530 1448 κυρίω
1573 1376 1883 1444 σφραγῖδος

267 1454 621 1528 μεταδόντων
662 1454 840 1532 αὐτῶ,
880 1459 947 1528 τῇ
987 1458 1274 1528 μετέπειτα
1312 1450 1487 1531 ἡμέρα
1527 1458 1606 1531 τῷ
1643 1479 1744 1513 του
1777 1479 1879 1512 κυ-

269 1545 393 1610 ρίου
436 1542 742 1614 διαπρέψας
772 1546 1056 1617 μαρτυρίςο
1088 1538 1191 1612 τὴν
1221 1538 1471 1611 κεφαλὴν
1500 1536 1876 1613 ἀποτέμνεται.

273 1629 315 1680 7.
379 1626 467 1680 καὶ
529 1622 681 1682 ἄλλοι
744 1625 802 1681 δὲ
854 1630 1079 1691 πλείους
1130 1629 1242 1681 τῶν
1291 1621 1409 1680 κατ’
1460 1622 1883 1695 Ἀλεξάνδρειαν

269 1705 491 1782 άθρόως
546 1711 624 1785 τῷ
675 1711 921 1781 Χριστοῦ
971 1707 1119 1786 λόγῳ
1170 1715 1511 1782 προσελθεῖν
1562 1706 1699 1764 κατὰ
1750 1707 1879 1774 τούς

206 1810 246 1840 20
271 1795 690 1865 δεδηλωμένους
731 1797 1110 1865 ἱστοροῦνται,
1156 1791 1228 1859 ῶς
1271 1789 1339 1864 δὴ
1378 1788 1511 1850 καθ’
1543 1790 1755 1858 ὕπνους
1785 1794 1883 1864 τῆς

270 1883 647 1950 Ποταμιαίνης
702 1880 1061 1950 ἐπιφανείσης
1113 1879 1204 1934 καὶ
1249 1879 1730 1950 προσκεκλημένης
1776 1872 1880 1933 αὕ-

270 1960 413 2026 τούς.
476 1957 615 2017 ἀλλὰ
645 1965 818 2018 ταῦτα
849 1962 952 2033 μὲν
983 1954 1093 2018 ῶδε
1125 1963 1304 2034 ἐχέτω.

399 2055 470 2102 v1.
526 2053 656 2123 [Nic.
698 2056 755 2104 H.
792 2056 847 2104 E.
886 2056 969 2110 lv,
1008 2054 1119 2122 33]
1207 2043 1528 2102 Πάνταινον
1560 2046 1622 2102 δὲ
1651 2043 1882 2118 Κλήμης

273 2126 663 2200 διαδεξάμενος
695 2133 790 2199 τῆς
822 2125 941 2184 κατ’
969 2126 1389 2200 Ἀλεξάνδρειαν
1420 2127 1768 2201 κατηχήσεως
1801 2134 1882 2196 εἰς

207 2229 249 2260 25
275 2214 452 2268 ἐκεῖνο
491 2215 590 2267 τοῦ
633 2214 831 2284 καιροῦ
869 2221 1196 2284 καθηγεῖτο,
1241 2210 1314 2278 ῶς
1346 2213 1436 2269 καὶ
1467 2210 1563 2269 τὸν
1588 2209 1883 2286 Ὠριγένην

270 2301 380 2352 τῶν
438 2298 715 2367 φοιτητῶν
771 2298 1036 2366 γενέσθαι
1095 2293 1282 2353 αὐτοῦ.
1371 2294 1472 2369 τήν
1522 2299 1589 2368 γε’
1635 2321 1717 2354 τοι
1768 2300 1884 2354 τῶν

271 2381 654 2452 Στρωματέων
694 2375 866 2436 αὐτοῦ
900 2386 1279 2454 πραγματείαν
1311 2378 1339 2437 ὁ
1373 2379 1599 2454 Κλήμης
1629 2380 1881 2482 ὑπομνη-

269 2462 647 2536 ματιζόμενος,
699 2487 834 2520 κατα
874 2461 933 2520 τὸ
976 2468 1195 2537 πρῶτον
1247 2463 1578 2538 σύγγραμμα
1619 2463 1884 2539 χρονικὴν

273 2550 568 2620 ἐκθέμενος
607 2546 858 2621 γραφὴν,
902 2554 979 2616 εἰς
1010 2547 1113 2621 τὴν
1145 2547 1403 2622 Κομόδου
1434 2548 1697 2622 τελευτην
1727 2573 1878 2621 περι-

207 2649 248 2681 30
271 2630 471 2706 γράφει
501 2655 630 2698 τους
661 2630 910 2704 χρόνους,
945 2632 1017 2700 ῶς
1050 2633 1191 2691 εἶναι
1223 2634 1394 2707 σαφες
1424 2632 1506 2691 ὅτι
1537 2658 1672 2691 κατα
1672 2635 1879 2734 Σεβη·

273 2740 371 2788 ρον
413 2712 563 2816 αυτῷ
592 2713 895 2787 πεπόνηται
925 2742 990 2773 τα
1020 2717 1449 2791 σπουδάσματα,
1493 2742 1560 2775 ου
1590 2741 1718 2783 τους
1749 2714 1880 2791 χρό-

275 2825 402 2868 ιους
433 2797 461 2858 ὁ
492 2797 686 2874 παρῶν
719 2804 927 2874 ιστορεῖ
953 2800 1127 2874 λόγος.
