1986 3152
301 67 405 164 412
977 111 1227 154 EUSEBII

300 230 403 302 μὲν
441 233 538 300 τῆς
578 223 792 300 ἡλικίας
825 230 1042 299 ἕνεκεν,
1095 228 1187 283 καὶ
1226 232 1304 304 τῷ
1345 234 1656 300 τριγενειάς
1697 230 1909 302 πατέρα

300 312 667 384 καθεστάναι,
720 317 883 368 τοῦτο
935 311 998 368 δὲ
1049 310 1124 368 δι’
1179 309 1252 384 ἣν
1305 318 1467 380 ἔσωζε
1518 314 1645 386 περὶ
1698 309 1938 380 αύτούς.

302 396 529 454 εὔνοιαν
559 398 651 453 καὶ
682 396 1014 468 πιστοτάτην
1043 400 1399 469 συνείδησιν,
1429 395 1491 452 τὸ
1523 397 1910 471 παραπλήσιον

301 487 378 558 τῷ
404 481 669 558 Σελεύκῳ
694 481 1134 554 διαπραξάμενος
1150 525 1164 554 ,
1197 482 1538 556 προσαχθεὶς
1561 486 1640 558 ‘⁶93
1664 482 1909 557 δεσπότῃ
1936 530 1938 537 ,

260 590 278 621 5
303 567 394 622 καὶ
424 568 640 638 μᾶλλον
670 565 847 623 αὐτὸν
877 570 992 623 τῶν
1022 565 1298 641 πρότερον
1327 562 1563 638 ὄξύνας,
1603 562 1774 623 ταύτὸ
1806 571 1911 624 τοῦ
1934 554 1945 593 ³

303 657 579 725 σωτηρίου
628 650 946 725 ’μαρτύριον
1004 649 1227 717 πάθους
1288 653 1515 727 σταυρῷ
1565 652 1912 725 παραδοθεὶς

302 737 644 804 κατεδέξατο.
714 739 800 792 25.
859 735 946 791 ἐπὶ
987 735 1202 802 τούτοις
1236 734 1360 801 ἑνὸς
1391 740 1468 792 ἔτι
1499 742 1815 808 λείποντος,
1849 733 1912 802 ὃς

301 820 400 878 τὸν
432 822 750 878 δωδέκατον
775 815 1088 892 άποπλήσοι
1109 833 1224 886 τοῖς
1248 822 1610 893 δηλουμένοις
1633 820 1912 894 μάρτυσιν

302 902 575 979 άριθμὸν,
614 902 917 971 Ἰουλιανὸς
970 910 1157 979 παρῆν
1206 910 1408 962 τοῦτον
1455 902 1909 979 άποπληρώσων·

239 1011 280 1042 10
308 993 361 1058 ἐξ
406 988 719 1063 ἀποδημίας
764 990 834 1061 γέ
867 1013 950 1047 τοι
990 988 1327 1063 ἀφικόμενος
1369 985 1600 1062 αύτίκα,
1642 991 1735 1046 καὶ
1773 987 1905 1062 μηδ’

305 1074 582 1148 εἰσβαλών
624 1097 710 1130 πω
751 1078 822 1147 τῇ
863 1074 1051 1146 πόλει,
1105 1072 1284 1140 εὐθὺς
1337 1073 1410 1140 ὥς
1463 1074 1610 1146 εἶχεν
1661 1073 1768 1131 άπὸ
1813 1079 1910 1147 τῆς

303 1158 442 1216 ὁδοῦ
472 1158 678 1232 μαθών
719 1159 814 1214 καὶ
854 1157 1099 1233 ὁρμήσας
1145 1159 1236 1214 ἐπὶ
1275 1158 1377 1231 τὴν
1416 1158 1717 1233 μαρτύρων
1748 1159 1910 1231 θέαν,

304 1243 377 1310 ὠς
420 1246 510 1300 ἐπὶ
551 1248 654 1315 γῆς
695 1243 865 1316 χαμαὶ
904 1242 971 1299 τὰ
1012 1246 1126 1299 τῶν
1182 1241 1361 1314 ἁγίων
1402 1242 1516 1300 εἶδε
1557 1243 1909 1317 σκηνώματα,

301 1334 472 1402 χαρᾶς
503 1335 751 1401 ἔμπλεως
790 1327 1064 1400 γεγονώς,
1109 1327 1319 1405 ἑκάστῳ
1350 1330 1736 1402 περιπλακεὶς,
1776 1327 1911 1395 τούς

240 1433 280 1463 15
305 1414 516 1480 πάντας
555 1409 870 1487 ἠσπάζετό,
910 1416 996 1469 26.
1041 1417 1206 1469 τοῦτο
1237 1419 1507 1470 ποιοῦντα
1538 1411 1912 1485 συλλαβόντες

302 1492 471 1565 αὖθις
514 1502 573 1554 οἱ
610 1501 726 1554 τῶν
768 1497 963 1570 φόνων
994 1497 1243 1554 διάκονοι
1273 1498 1619 1572 προσάγουσι
1659 1503 1737 1574 τῷ
1772 1506 1908 1571 Φιρ-

299 1587 584 1659 μιλλιανῷ.
646 1580 940 1639 ἀκόλουθα
981 1579 1035 1639 δ’
1079 1580 1233 1657 αὐτῷ
1277 1585 1542 1640 ἐπιτελῶν
1590 1587 1786 1659 μακρῷ
1816 1583 1910 1638 καὶ

300 1672 502 1725 τοῦτον
533 1668 671 1742 πυρὶ
701 1671 1105 1740 παραδίδωσιν.
1147 1665 1295 1724 οὕτω
1320 1672 1459 1740 δῆτα
1489 1668 1583 1723 καὶ
1602 1665 1909 1733 Ἰουλιανὸς

301 1757 542 1828 σκιρτῶν
582 1753 675 1809 καὶ
715 1750 1196 1827 ὑπεραλλόμενος,
1249 1752 1464 1826 μεγάλῃ
1515 1775 1574 1809 τε
1624 1756 1790 1826 φωνῇ
1830 1757 1909 1827 τῷ

237 1855 278 1887 20
301 1837 643 1910 τηλικούτων
675 1835 854 1894 αύτὸν
877 1833 1172 1905 ἀξιώσαντι
1195 1844 1373 1914 κυρίῳ
1396 1835 1909 1911 ὑπερευχαριστῶν,

300 1927 400 1978 τοῦ
429 1926 544 1979 τῶν
574 1921 879 1996 μαρτύρων
908 1921 1224 1994 κατηξιώθη
1257 1921 1554 1995 στεφάνου.
1614 1925 1699 1978 27.
1743 1915 1816 1994 ἦν
1847 1921 1909 1978 δὲ

300 2001 464 2073 Οὗτος
505 2006 567 2064 τὸ
599 2007 703 2081 μὲν
733 2006 870 2063 κατὰ
914 2005 1094 2080 σάρκα
1133 2007 1295 2077 γένος
1326 2011 1756 2078 Καππαδοκῶν,
1807 2005 1909 2062 τὸν

300 2091 363 2147 δὲ
392 2090 603 2162 τρόπον
634 2089 1034 2163 εύλαβέστατος
1063 2092 1158 2147 καὶ
1187 2092 1511 2157 πιστότατος
1541 2092 1635 2147 καὶ
1665 2091 1908 2161 γνησιώ-

298 2197 488 2245 τατος,
543 2175 850 2240 σπουδαῖός
904 2199 961 2231 τε
999 2175 1067 2231 τά
1118 2179 1260 2231 ἄλλα
1311 2175 1523 2246 πάντα,
1575 2175 1670 2231 καὶ
1721 2175 1910 2232 πνέων

238 2276 279 2308 25
304 2258 481 2316 αὐτοῦ
535 2258 700 2330 ἁγίου
743 2259 1074 2331 πνεύματος.
1149 2264 1368 2316 τοιοῦτο
1409 2265 1506 2331 τῆς
1547 2264 1814 2325 συνοδίας
1845 2258 1906 2316 τὸ

300 2356 496 2416 στῖφος
526 2348 640 2400 τῶν
672 2344 787 2417 ἅμα
818 2349 1102 2421 Παμφίλῳ
1128 2351 1516 2402 συνεισελθεῖν
1550 2345 1639 2401 ἐπὶ
1668 2342 1730 2401 τὸ
1762 2368 1908 2418 μαρ-

298 2428 493 2501 τύριον
524 2424 894 2496 ἀξιωθέντων.
966 2433 1050 2486 28.
1095 2428 1312 2486 τούτων
1345 2430 1436 2485 ἐπὶ
1466 2429 1738 2503 τέσσαρας
1767 2427 1906 2502 ἡμέ-

300 2537 399 2587 ρας
429 2512 702 2580 τοσαύτας
741 2537 800 2571 τε
829 2514 1038 2580 νύκτας
1081 2517 1139 2571 ἐκ
1179 2514 1525 2588 προστάξεως
1565 2519 1667 2571 τοῦ
1699 2518 1908 2571 δυσσε-

298 2603 438 2670 βοῦς
468 2596 787 2671 ἡγουμένου
819 2598 883 2655 τόε
918 2598 1039 2673 ἱεροὶ
1069 2599 1163 2655 καὶ
1195 2598 1370 2665 ὅντως
1411 2598 1538 2670 ἅγια
1570 2598 1795 2671 σώματα
1827 2603 1906 2664 εἰς

234 2697 276 2732 30
298 2682 477 2756 βορὰν
505 2695 622 2749 τοῖς
667 2683 1027 2758 σαρκοβόροις
1059 2686 1318 2759 ἐτηρεῖτο.
1380 2682 1454 2750 ὥς
1496 2679 1551 2740 δ’
1585 2679 1757 2740 οὐδὲν
1795 2678 1903 2739 αύ-
1932 2742 1941 2743 ι

297 2781 413 2835 τοῖς
456 2768 814 2841 παραδόξως,
855 2767 922 2825 οὐ
965 2774 1203 2843 θηρίον,
1244 2767 1311 2825 ού
1346 2767 1593 2840 πτηνὸν,
1638 2766 1705 2824 ού
1749 2767 1904 2824 κύων
1957 2767 1959 2770 ⁴

298 2855 732 2928 προσεπέλαζεν,
788 2847 958 2919 αὖθις
1002 2856 1054 2921 ἐξ
1107 2859 1423 2926 οἰκονομίας
1474 2858 1571 2925 τῆς
1621 2856 1722 2909 τοῦ
1761 2853 1904 2908 θεοῦ
