1986 3152
279 130 384 183 342
947 127 1195 170 EUSEBH

278 246 571 318 βούλοιντο
624 244 1117 316 συμβουλεύσαιμι.
1187 251 1245 300 τί
1281 243 1388 317 γὰρ
1428 244 1496 318 δὴ
1539 246 1775 312 τούτους
1808 252 1893 312 είς.

278 330 457 402 μάτην
486 325 620 384 ὅσον
652 327 812 384 οῦπω
841 329 1286 400 τεθνηξομένους
1319 327 1452 401 παρ’
1489 331 1705 396 ἑαυτοῖς
1738 335 1885 403 ἔχοι-

277 437 406 486 μεν;
447 418 505 468 τί
531 412 594 468 δὲ
623 411 758 478 τούς
799 410 1124 485 ἀναπήρους
1154 413 1247 468 καὶ
1277 411 1344 468 τά
1377 412 1604 485 στόματα
1635 420 1887 486 λελωβη-

277 499 482 570 μένους
511 502 589 572 τῷ
621 501 761 572 λιμῷ
786 496 1235 570 κατατρύχομεν,
1267 498 1492 570 τρέφειν
1517 497 1648 553 δέον
1676 497 1887 569 μόνους

237 601 258 632 5
278 581 488 655 ἄνδρας
520 581 614 636 καὶ
644 587 898 652 νεανίας,
951 581 1045 636 καὶ
1085 580 1185 637 τὸν
1217 578 1525 651 ἀναγκαῖον
1555 580 1742 654 πυρὸν
1770 594 1888 648 τοῖς

281 666 370 722 ἐπὶ
423 663 655 739 φυλακῇ
705 670 804 737 τῆς
855 665 1068 730 πόλεως
1123 668 1449 737 ἐπιτηδείοις
1499 665 1887 738 ταμιεύεσθαι;

281 755 363 806 10.
430 748 697 815 τοιούτοις
746 750 856 805 τισὶ
902 756 1186 822 λογισμοῖς
1229 755 1424 814 πείσας
1465 748 1528 806 τὸ
1573 750 1887 823 συνέδριον,

278 840 469 907 ψῆφον
513 839 731 907 πρῶτος
772 832 1015 900 ἀναστάς
1058 836 1302 908 ἐκφέρει,
1343 838 1457 890 πᾶν
1497 832 1558 890 τὸ
1601 839 1672 908 τῇ
1716 851 1889 907 στρα-

277 926 398 992 τεία
427 917 502 990 μὴ
537 917 850 989 ἐπιτήδειον
882 927 991 975 εἴτε
1022 916 1250 992 ἀνδρῶν
1275 927 1386 975 εἴτε
1407 923 1695 989 γυναικῶν
1725 919 1888 989 γένος

218 1031 258 1063 10
281 1000 548 1059 άπολύειν
578 1008 673 1074 τῆς
706 1002 943 1074 πόλεως,
977 1002 1062 1059 ὅτι
1091 1002 1232 1074 μηδὲ
1255 1003 1662 1075 καταμένουσιν
1694 1000 1889 1068 αὐτοῖς

279 1089 372 1144 καὶ
411 1092 489 1152 εἰς
529 1086 590 1142 τὸ
623 1085 899 1159 ἄχρηστον
933 1089 992 1142 ἐν
1021 1093 1092 1159 τῇ
1124 1086 1281 1143 πόλει
1312 1091 1697 1160 διατρίβουσιν
1730 1086 1888 1152 ἐλπὶς

279 1171 351 1228 ἂν
381 1171 610 1240 γένοιτο·
629 1177 931 1243 σωτηρίας,
974 1170 1112 1243 πρὸς
1154 1175 1254 1226 τοῦ
1298 1175 1458 1242 λιμοῦ
1494 1174 1889 1243 διαφθαρησο-

279 1257 482 1328 μένοις.
530 1258 609 1309 11.
641 1254 816 1327 ταύτῃ
842 1254 905 1310 δὲ
927 1259 1043 1310 τῶν
1067 1259 1281 1310 λοιπῶν
1312 1252 1576 1310 ἁπάντων
1606 1259 1675 1327 τῇ
1706 1258 1889 1328 βουλῇ

280 1339 868 1411 συγκατατεθειμένων
917 1343 1116 1412 μικροῦ
1165 1343 1289 1395 δεῖν
1328 1337 1460 1404 τούς
1514 1338 1725 1404 πάντας
1775 1343 1890 1395 τῶν

215 1454 256 1485 15
279 1425 772 1497 πολιορκουμένων
824 1419 1156 1494 διεσώσατο,
1213 1425 1274 1480 ἐν
1326 1422 1562 1496 πρώτοις
1613 1422 1717 1495 μὲν
1757 1421 1890 1488 τοῦς

279 1508 387 1565 άπὸ
429 1511 527 1580 τῆς
572 1509 892 1579 ἐκκλησίας,
950 1512 1134 1563 ἔπειτα
1175 1507 1238 1563 δὲ
1279 1508 1372 1563 καὶ
1414 1511 1528 1563 τῶν
1559 1506 1747 1563 ἄλλων
1775 1511 1892 1563 τῶν

277 1592 414 1650 κατὰ
446 1591 546 1664 τὴν
578 1592 741 1648 πόλιν
772 1597 959 1649 πᾶσαν
983 1589 1204 1663 ἡλικίαν
1228 1591 1640 1665 διαδιδράσκειν
1670 1611 1887 1664 προμη-

278 1677 590 1750 θούμενος,
633 1674 700 1732 ού
734 1676 912 1748 μόνον
943 1680 1057 1732 τῶν
1088 1675 1226 1732 κατὰ
1256 1675 1360 1748 τὴν
1392 1681 1586 1748 ψῆφον
1616 1677 1890 1747 δεδογμέ-

279 1785 424 1833 νων,
478 1785 545 1835 τη
589 1761 651 1816 δὲ
691 1761 908 1818 τούτων
939 1760 1216 1835 προφάσει
1260 1762 1352 1816 καὶ
1403 1766 1640 1834 μυρίους
1681 1758 1889 1824 ἄλλους

216 1876 256 1907 20
280 1845 596 1917 λεληθότως
636 1851 965 1916 γυναικείαν
995 1843 1200 1917 στολὴν
1230 1842 1707 1918 ἆμπισχομένους,
1747 1843 1891 1899 νύκ-

277 1954 389 2003 τωρ
439 1953 497 1986 τε
549 1935 618 2003 τῇ
673 1932 889 1986 ἐκείνου
930 1934 1190 2003 φροντίδι
1237 1933 1352 1985 τῶν
1397 1932 1594 1985 πυλῶν
1647 1927 1891 1995 ἐξιόντας

279 2016 371 2069 καὶ
421 2015 507 2070 ἐπὶ
558 2013 662 2085 τὴν
705 2012 989 2086 Ῥωμαίων
1042 2013 1306 2087 στρατιάν
1357 2012 1663 2087 ὁρμῶντας.
1735 2017 1888 2068 ’ἔνθα

281 2097 413 2163 τούς
454 2097 663 2162 πάντας
703 2092 1119 2169 ὑποδεχόμενος
1169 2093 1198 2153 ὁ
1242 2095 1507 2168 Εὐσέβιος
1547 2094 1755 2168 πατρὸς
1796 2096 1891 2151 καὶ

284 2186 476 2254 ἰατροῦ
517 2186 680 2252 δίκην
720 2182 1142 2253 κεκακωμένους
1183 2183 1242 2236 ἐκ
1275 2186 1373 2252 τῆς
1419 2184 1631 2253 μακρᾶς
1663 2185 1887 2252 πολιορ-

217 2297 259 2328 25
281 2271 406 2331 κίας
448 2263 539 2320 δια
581 2264 761 2335 πάσης
805 2270 1073 2338 προνοίας
1121 2265 1215 2320 καὶ
1255 2270 1560 2338 θεραπείας
1603 2262 1887 2319 άνεκτᾶτο.

285 2354 365 2405 12.
396 2347 716 2420 τοιούτωνὴ
745 2348 883 2404 κατα
907 2353 1242 2406 Λαοδίκειαν
1275 2351 1536 2420 ἐκκλησία
1560 2347 1667 2404 δύο
1693 2349 1891 2420 ἐφεξῆς

281 2432 418 2490 κατὰ
451 2431 714 2505 διαδοχὴν
746 2431 958 2505 ἠξιώθη
1002 2434 1314 2506 ποιμένων,
1358 2432 1469 2489 σῦν
1508 2437 1639 2506 θείᾳ
1671 2453 1889 2505 προμη-

280 2524 413 2592 θεία
451 2516 586 2590 μετὰ
627 2517 726 2573 τὸν
767 2518 1095 2588 δηλωθέντα
1136 2518 1382 2590 πόλεμον
1415 2520 1474 2574 ἐκ
1504 2521 1601 2589 τῆς
1628 2514 1890 2583 Ἀλεξαν-

282 2603 463 2675 δρέων
494 2601 704 2668 πόλεως
739 2602 827 2657 ἐπὶ
858 2601 923 2657 τοὶ
955 2606 1089 2675 τῇδε
1118 2601 1594 2674 μετεληλυθότων.
1679 2603 1758 2655 13.
1821 2598 1888 2656 ού

218 2687 386 2759 εομὲν
437 2679 546 2742 οῦν
599 2685 962 2757 ἐσπουδάσθη
1009 2693 1239 2743 πλεῖστα
1283 2690 1361 2761 τῷ
1403 2684 1701 2760 Ἀνατολίῳ
1747 2700 1890 2755 συγ-

282 2771 604 2844 γράμματα,
657 2775 903 2826 τοσαῦτα
948 2768 1006 2826 δ’
1041 2776 1118 2837 εἰς
1164 2769 1308 2843 ἡμᾶς
1355 2770 1624 2842 ἐλήλυθε,
1680 2765 1758 2824 δι’
1810 2762 1892 2825 ὦν

283 2854 460 2912 αὐτοῦ
500 2863 847 2926 καταμαθεῖν
888 2853 1140 2911 δυνατόν
1181 2853 1324 2927 ὁμοῦ
1367 2854 1429 2910 τό
1468 2876 1526 2910 τε
1567 2852 1757 2923 λόγιον
1796 2852 1892 2907 καὶ
