1986 3152
287 149 393 200 324
970 147 1215 188 EUSEBH

283 259 394 328 “039
425 266 562 335 μέγα
595 260 664 334 δή
694 285 744 317 τι
775 263 867 318 καὶ
900 264 1279 364 κεκρυμμένον
1300 261 1605 335 μυστήριον
1625 286 1893 336 κατεπαγ-

281 345 687 419 “γελλομένων,
721 347 811 402 καὶ
843 345 969 412 τούς
993 343 1405 420 ἁπλουστέρους
1437 342 1763 420 ἀδελφούςε
1736 351 1894 420 ημῶν

284 428 495 487 “ούδὲν
537 430 758 486 ἐωντων
798 427 1014 502 ὑψηλὸν
1054 431 1145 486 καὶ
1176 438 1469 502 μεγαλεῖον
1499 445 1730 504 φρονεῖν
1767 430 1896 489 οὔτε

286 512 451 589 “περὶ
493 519 587 586 τῆς
635 512 861 581 ἐνδόξου
908 516 998 570 καὶ
1041 511 1266 586 ἀληθῶς
1310 516 1510 572 ἐνθέου
1556 519 1656 572 τοῦ
1698 522 1895 588 κυρίου

249 594 483 672 5⁸2‘wc5v
530 601 883 670 ἐπιφανείας,
935 596 1065 655 οὔτε
1115 601 1210 671 τῆς
1255 597 1519 671 ἡμετέρας
1572 604 1632 657 ἐκ
1682 603 1897 674 νεκρῶν

282 678 669 748 “ἀναστάσεως
711 685 800 739 καὶ
846 686 942 754 τῆς
973 680 1108 756 πρὸς
1150 679 1320 740 αὐτὸν
1360 687 1776 756 ἐπισυναγωγῆς
1806 685 1898 740 καὶ

281 762 652 840 “ὃμοιῶσεως,
683 766 821 823 ἀλλὰ
836 766 1003 840 μικροὶ
1021 769 1111 823 καὶ
1127 767 1310 839 θνητὰ
1326 769 1418 823 καὶ
1433 764 1522 825 οἶα
1544 767 1610 824 τὰ
1626 774 1734 825 νῦν
1753 771 1899 826 ἐλπί-

280 847 310 870 “
321 859 428 919 ζειν
444 849 868 908 ἀναπειθόντων
888 855 947 908 ἐν
963 855 1027 926 τῇ
1046 857 1298 927 βασιλείᾳ
1314 855 1412 909 τοῦ
1428 856 1586 925 θεοῦ,
1599 851 1901 925 ἀναγκαῖον

284 930 412 992 “uoci
445 932 586 1008 ἡμᾶς
618 934 690 1002 ὡς
723 934 858 1005 πρὸς
890 934 1136 1009 παρόντα
1164 936 1262 993 τὸν
1302 934 1551 1010 ἀδελφὸν
1588 935 1746 1009 ἡμῶν
1778 942 1901 993 δια-

229 1016 594 1093 ιο“λεχθῆναι
619 1017 916 1077 Νέπωτα.”
972 1025 1018 1076 6.
1053 1018 1264 1085 τούτοις
1293 1019 1422 1093 μεθ’
1461 1025 1620 1093 ἕτερα
1654 1022 1899 1094 ἐπιφέρει

293 1106 471 1175 λέγων
506 1100 603 1160 “ἐν
642 1105 743 1176 μὲν
775 1096 877 1160 οὖν
918 1110 993 1180 τῷ
1019 1103 1331 1177 Ἀρσινοΐτῃ
1363 1107 1690 1177 γενόμενος,
1738 1112 1898 1176 ἔνθα,

286 1187 399 1254 (τῶς
431 1188 614 1258 οἶδας,
660 1187 765 1259 πρὸ
811 1192 1018 1245 πολλοῦ
1058 1192 1218 1245 τοῦτο
1262 1187 1556 1256 ἐπεπόλαζε
1597 1187 1659 1245 τὸ
1704 1187 1899 1261 δόγμα,

285 1268 398 1338 “ῶς
440 1274 531 1328 καὶ
576 1278 845 1345 σχίσματα
887 1274 978 1328 καὶ
1026 1269 1362 1339 ἀποστασίας
1406 1269 1552 1329 ὅλων
1597 1276 1902 1345 ἐκκλησιῶν

283 1351 639 1428 (ςγεγονέναι,
682 1359 1025 1428 συγκαλέσας
1065 1354 1193 1422 τούς
1234 1360 1644 1429 πρεσβυτέρους
1686 1359 1778 1414 καὶ
1823 1362 1902 1413 δι-

233 1460 272 1491 15
288 1438 318 1459 “
332 1439 639 1506 δασκάλους
670 1444 783 1497 τῶν
815 1444 875 1498 ἐν
905 1455 1023 1507 ταῖς
1055 1439 1262 1514 κώμαις
1294 1442 1576 1513 ἀδελφῶν,
1609 1439 1903 1515 παρόντων

285 1520 418 1582 τ(καὶ
449 1532 564 1582 τῶν
595 1527 952 1598 βουλομένων
982 1521 1273 1598 ἀδελφῶν,
1319 1531 1557 1601 δημοσία
1588 1526 1690 1598 τὴν
1723 1528 1899 1594 ἐξέτα-

288 1605 416 1666 “mv
460 1609 803 1682 ποιήσασθαι
849 1614 948 1667 τοῦ
995 1607 1163 1682 λόγου
1207 1609 1646 1682 προετρεψάμην.
1720 1615 1764 1668 7.
1813 1611 1905 1666 καὶ

288 1691 491 1750 “τοῦτό
522 1719 611 1766 μοι
643 1695 1040 1768 προσαγόντων
1069 1693 1128 1751 τὸ
1161 1701 1383 1766 βιβλίον
1426 1691 1497 1760 ῶς
1528 1719 1579 1750 τι
1609 1693 1783 1751 ὅπλον
1812 1696 1903 1750 καὶ

287 1776 507 1851 “τει“χος
549 1775 996 1852 ἀκαταμάχητον,
1050 1780 1463 1851 συγκαθεσθεὶς
1509 1775 1694 1845 αὐτοῖς
1735 1781 1905 1850 τριῶν

231 1882 271 1915 20
291 1860 454 1934 Νἑξῆς
485 1859 710 1962 ἡμερῶν
736 1866 842 1931 ἐξ
821 1867 890 1920 έω
913 1866 1099 1936 μέχρις
1124 1866 1375 1935 ἑσπέρας,
1413 1861 1740 1920 διευθύνειν
1762 1866 1904 1919 ἐπει-

290 1943 520 2053 ἶράθην
560 1972 625 2003 τα
669 1950 1037 2021 γεγραμμένα.
1120 1953 1167 2004 8.
1218 1955 1357 2004 ἔνθα
1403 1953 1494 2003 καὶ
1535 1945 1594 2003 τὸ
1635 1944 1907 2012 εὐσταθες

292 2026 422 2087 “uoci
470 2031 529 2087 τὸ
579 2031 890 2104 φιλάληθες
941 2035 1032 2088 καὶ
1086 2031 1145 2088 τὸ
1199 2028 1764 2104 εὐπαρακολούθητον
1816 2033 1907 2088 καὶ

292 2112 565 2172 “συνετὸν
605 2112 1012 2188 υπερηγάσθην
1051 2119 1162 2172 τῶν
1207 2114 1502 2187 ἀδελφῶν,
1547 2114 1619 2182 ὡς
1661 2119 1723 2172 ἐν
1761 2114 1907 2182 τάξει

293 2197 422 2255 “mxl
453 2197 571 2270 μετ’
612 2202 904 2266 ἐπιεικείας
934 2200 1029 2265 τὰς
1063 2197 1353 2271 ἐρωτήσεις
1385 2201 1475 2255 καὶ
1507 2197 1600 2266 τοὶς
1634 2198 1907 2271 ἐπαπορή-

236 2278 446 2348 25“σεις
478 2285 570 2340 καὶ
610 2281 705 2348 τάς
737 2285 1171 2355 συγκαταθέσεις
1205 2282 1572 2356 ἐποιούμεθα,
1615 2283 1675 2339 τὸ
1714 2284 1817 2356 μὲν
1849 2287 1909 2340 ἐκ

293 2365 537 2433 “nam-‹35-
567 2365 775 2440 τρόπου
805 2375 1135 2439 φιλονείκως
1177 2374 1287 2424 τῶν
1317 2365 1459 2435 ἅπαξ
1494 2366 1776 2435 δοξάντων
1807 2390 1907 2424 πε-

295 2446 634 2524 “ριε’χεσθαι,
670 2457 720 2508 εἰ
748 2455 839 2508 καὶ
870 2451 943 2524 μὴ
975 2460 1265 2523 φαίνοιντο
1294 2450 1479 2523 ὀρθῶς
1509 2458 1733 2525 ἔχοντα,
1765 2473 1909 2524 παρ-

295 2530 707 2607 “αιτησάμενοι,
731 2535 866 2608 μήτε
892 2537 952 2592 δὲ
971 2536 1065 2603 τάς
1089 2535 1403 2608 ἀντιλογίας
1424 2533 1905 2608 ὑποστελλόμενοι,

295 2615 456 2675 “ἀλλ’
493 2625 570 2684 εἰς
600 2617 732 2677 ὅσον
762 2617 882 2678 οἷόν
913 2643 971 2677 τε
1001 2624 1113 2678 τῶν
1142 2623 1522 2693 προκειμένων
1562 2619 1910 2691 ἐπιβατεύειν

239 2699 431 2760 affluat
463 2702 759 2777 κρατύνειν
790 2701 928 2762 αὐτοὶ
959 2706 1314 2777 πειρώμενοι,
1346 2703 1508 2777 μήτε,
1553 2710 1605 2761 εἰ
1632 2703 1790 2775 λόγος
1820 2707 1911 2760 αἷ-

295 2786 451 2861 “ρεῖ,
501 2795 939 2861 μεταπείθεσθαι
990 2791 1081 2845 καὶ
1124 2797 1524 2863 συνομολογεῖν
1568 2786 1909 2861 αἰδούμενοι,

299 2867 456 2929 “ἀλλ’
495 2871 900 2946 εὐσυνειδήτως
941 2875 1032 2930 καὶ
1063 2871 1445 2948 ἀνυποκρίτως
1486 2874 1577 2929 καὶ
1618 2886 1735 2939 ταῖς
1775 2895 1912 2945 καρ-
