1986 3152
302 122 408 174 212
985 122 1231 163 EUSEBH

300 257 491 343 χουσι,
546 239 638 293 καὶ
688 235 822 310 μετὰ
861 241 1058 294 τοῦτον
1099 235 1418 311 Πούπλιον,
1475 239 1590 297 εἶτα
1632 239 1904 313 Μάξιμον,

299 323 390 378 καὶ
435 323 523 378 ἐπὶ
559 319 773 388 τούτοις
806 319 1141 392 Ἰουλιανόν,
1197 327 1384 380 ἔπειτα
1422 322 1624 394 Γάϊον,
1665 322 1797 397 μεθ’
1841 317 1908 384 ὃν

300 404 637 478 Σύμμαχον,
680 408 772 462 καὶ
802 404 977 463 Γάιον
1009 408 1229 480 ἕτερον,
1259 409 1352 463 καὶ
1384 406 1552 465 πάλιν
1581 405 1752 466 ἄλλον
1777 405 1907 467 Ἰου-

299 488 513 562 λιανὸν,
547 489 851 548 Καπίτωνά
880 513 939 546 τε
970 489 1105 564 πρὸς
1135 489 1347 556 τούτοις
1377 494 1466 548 καὶ
1496 489 1785 550 Οὐάλεντα
1815 496 1906 550 καὶ
1941 499 1948 543 f

255 595 275 627 5
298 573 654 646 Δολιχιανόν,
686 576 773 631 καὶ
810 576 898 631 ἐπὶ
930 580 1063 630 πᾶσι
1090 572 1187 632 τὸν
1209 574 1554 649 Νάρκισσον,
1585 575 1909 649 τριακοστὸν
1944 567 1945 570 ¹

298 657 405 715 ἀπὸ
458 663 571 715 τῶν
620 655 946 716 ἀποστόλων
1001 658 1138 716 κατὰ
1182 658 1285 732 τὴν
1322 664 1435 717 τῶν
1477 662 1599 732 ἑξῆς
1643 660 1909 734 διαδοχὴν

297 746 680 815 γεγενημένον.

425 838 550 889 ΧΙΙΙ.
621 837 751 904 [Nic.
779 838 838 887 H.
867 838 920 887 E.
948 838 1032 896 IV,
1061 836 1170 905 29]
1240 826 1332 886 Ἐν
1361 826 1537 905 τούτῳ
1567 831 1660 885 καὶ
1683 827 1906 901 Ῥόδων,

298 915 456 984 γένος
495 915 607 968 τῶν
649 909 755 968 άπὸ
779 909 992 983 Ἀσίας,
1035 915 1414 1018 μαθητευθεὶς
1447 916 1534 969 ἐπὶ
1559 911 1793 986 Ῥώμης,
1836 912 1909 980 ὥς

235 1015 279 1048 10
301 994 465 1062 αὐτὸς
508 1001 738 1068 ἱστορεῖ,
789 1002 1071 1072 Τατιανω,
1112 1020 1179 1053 ον
1221 999 1280 1053 ἐκ
1309 1002 1422 1054 τῶν
1452 995 1704 1070 πρόσθεν
1735 1003 1910 1070 ἔγνω-

300 1104 420 1153 μεν,
456 1079 695 1181 διάφορα
727 1079 997 1148 συντάξας
1028 1087 1239 1153 βιβλία,
1270 1105 1405 1153 μετα
1434 1086 1547 1139 τῶν
1577 1086 1787 1139 λοιπῶν
1817 1083 1910 1139 καὶ
1958 1137 1963 1145 ,

300 1165 435 1236 πρὸς
473 1162 575 1236 τὴν
607 1171 944 1235 Μαρκίωνος
979 1167 1379 1237 παρατέτακται
1423 1171 1661 1239 αἵρεσιν·
1705 1163 1777 1236 ἣν
1817 1169 1908 1223 καὶ

302 1256 379 1314 εἰς
412 1247 715 1320 διαφόρους
745 1246 966 1321 γνώμας
997 1248 1115 1305 κατ’
1146 1246 1317 1306 αὐτὸν
1349 1254 1654 1306 διαστᾶσαν
1686 1254 1908 1322 ἱστορεῖ,

300 1332 426 1399 τοὺς
466 1333 567 1406 τὴν
609 1331 896 1389 διάστασιν
940 1332 1370 1406 ἐμπεποιηκότας
1408 1333 1776 1407 ἀναγράφων,
1819 1332 1904 1391 ἐπ’

241 1438 282 1470 15
303 1415 526 1490 ἀκριβές
573 1441 632 1475 τε
669 1415 764 1484 τὰς
805 1414 937 1492 παρ’
983 1416 1193 1494 ἑκάστῳ
1231 1416 1444 1475 τούτων
1485 1419 1910 1491 ἐπινενοημένας

301 1506 600 1575 διελέγχων
638 1508 1024 1573 ψευδολογίας,
1085 1507 1134 1559 2.
1177 1500 1344 1560 ἄκουε
1387 1501 1439 1559 δ’
1475 1495 1576 1559 οὖν
1617 1505 1708 1559 καὶ
1740 1499 1912 1559 αὐτοῦ

300 1592 471 1644 ταῦτα
502 1586 811 1661 γράφοντος
846 1583 976 1643 “6002
1004 1590 1164 1643 τοῦτο
1196 1589 1287 1643 καὶ
1318 1586 1447 1660 παρ’
1491 1590 1705 1652 ἑαυτοῖς
1734 1585 1909 1659 ἀσύμ-

295 1667 510 1743 “φωνοι
533 1670 846 1744 γεγόνασιν,
870 1668 1182 1729 άσυστάτου
1206 1695 1426 1744 γνωμης
1448 1669 1907 1743 ἀντιποιούμενοι.

296 1753 442 1813 “dud
472 1780 578 1828 γαρ
607 1762 702 1829 τῆς
732 1755 947 1813 τούτων
977 1753 1175 1828 ἀγέλης
1198 1754 1462 1827 Ἀπελλῆς
1491 1780 1621 1828 μεν,
1658 1751 1685 1812 ὁ
1718 1761 1784 1829 τῇ
1815 1778 1909 1812 πο-

237 1860 282 1891 20
300 1837 511 1898 “λιτεία
543 1839 950 1913 σεμνυνόμενος
981 1843 1073 1897 καὶ
1102 1865 1177 1897 τω
1206 1839 1378 1915 γήρα,
1410 1846 1545 1913 μίαν
1575 1837 1750 1912 αρχὴν
1780 1836 1911 1912 ὁμο-

295 1922 502 2025 ἶῖλογεῑ,
528 1949 622 1991 τας
649 1926 708 1981 δὲ
734 1931 1071 1998 προφητείας
1097 1922 1197 1992 ἐξ’
1167 1928 1550 1997 αντικειμένου
1575 1928 1722 1996 λέγει
1745 1922 1909 1980 πνεύ-

295 2005 525 2108 Ξματος,
577 2008 905 2108 πειθόμενος
947 2008 1341 2081 αποφθέγμασι
1386 2011 1676 2081 παρθένου
1717 2014 1911 2080 δαιμο-

295 2088 552 2194 Ξνώσης,
577 2092 747 2164 ὄνομα
783 2098 1144 2165 Φιλουμένης.
1206 2097 1252 2151 3.
1280 2097 1453 2165 ε’τεροι
1488 2093 1567 2163 δε,
1599 2092 1788 2158 καθως
1818 2094 1910 2148 καὶ

295 2173 497 2242 “αύτὸς
528 2172 555 2232 ὁ
587 2176 794 2248 ναύτης
825 2183 1131 2248 Μαρκίων,
1181 2176 1282 2232 δύο
1322 2201 1491 2249 αρχας
1533 2181 1908 2248 εἰσηγοῦνται
1923 2191 1931 2199 “

240 2257 433 2331 25“0’cq>'
466 2284 544 2316 ων
577 2267 681 2316 εἰσι
713 2259 945 2326 Ποτῖτός
975 2285 1033 2317 τε
1063 2263 1155 2316 καὶ
1193 2260 1494 2326 Βασιλικός
1555 2265 1604 2317 4.
1638 2262 1730 2316 καὶ
1761 2261 1912 2316 οὑτοι

334 2369 434 2415 μεν
466 2343 1051 2417 κατακολουθησαντες
1082 2347 1158 2420 τῷ
1190 2351 1445 2421 Ποντικῷ
1478 2343 1662 2421 λύκω,
1708 2347 1799 2400 καὶ
1837 2344 1912 2416 μὴ

297 2425 687 2500 “εὑρίσκοντες
716 2429 818 2500 τὴν
850 2433 1122 2502 διαίρεσιν
1152 2433 1263 2485 τῶν
1287 2428 1642 2502 πραγμάτων,
1676 2453 1749 2495 ως
1779 2425 1934 2485 οὐδὲ.

298 2509 571 2585 “έκεῑνος,
618 2515 705 2568 ἐπὶ
745 2512 847 2584 τὴν
880 2512 1165 2585 εὐχέρειαν
1197 2512 1522 2586 ἐτράποντο,
1555 2515 1647 2570 καὶ
1681 2511 1781 2569 δύο
1811 2509 1913 2586 άρ-

296 2593 430 2669 “χάς
461 2597 817 2669 ἀπεφήναντο
848 2602 1021 2665 ψιλῶς
1053 2600 1144 2653 καὶ
1175 2595 1602 2663 ἀναποδείκτως.
1663 2594 1818 2653 ἄλλοι
1850 2597 1912 2652 δὲ

247 2678 510 2738 3Ο“πάλιν
541 2680 634 2736 ἀπ’
672 2680 857 2737 αὐτῶν
891 2684 978 2737 ἐπὶ
1009 2682 1068 2737 τό
1101 2696 1289 2756 χεῖρον
1322 2686 1689 2749 ἐξοκείλαντες
1719 2678 1786 2737 οὐ
1816 2680 1939 2753 gad-³

306 2762 442 2823 “νον
484 2764 613 2836 δύο,
660 2764 799 2821 ἄλλα
839 2768 929 2821 καὶ
969 2779 1116 2839 τρεῖς
1157 2763 1520 2822 ὑποτίθενται
1561 2764 1785 2838 φύσεις,
1831 2756 1911 2821 ὧν

304 2847 490 2907 Νἐστιν
520 2847 754 2922 ἀρχηγὸς
783 2852 875 2905 καὶ
906 2849 1213 2922 προστάτης
1238 2850 1519 2921 Σύνερως,
1550 2847 1739 2916 καθώς
1768 2853 1826 2905 οἶ
1848 2847 1910 2904 τὸ
