2032 3174
542 112 700 154 HIST.
732 112 987 154 ECCLES.
1021 114 1080 157 Π.
1116 116 1181 155 13.
1607 112 1672 164 (31

44 227 377 302 “o'cvdpwfivn
408 226 538 301 παρ’
574 227 710 301 ὑμῖν
742 228 815 296 ὥς
845 227 976 295 θεὸς
1007 235 1318 303 τετίμηται,
1364 233 1423 287 ἐν
1463 234 1538 306 τῷ
1580 238 1672 287 Τι-

43 311 238 388 “βέρει
268 317 492 390 ποταμῷ
524 312 724 386 μεταξὺ
755 317 867 371 τῶν
899 312 1002 372 δύο
1034 319 1323 388 γεφυρῶν,
1370 320 1512 388 ἔχων
1546 310 1673 372 Ῥω-

41 396 294 472 “μαϊκὴν
327 397 638 471 ἐπιγραφὴν
669 397 900 470 ταύτην·
955 410 1168 459 SIMONI
1207 410 1328 460 DEO
1370 410 1670 468 SANCTO,''

58 481 192 557 ὅπερ
245 484 357 539 ἐστὶ
402 489 619 556 Σίμωνι
660 486 780 558 θεῷ
817 482 972 558 ἁγίῳ.
1056 487 1106 540 4.
1150 480 1280 539 “noel
1327 482 1526 556 σχεδὸν
1571 485 1673 557 μὲν

44 566 288 634 “udalr-89
329 576 645 641 Σαμαρεῖς,
687 564 863 639 ὀλίγοι
910 567 969 623 δὲ
1022 568 1113 622 καὶ
1177 570 1236 624 ἐν
1287 566 1472 633 ἄλλοις
1515 573 1715 625 ἔθυε-5

51 651 212 723 “σιν,
266 650 338 718 ὡς
388 651 486 709 τὸν
535 675 755 725 πρωτον
806 649 945 708 θεὸν
1007 654 1222 709 ἐκεῖνον
1274 650 1672 724 ὁμολογοῦντες

46 735 506 840 Ξῖπροσκυνοῦσι
568 738 659 792 καὶ
704 734 931 806 Ελένην
975 759 1128 807 τινα,
1182 735 1284 808 τὴν
1335 754 1673 810 συμπερινο-

46 815 372 926 ἶστήσασαν
427 816 576 894 αὖτῳ
628 818 746 876 κατ’
795 823 975 876 ε’κεῐνο
1016 822 1228 893 καιροῦ,
1269 819 1540 893 πρότερον
1583 823 1672 878 ἐπὶ

51 902 275 976 “τέγους
315 914 620 961 σταθεῖσαν
661 907 721 960 ἐν
760 902 921 981 Τύρῳ
962 907 1057 975 τῆς
1102 911 1398 976 Φοινίκης,
1438 903 1541 976 τὴν
1571 901 1665 961 ἄπ’

49 983 259 1045 εἀὐτοῦ
299 987 525 1062 πρώτην
573 994 796 1045 ἔννοιαν
847 985 1160 1060 λέγουσιν.”
1245 992 1294 1045 5.
1346 994 1520 1045 ταῦτα
1570 989 1671 1061 μὲν

54 1064 230 1139 οὗτος.
293 1071 527 1147 συνᾴδει
563 1069 619 1129 δ’
655 1070 805 1149 αὐτῷ
835 1075 926 1129 καὶ
957 1073 986 1130 ὁ
1016 1080 1346 1146 Εἰρηναῖος,
1381 1075 1441 1130 ἐν
1473 1071 1671 1149 πρώτῳ

57 1161 168 1214 των
192 1155 328 1227 πρὸς
352 1157 448 1225 τὰς
473 1160 710 1231 αἱρέσεις
733 1157 872 1230 ὁμοῦ
895 1156 961 1214 τὰ
992 1160 1117 1230 περὶ
1141 1156 1237 1215 τὸν
1260 1155 1441 1231 ἄνδρα
1464 1160 1554 1214 καὶ
1572 1156 1673 1231 τὴν

55 1239 289 1299 ἀνοσίαν
320 1244 410 1298 καὶ
451 1242 657 1315 μιαρὰν
703 1239 876 1299 αὐτοῦ
909 1247 1274 1299 διδασκαλίαν
1303 1237 1669 1315 ὑπογράφων,

56 1323 130 1397 ἣν
164 1328 251 1382 ἐπὶ
280 1330 378 1383 τοῦ
400 1325 670 1399 παρόντος
701 1326 958 1398 περιττὸν
974 1322 1044 1384 ἂν
1077 1336 1160 1399 εἴη
1193 1327 1532 1399 καταλέγειν,
1564 1349 1672 1383 πα-

58 1407 159 1481 ρόν
188 1424 301 1476 τοῖς
333 1412 690 1482 βουλομένοις
721 1412 811 1467 καὶ
843 1415 955 1467 τῶν
985 1408 1104 1483 μετ’
1139 1407 1310 1468 αὐτὸν
1340 1410 1476 1467 κατὰ
1507 1412 1668 1484 μέρος

56 1499 426 1567 αἱρεσιαρχῶν
455 1493 549 1560 τὰς
581 1493 748 1568 ἀρχὰς
789 1497 878 1551 καὶ
910 1493 1226 1568 τοῦςβίους
1266 1497 1357 1551 καὶ
1389 1499 1501 1552 τῶν
1532 1510 1672 1564 ψευ-

59 1582 176 1634 δῶν
228 1577 518 1651 δογμάτων
565 1577 659 1645 τας
707 1576 1007 1646 ὑποθέσεις
1046 1578 1112 1636 τά
1161 1603 1219 1636 τε
1259 1583 1431 1638 πᾶσιν
1482 1578 1671 1647 αὐτοῖς

57 1665 519 1736 ἐπιτετηδευμένα
552 1666 881 1735 διαγνῶναι,
914 1660 979 1720 οὐ
1011 1663 1147 1719 κατὰ
1177 1686 1456 1736 παρεργον
1485 1668 1550 1739 τῇ
1584 1670 1670 1720 δε-

32 1749 347 1821 ’δηλωμένῃ
389 1750 488 1804 τοῦ
529 1754 839 1820 Εἰρηναιόυ
891 1750 1316 1821 παραδεδομένα
1361 1754 1555 1825 βίβλῳ.
1619 1753 1667 1807 6.

57 1851 232 1903 πασης
277 1856 380 1905 μεν
421 1825 524 1890 οὖν
565 1829 807 1905 ἀρχηγὸν
847 1834 1109 1906 αιρέσεως
1141 1835 1362 1905 πρῶτον
1406 1833 1670 1904 γενέσθαι

56 1914 154 1987 τὸν
185 1923 418 1989 Σίμωνα
458 1916 909 1991 παρειλήφαμεν,
954 1920 1007 1984 ἐξ
1048 1918 1115 1974 οὑ
1159 1919 1250 1973 καὶ
1294 1923 1371 1982 εἰς
1420 1919 1587 1991 δευρο
1618 1922 1676 1974 οι

57 1998 159 2073 τὴν
189 2024 288 2057 κατ
343 1999 512 2058 αυτὸν
554 2001 832 2073 μετιόντες
865 2006 1108 2074 αἵρεσιν,
1151 1999 1252 2075 τὴν
1283 2000 1548 2074 σώφρονα
1579 2003 1671 2058 καὶ

57 2082 151 2140 δια
175 2084 524 2159 καθαρότητα
544 2092 672 2158 βίου
697 2110 844 2159 παρα
866 2099 980 2152 τοῖς
1004 2090 1140 2143 πᾶσι
1170 2088 1516 2193 βεβοημένην
1539 2095 1668 2160 Χρι-

56 2174 300 2227 στιανῶν
338 2178 676 2243 φιλοσοφίαν
714 2167 1170 2245 υποκρινόμενοι,
1222 2171 1286 2242 ἡς
1331 2194 1434 2244 μεν
1474 2174 1670 2239 ἔδοξαν

33 2249 503 2312 ἀπαλλαττεσθαι
531 2258 658 2328 περὶ
699 2280 763 2313 τα
797 2261 998 2312 εἴδωλα
1031 2261 1464 2329 δεισιδαιμονίας
1503 2255 1670 2314 οὐδεν

58 2328 224 2408 ἧττον
254 2331 419 2404 αυθις
451 2338 937 2413 ἐπιλαμβανονται,
970 2347 1401 2407 καταπίπτοντες
1424 2343 1513 2398 ἐπὶ
1534 2365 1665 2414 γρα-

57 2419 168 2494 φὰς
199 2423 290 2478 καὶ
333 2422 549 2491 εἰκόνας
589 2423 760 2482 αὐτοῦ
800 2448 859 2482 τε
888 2427 988 2483 τοῦ
1017 2432 1275 2499 Σίμωνος
1316 2427 1407 2482 καὶ
1438 2428 1532 2498 τῆς
1564 2443 1669 2482 συν

59 2504 212 2581 αὐτῳ
245 2511 590 2580 δηλωθείσης
614 2505 853 2582 Ἑλένης,
884 2508 1206 2618 θυμιαμασί
1230 2535 1288 2568 τε
1318 2512 1411 2567 καὶ
1441 2516 1669 2575 θυσίαις

58 2592 152 2646 καὶ
176 2596 444 2657 σπονδαῖς
466 2590 696 2659 τούτους
725 2593 1067 2667 θρησκεύειν
1092 2598 1484 2669 ἐγχειροῦντες.
1531 2600 1575 2651 7.
1602 2617 1669 2650 τα

1695 1013 1735 1044 10

1694 1435 1734 1466 15

1694 1856 1734 1888 20

1694 2278 1733 2310 25

61 2674 125 2730 δε
147 2673 358 2733 τούτων
382 2674 567 2743 αὐτοῖς
589 2676 1018 2755 ἆπορρητότερα,
1051 2705 1131 2738 ων
1153 2700 1292 2754 φασι
1322 2677 1419 2738 τόν
1448 2682 1668 2754 πρῶτον
1691 2700 1731 2733 30

176 2868 226 2906 11
258 2868 374 2909 Iren.
401 2872 438 2922 1,
463 2872 528 2911 23.
564 2885 606 2923 p.
629 2873 695 2913 98.
