2032 3174
62 177 268 373 ’ῦὸ-Χ

662 764 1256 826 PRAEFATIO.

261 1038 307 1082 ln
336 1037 421 1083 hae
445 1037 627 1083 Eusebii
664 1037 883 1083 historiae
920 1036 1254 1084 ecclesiasticae
1291 1037 1491 1083 editione
1522 1036 1635 1082 nihil
1676 1052 1768 1083 am·
1817 1082 1819 1085 .

154 1108 274 1167 plius
302 1110 591 1168 propositum
618 1108 727 1152 mihi
755 1107 842 1153 fuit
869 1121 1003 1168 quam
1042 1115 1092 1153 ut
1119 1107 1253 1153 verba
1287 1107 1526 1168 scriptoris
1554 1108 1608 1152 ad
1636 1107 1768 1154 fidem

153 1178 323 1224 codicis
349 1178 545 1224 Parisini
572 1178 839 1224 Mazarinaei
875 1177 1078 1236 (1430),
1118 1179 1280 1238 scripti
1317 1179 1362 1223 in
1398 1178 1673 1224 membranis
1701 1192 1770 1223 se-

151 1248 254 1294 culo
282 1249 484 1305 decimo,
526 1250 586 1293 ita
614 1248 869 1294 exhiberem
908 1255 958 1293 ut
982 1263 1075 1294 non
1110 1249 1380 1295 liscederem
1415 1248 1469 1295 ab
1497 1262 1550 1294 eo
1578 1248 1666 1293 nisi
1693 1249 1769 1294 ubi

152 1318 344 1364 aliorum
392 1319 600 1365 codicum
644 1317 866 1365 lectiones
913 1319 1198 1379 praeferendi
1251 1321 1369 1365 ratio
1416 1319 1578 1365 idonea
1622 1326 1767 1364 esset:

152 1388 531 1448 quemadmodum
560 1396 662 1434 ante
690 1403 758 1434 me
787 1389 896 1435 fecit
915 1388 1133 1434 Albertus
1154 1388 1478 1450 Schweglerus
1503 1391 1549 1434 in
1572 1388 1769 1434 editione

152 1457 431 1518 Tubingensi
469 1473 508 1505 a.
551 1457 701 1507 1852.
770 1458 897 1504 Hunc
941 1461 1059 1503 enim
1097 1459 1296 1505 codice'n
1332 1460 1518 1520 reliquis
1557 1459 1768 1505 omnibus

152 1527 290 1587 longe
326 1535 561 1589 praestare
598 1530 684 1573 iam
712 1528 933 1575 Henricus
961 1529 1166 1575 Valesius
1204 1536 1524 1590 perspexerat,
1562 1529 1640 1573 sed
1674 1543 1767 1574 non

149 1607 442 1660 persuaserat
503 1598 756 1644 editoribus
775 1634 785 1649 ,
849 1599 997 1644 donec
1056 1606 1224 1645 rectam
1289 1601 1403 1644 viam
1453 1599 1768 1657 ingrederetur

150 1667 502 1729 Schweglerus,
552 1667 849 1730 probantibus
891 1669 1183 1728 peritissimis
1227 1669 1485 1728 quibusque
1520 1667 1763 1726 iudicibus,

148 1742 267 1785 inter
293 1753 409 1798 quos
435 1739 487 1785 R.
513 1740 563 1785 A.
592 1739 771 1799 Lipsius
799 1746 887 1798 est,
927 1740 1004 1799 qui
1031 1739 1148 1785 hanc
1174 1738 1489 1799 quaestionem
1516 1738 1761 1798 aliquoties

147 1807 368 1869 tetigit*).
435 1809 525 1855 Hos
545 1816 697 1854 autem
728 1809 845 1854 intra
877 1808 989 1854 fines
1015 1809 1255 1863 editorum,
1285 1809 1420 1869 siqui
1442 1816 1598 1878 erunt,
1627 1823 1766 1868 opera

145 1879 370 1926 contineri
395 1878 578 1925 debebit
602 1879 748 1926 donec
767 1879 1085 1940 perfectiorem
1104 1879 1282 1939 fideque
1308 1879 1558 1939 digniorem
1603 1879 1764 1924 borum

144 1950 366 1996 libroruin
394 1951 704 1996 recensionem
733 1950 967 2010 suscipere
992 1950 1125 1997 liceat
1153 1957 1373 2009 apparatu
1408 1950 1566 1996 critico
1595 1950 1639 1994 in
1666 1963 1761 1994 eain

148 2035 283 2080 quam
332 2019 539 2066 hodierni
585 2022 860 2080 scriptorum
902 2027 1106 2066 veterum
1142 2020 1342 2066 editores
1377 2020 1618 2080 requirunt
1668 2019 1761 2064 l'or-

146 2105 261 2137 mam
301 2091 512 2149 redacto,
559 2105 582 2135 a
618 2105 706 2150 quo
751 2105 872 2137 nunc
906 2090 1043 2152 longe
1089 2090 1331 2149 absumus,
1380 2103 1520 2150 quum
1563 2090 1761 2135 editores

147 2161 340 2207 multum
369 2161 549 2221 quidem
578 2174 745 2222 operae
772 2163 818 2206 in
845 2161 1130 2221 congerenda
1157 2162 1344 2206 materia
1373 2160 1525 2206 inutili
1553 2173 1762 2206 consum-

147 2231 316 2291 serint,
354 2232 608 2291 graviorem
635 2245 741 2277 vero
778 2239 824 2277 et
850 2231 1079 2278 utiliorem
1105 2231 1274 2277 laboris
1301 2238 1478 2292 partem
1504 2231 1759 2276 inchoatam

145 2301 243 2347 aliis
290 2301 609 2362 perficIendam
653 2302 935 2362 reliquerint.
1004 2302 1065 2347 Ex
1109 2316 1198 2362 quo
1244 2314 1417 2361 genere
1454 2307 1525 2346 est
1566 2314 1680 2346 nova
1716 2307 1761 2345 et

145 2373 403 2419 accuratior
430 2371 600 2419 codicis
627 2371 894 2418 Mazarinaei
919 2371 1120 2432 collatio,
1160 2371 1339 2432 qualem
1367 2385 1481 2432 ego,
1517 2385 1638 2416 nunc
1666 2378 1759 2415 tur—

142 2442 212 2487 bis
239 2441 413 2488 bellicis
441 2444 767 2503 interruptam,
806 2443 883 2488 sed
914 2450 1116 2503 tempore
1145 2450 1405 2502 opportuno
1429 2440 1757 2495 resumendam,

146 2514 192 2558 in
221 2512 514 2558 annotatione
541 2513 700 2560 critica
728 2512 975 2559 exhibebo.
1003 2526 1054 2558 ex
1076 2527 1163 2573 qua
1190 2512 1480 2572 intelligetur
1505 2511 1756 2556 dissensum

146 2584 223 2642 qui
250 2597 371 2629 nunc
398 2583 575 2628 videtur
604 2583 773 2629 codicis
800 2583 854 2629 ab
882 2584 981 2629 aliis
1008 2583 1210 2629 eiusdem
1245 2581 1440 2628 familiae
1467 2581 1595 2627 libris
1622 2595 1757 2640 saepe

144 2653 318 2699 nullum
349 2667 448 2698 esse
476 2661 521 2699 et
548 2653 631 2699 alia
659 2653 801 2700 multa
827 2661 1164 2714 cognoscentur
1189 2652 1244 2698 de
1272 2652 1436 2713 quibus
1464 2651 1661 2698 editores
1689 2650 1754 2694 vel

253 2788 294 2840 ²¹⁶)
335 2790 480 2842 Liter.
512 2789 824 2832 Centralblatt
862 2804 904 2833 a.
939 2791 1049 2832 1860
1079 2803 1145 2830 nr.
1175 2791 1232 2830 44
1272 2803 1314 2842 p.
1347 2789 1444 2830 689.
1489 2789 1593 2829 1861
1628 2799 1693 2826 nr.
1728 2787 1752 2823 8

140 2859 182 2898 p.
218 2847 311 2887 133.
348 2847 454 2888 1862
487 2859 553 2888 nr.
586 2849 639 2888 33
672 2860 715 2899 p.
747 2848 846 2890 689.
879 2847 989 2888 1868
1019 2860 1086 2886 nr.
1118 2848 1173 2886 44
1205 2859 1245 2898 p.
1281 2845 1403 2885 1180.

1430 2932 1452 2962 a
