2032 3174
527 741 597 818 E
627 741 698 817 T
730 741 798 818 Σ
833 741 901 816 Ε
934 741 1001 817 Β
1034 739 1071 818 Ι
1107 740 1178 818 Ο
1210 742 1282 818 T

615 899 761 954 ΤοΥ
805 899 1197 955 ΠΑΜΦΙΛΟΥ

291 1049 1062 1090 ΕΚΚΑΗΣΙΑΣΤΙΚΗΣ
1109 1049 1507 1090 ΙΣΤΟΡΙΑΣ

743 1162 954 1203 ΛΟΓΟΣ
998 1162 1047 1202 Α.

223 1401 259 1449 Ι.
320 1389 424 1456 Τὰς
465 1392 576 1446 τῶν
617 1393 783 1462 ἱερῶν
821 1386 1144 1446 ἀποστόλων
1176 1388 1435 1462 διαδοχὰς
1476 1390 1582 1447 σὺν
1613 1394 1703 1447 καὶ
1727 1416 1746 1447 5

91 1487 208 1540 τοῖς
239 1469 345 1530 ἀπὸ
377 1479 474 1530 τοῦ
515 1477 759 1547 σωτῆρος
797 1469 955 1547 ἡμῶν
987 1476 1076 1530 καὶ
1120 1479 1197 1540 εἰς
1228 1470 1368 1546 ἡμᾶς
1410 1477 1705 1548 διηνυσμέ-

97 1581 210 1625 νοις
234 1556 471 1630 χρόνοις,
495 1557 597 1615 ὅσα
619 1581 678 1615 τε
705 1559 795 1614 καὶ
819 1565 1024 1630 πηλίκα
1047 1561 1545 1632 πραγματευθῆναι
1569 1559 1705 1616 κατὰ

91 1641 195 1715 τὴν
236 1641 692 1715 ἐκκλησιαστικὴν
736 1647 985 1715 ἱστορίαν
1016 1643 1259 1714 λέγεται,
1302 1644 1392 1698 καὶ
1423 1641 1541 1698 ὅσοι
1571 1642 1707 1700 ταύ-

24 1747 27 1749 ·
91 1751 189 1799 της
222 1730 537 1800 διαπρεπῶς
572 1729 632 1784 ἐν
661 1741 780 1793 ταῖς
811 1725 1045 1799 μάλιστα
1071 1724 1490 1800 ἐπισημοτάταις
1510 1749 1707 1799 παροι-

92 1818 237 1878 κίαις
259 1809 536 1883 ἡγήσαντό
557 1835 616 1869 τε
640 1813 730 1868 καὶ
748 1815 1112 1884 προέστησαν,
1129 1808 1248 1868 ὅσοι
1270 1835 1329 1868 τε
1347 1810 1482 1867 κατὰ
1506 1810 1706 1883 γενεὰν
1728 1838 1768 1870 10

91 1894 329 1970 ἑκάστην
357 1892 619 1969 ἀγράφως
650 1893 684 1968 ἢ
714 1898 806 1953 καὶ
833 1894 924 1952 διὰ
947 1894 1391 1970 συγγραμμάτων
1419 1893 1515 1953 τὸν
1545 1906 1706 1952 θεῖον

94 1981 475 2053 ἐπρέσβευσαν
515 1979 710 2053 λόγον,
751 1986 899 2046 τίνες
937 2003 997 2037 τε
1039 1982 1129 2037 καὶ
1170 1979 1289 2037 ὅσοι
1329 1982 1431 2036 καὶ,
1465 1978 1705 2052 ὁπηνίκα

93 2070 514 2137 νεωτεροποιίας
555 2068 726 2143 ἱμέρῳ
765 2063 978 2137 πλάνης
1019 2071 1097 2131 εἰς
1139 2070 1368 2138 ἔσχατον
1411 2062 1703 2130 ἐλάσαντες

94 2147 469 2222 ψευδωνύμου
498 2148 757 2222 γνώσεως
790 2147 1079 2223 εἰσηγητάς
1104 2147 1334 2216 ἑαυτούς
1357 2147 1701 2221 άνακεκηρύ-

92 2250 281 2305 χασιν,
313 2230 557 2306 ἀφειδῶς
587 2231 676 2292 οἶα
706 2232 864 2292 λύκοι
894 2241 1085 2308 βαρεῖς
1132 2234 1233 2306 τὴν
1265 2236 1508 2307 Χριστοῦ
1538 2239 1703 2306 ποίμ-
1728 2259 1766 2289 15

93 2340 198 2388 νην
223 2321 658 2392 ἐπεντρίβοντες,
690 2323 736 2376 2,
771 2317 907 2392 πρὸς
929 2321 1017 2376 ἐπὶ
1047 2318 1262 2385 τούτοις
1286 2320 1376 2375 καὶ
1402 2316 1466 2375 τὰ
1492 2340 1703 2389 παραυ-

92 2406 218 2457 τίκα
247 2406 343 2473 τῆς
373 2401 508 2459 κατὰ
547 2406 648 2460 τοῦ
687 2407 932 2477 σωτῆρος
971 2399 1129 2477 ἡμῶν
1175 2406 1472 2475 ἐπιβουλῆς
1502 2401 1562 2460 τὸ
1594 2405 1703 2458 πᾶν

91 2489 372 2543 τουδαίων
411 2492 576 2553 ἔθνος
616 2486 1013 2562 περιελθόντα,
1054 2487 1158 2545 ὅσα
1196 2511 1256 2545 τε
1297 2479 1368 2545 αὗ
1408 2489 1500 2544 καὶ
1539 2485 1703 2543 ὁποῖα

91 2571 184 2625 καὶ
226 2567 360 2627 καθ’
393 2566 489 2638 οὕς
528 2570 760 2646 χρόνους
796 2572 931 2647 πρὸς
972 2576 1084 2630 τῶν
1129 2576 1316 2630 ἐθνῶν
1355 2570 1560 2638 ὁθεῑος
1606 2593 1705 2627 πε-

91 2655 390 2726 πολέμηται
431 2653 619 2728 λόγος,
662 2658 754 2714 καὶ
794 2663 1015 2730 πηλίκοι
1055 2655 1193 2714 κατὰ
1232 2655 1457 2730 καιροὺς
1496 2655 1593 2713 τὸν
1625 2652 1696 2711 δι’
1727 2679 1766 2709 20

90 2741 317 2809 αἳματος
357 2741 448 2796 καὶ
492 2738 754 2811 βασάνων
782 2742 923 2815 ὑπὲρ
955 2740 1127 2799 αὐτοῦ
1167 2744 1463 2814 διεξῆλθον
1492 2738 1700 2812 ἀγῶνα,

90 2818 158 2875 τά
202 2818 253 2876 τ’
298 2824 387 2879 ἐπὶ
428 2823 641 2890 τούτοις
681 2828 772 2882 καὶ
814 2825 949 2883 καθ’
986 2822 1126 2899 ἡμᾶς
1167 2824 1369 2891 αὐτοὺς
1409 2822 1701 2898 μαρτύρια,

175 2926 406 2957 EUSEBIUS
439 2930 502 2959 IV·
1376 2917 1402 2966 1
