1986 3152
535 92 694 135 HIST.
727 91 978 132 ECCLES.
1010 93 1088 134 VI.
1121 96 1159 133 2.
1194 97 1230 134 3.
1581 93 1685 145 243

79 205 283 266 κανόνα
309 209 617 279 ἐκκλησίας,
651 207 1081 280 βδελυττόμενός
1107 231 1183 280 τε,
1217 207 1288 275 ὡς
1313 206 1463 286 αὐτῷ
1486 208 1686 284 ῥήματι

77 296 219 366 φησί
265 313 373 348 που
427 287 620 363 αὐτὸς,
674 289 768 358 τοὶς
819 295 931 350 τῶν
983 295 1253 366 αἱρέσεων
1307 298 1682 360 διδασκαλίας,

81 376 165 432 15.
206 376 508 448 προαχθεὶς
553 376 613 432 δὲ
653 373 761 432 ὑπὸ
802 382 902 433 τοῦ
942 375 1145 450 πατρὸς
1179 381 1237 434 ἐν
1268 391 1380 444 τοῖς
1405 373 1686 450 Ἑλλήνων

75 457 430 533 μαθήμασιν,
483 458 859 532 ἐκθυμότερόν
909 484 966 516 τε
1015 464 1105 518 καὶ
1150 461 1288 535 μετὰ
1329 461 1431 534 τὴν
1470 466 1684 520 ἐκείνου

75 542 338 616 τελευτὴν
379 547 443 618 τῇ
486 546 612 617 περὶ
652 542 779 610 τούς
811 543 1006 616 λόγους
1038 544 1267 618 ἀσκήσει
1297 544 1428 603 ὅλον
1461 545 1682 613 ἐπιδοὺς
1706 564 1726 596 5

77 625 304 698 ἑαυτὸν,
347 626 419 694 ὥς
461 629 551 684 καὶ
595 627 954 700 παρασκευὴν
997 632 1083 685 ἐπὶ
1126 628 1191 686 τά
1231 630 1575 703 γραμματικά
1617 628 1684 688 οὐ

73 717 304 784 μετρίαν
346 718 519 784 ἔχειν,
559 709 680 784 μετ’
713 709 779 768 οὐ
810 712 953 769 πολὺ
984 718 1077 784 τῆς
1110 717 1207 770 τοῦ
1239 713 1440 786 πατρὸς
1471 714 1685 773 τελειώ-

74 814 210 860 σεως
243 793 455 860 τούτοις
490 794 839 862 ἐπιδεδωκώς
871 796 1088 868 ἑαυτὸν,
1122 795 1356 872 ηὐπόρει
1382 801 1493 856 τῶν
1517 797 1684 871 ἄναγ-

76 884 279 951 καίων,
314 903 386 946 ως
420 883 480 936 ἐν
512 883 696 954 ἐκείνῃ
728 883 796 954 τῇ
824 876 1038 956 ἡλικία,
1074 885 1333 950 δαψιλως

199 974 279 1023 111.
336 973 462 1040 [Nic.
494 975 549 1023 H.
580 975 632 1023 E.
661 975 735 1032 IV,
763 973 809 1065 4.
837 973 916 1040 5.]
1002 964 1337 1038 Σχολάζοντι
1370 966 1430 1023 δε
1460 972 1525 1040 τῇ
1561 971 1681 1023 δια-

74 1052 266 1121 τριβῇ,
301 1045 372 1114 ὥς
403 1071 511 1104 που
543 1050 634 1105 καὶ
666 1045 828 1115 αυτὸς
861 1048 1149 1124 ἐγγράφως
1182 1055 1416 1152 ιστορει,
1447 1050 1686 1124 μηδενός

73 1156 130 1189 τε
173 1134 260 1188 ἐπὶ
304 1137 399 1204 τῆς
428 1130 841 1207 Ἀλεξανδρείας
883 1138 957 1209 τῷ
1000 1148 1258 1208 κατηχεῖν
1298 1132 1684 1208 ἀνακειμένου,

73 1215 298 1274 πάντων
341 1217 402 1273 δὲ
440 1214 872 1290 ἇπεληλαμένων
902 1215 1009 1275 ὑπὸ
1042 1222 1136 1291 τῆς
1168 1217 1397 1291 άπειλὴς
1428 1223 1527 1277 τοῦ
1558 1225 1684 1276 διω-

73 1303 242 1373 γμοῦ,
283 1299 602 1375 προσῄεσαν
644 1299 792 1377 αὐτῷ
833 1303 976 1369 τινες
1014 1299 1121 1359 άπὸ
1161 1306 1273 1360 τῶν
1306 1307 1491 1360 ἐθνῶν
1521 1301 1683 1361 άκου-

72 1383 296 1457 σόμενοι
334 1385 431 1443 τὸν
471 1383 636 1458 λόγον
675 1390 774 1443 τοῦ
813 1389 967 1444 θεοῦ.
1042 1392 1092 1443 2.
1138 1379 1216 1444 ὦν
1247 1391 1468 1461 πρῶτον
1489 1391 1682 1461 ’ἐπιση-

71 1475 324 1542 μαίνεται
366 1473 654 1542 γεγονέναι
685 1469 1075 1544 Πλούταρχον,
1116 1468 1177 1539 ὃς
1217 1470 1351 1545 μετά
1393 1471 1453 1529 τὸ
1485 1476 1683 1545 βιῶναι

71 1558 249 1619 καλῶς
298 1556 387 1610 καὶ
434 1561 720 1631 μαρτυρίᾳ)
764 1561 906 1631 θείῳ
947 1555 1362 1629 κατεκοσμήθη·
1421 1556 1683 1628 δεύτερον

63 1636 342 1709 Ἡρακλᾶν
371 1644 468 1695 τοῦ
502 1638 866 1712 Πλουτάρχου
897 1636 1171 1714 ἀδελφὸν,
1203 1638 1262 1708 ὃς
1295 1638 1363 1713 δὴ
1394 1643 1487 1698 καὶ
1518 1638 1682 1708 αὐτὸς

70 1745 181 1793 παρ
238 1720 387 1799 αὐτῷ
428 1730 694 1795 πλείστην
735 1731 864 1796 βίου
905 1723 1216 1797 φιλοσόφου
1258 1727 1348 1801 καὶ
1393 1722 1681 1798 ἀσκήσεως

72 1803 356 1874 ἀπόδειξιν
401 1825 702 1881 παρασχων
742 1811 837 1880 τῆς
870 1794 1277 1883 Ἀλεξανδρέων
1316 1807 1451 1883 μετὰ
1490 1809 1679 1883 Δημή-

70 1913 223 1962 τριον
264 1895 562 1964 ἐπισκοπῆς
596 1889 853 1960 ἀξιοῦται.
924 1897 971 1950 3.
1018 1899 1133 1959 ἔτος
1168 1892 1219 1950 δ’
1255 1895 1391 1966 ήγεν
1421 1891 1683 1952 ὀκτωκαι-

73 1977 330 2048 δέκατον,
372 1975 504 2033 καθ’
541 1972 572 2033 ὂ
611 1981 709 2034 τοῦ
747 1981 839 2050 τῆς
871 1976 1219 2051 κατηχήσεως
1253 1980 1490 2052 προέστη
1525 1983 1683 2035 διδα-

72 2065 347 2117 σκαλείου.
411 2063 471 2117 ἐν
503 2052 548 2136 ᾧ
577 2063 668 2118 καὶ
699 2060 996 2136 προκόπτει
1029 2064 1118 2119 ἐπὶ
1148 2066 1261 2119 τῶν
1290 2060 1426 2120 κατὰ
1447 2059 1682 2120 Ἀκύλαν

69 2145 164 2215 τῆς
191 2140 605 2219 Ἀλεξανδρείας
646 2143 958 2220 ἡγούμενον
1001 2151 1289 2220 διωγμῶν,
1329 2146 1420 2204 ὅτε
1461 2150 1552 2205 καὶ
1582 2147 1681 2221 μά-

70 2234 226 2285 λιστα
273 2227 570 2302 διαβόητον
613 2229 872 2303 ἐκτήσατο
914 2230 1062 2304 παρὰ
1105 2234 1240 2288 πᾶσι
1279 2246 1392 2299 τοῖς
1435 2229 1542 2289 ἀπὸ
1583 2235 1678 2304 τῆς

71 2318 304 2379 πίστεως
335 2311 672 2387 ὁρμωμένοις
703 2313 905 2388 ὄνομα,
939 2312 1015 2372 δι’
1050 2312 1121 2388 ἣν
1154 2319 1504 2374 ἐνεδείκνυτο
1543 2315 1679 2391 πρὸς

70 2391 312 2465 ἅπαντας
344 2396 471 2464 τούς
502 2397 694 2471 ἁγίους
724 2395 972 2470 άγνῶτάς
1002 2425 1061 2458 τε
1091 2402 1183 2457 καὶ
1206 2406 1520 2474 γνωρίμους
1544 2399 1681 2475 μάρἼ

70 2503 236 2555 τυρας
279 2485 535 2550 δεξίωσίν
575 2507 632 2548 τε
663 2485 754 2540 καὶ
786 2490 1125 2558 προθυμίαν.
1187 2489 1236 2542 4.
1272 2482 1339 2542 οὐ
1371 2483 1544 2558 μόνον
1575 2483 1678 2558 γάρ

74 2565 133 2621 ἐν
174 2571 392 2640 δεσμοῖς
434 2566 833 2640 τυγχάνουσιν,
875 2566 1007 2626 οὐδὲ
1048 2572 1235 2643 μέχρις
1274 2565 1509 2641 ὑστάτης
1547 2566 1679 2626 ἄπο-

1708 985 1748 1016 10

1707 1408 1746 1440 15

1704 1831 1745 1863 20

1702 2250 1743 2282 25

71 2647 287 2719 φάσεως
327 2648 779 2725 άνακρινομένοις
820 2656 1026 2725 συνῆν,
1067 2651 1205 2710 ἀλλὰ
1247 2655 1338 2710 καὶ
1379 2651 1514 2727 μετα
1544 2651 1677 2710 ταύ-
1700 2670 1740 2701 30

72 2755 171 2804 την
200 2733 566 2808 ἀπαγομένοις
596 2735 698 2809 τὴν
731 2739 819 2794 ἐπὶ
849 2736 1075 2814 θανάτῳ
1104 2751 1216 2804 τοῖς
1241 2733 1416 2810 ἁγίοις
1439 2736 1675 2811 μάρτυσι

71 2821 244 2892 πολλῇ
284 2825 349 2893 τῇ
390 2827 668 2896 παρρησίᾳ
710 2819 989 2894 χρώμενος
1021 2824 1112 2878 καὶ
1143 2820 1308 2894 ὁμόσε
1338 2835 1450 2887 τοῖς
1482 2819 1675 2877 κινδύ-

1319 2913 1421 2965 16*
