1986 3152
490 134 645 174 HIST.
676 134 926 176 ECCLES.
960 137 1038 177 1v.
1073 136 1254 176 26-28.
1574 135 1674 186 179

57 246 179 306 “ὅτι
208 273 267 307 τε
295 247 530 322 μάλιστα
562 248 789 307 πάντων
829 249 990 327 πόθῳ
1030 256 1106 326 τῷ
1145 253 1280 323 πρὸς
1321 249 1459 308 θεὸν
1498 255 1672 309 ταῦτα

57 329 436 407 “προκρίνεις,
479 337 605 407 περὶ
646 338 742 406 τῆς
773 341 1005 392 αἰωνίου
1036 341 1308 407 σωτηρίας
1339 334 1668 444 ἀγωνιζόμε-

56 413 199 484 “νος.
266 422 346 475 14.
387 414 647 476 ἆνελθων
687 419 791 476 οὐν
835 426 912 486 εἰς
951 418 1053 491 τὴν
1092 418 1395 492 ἀνατολὴν,
1438 423 1528 477 καὶ
1569 424 1671 487 ἕως

55 497 191 559 ητοῦ
221 500 396 559 τόπου
425 501 721 576 γενόμενος
754 499 894 561 ἔνθα
936 502 1221 576 ἐκηρύχθη
1262 529 1353 560 και
1396 503 1670 578 ἐπράχθη,

53 581 182 642 “nal
241 585 483 661 ἀκριβως
551 587 753 660 μαθών
820 587 885 643 τὰ
943 590 1038 660 τῆς
1097 594 1332 655 παλαιᾶς
1400 588 1670 661 διαθήκης
1693 612 1713 643 5

51 665 312 742 “βιβλία,
371 669 643 739 ὑποτάξας
695 670 914 744 ἔπεμψά
966 687 1078 727 σοι·
1141 697 1221 728 ων
1276 675 1387 729 ἐστὶ
1440 671 1504 729 τᾶ
1549 673 1671 730 ὀνό-

53 749 257 825 “ματα·
291 758 580 821 Μωυσέως
612 758 803 826 πέντε,
838 758 1090 827 Γένεσις,
1119 754 1368 828 ’Έξοδος,
1394 756 1669 830 Ἀριθμοὶ,

51 833 410 910 “Λευιτικὸν,
464 839 924 912 Δευτερονόμιον.
1003 836 1213 911 Ἰησοῦς
1275 845 1474 913 Ναυῆ,
1536 851 1670 912 Κρι-

53 918 208 994 “ταὶ,
245 919 434 980 εῬούθ
488 927 799 981 Βασιλειῶν
838 925 1106 997 τέσσαρα,
1160 927 1672 998 Παραλειπομένων

51 1001 207 1064 “δυό.
271 1010 517 1080 Ψαλμων
547 1009 767 1080 Δαβὶδ,
801 1012 1131 1081 Σολομῶνος
1156 1015 1478 1082 Παροιμίαι,
1513 1007 1547 1081 ἣ
1578 1012 1668 1066 καὶ
1695 1033 1735 1064 10

50 1085 297 1195 ΞΣοφιά,
316 1090 762 1165 Ἐκκλησιαστὴς,
779 1085 980 1166 Ἀισμα
997 1090 1327 1166 Ἀισμάτων,
1356 1091 1488 1165 Ἰωβ
1525 1104 1670 1167 Προ-

50 1171 307 1248 “φητων,
353 1175 612 1248 “Ησαΐου,
646 1177 935 1250 Ιερεμίου·
990 1202 1103 1235 των
1144 1177 1362 1235 δώδεκα
1405 1181 1463 1234 ἐν
1502 1202 1670 1251 μονο-

50 1257 290 1338 “βίβλςο
334 1260 586 1333 Δανιὴλ,
625 1259 905 1334 Ἰεζεκιὴλ,
935 1260 1189 1333 Ἐσδρας.
1255 1266 1307 1330 ἐξ
1341 1287 1421 1319 ων
1452 1267 1544 1318 καὶ
1574 1287 1669 1330 τας

50 1339 315 1417 “ἐκλογὰς
349 1344 707 1418 ἐποιησάμην,
742 1353 818 1413 εἰς
851 1349 906 1414 ἓξ
938 1353 1130 1418 βιβλία
1164 1343 1421 1403 διελών.”
1476 1349 1569 1403 καὶ
1600 1346 1668 1404 τοὶ

56 1429 157 1501 μὲν
185 1433 283 1486 τοῦ
313 1435 638 1496 Μελίτωνος
669 1435 922 1488 τοσαῦτα.
974 1472 985 1480 -
1690 1452 1730 1483 15

184 1524 370 1574 XXVII.
435 1524 561 1590 [Nic.
590 1526 647 1574 H.
678 1526 730 1575 E.
759 1527 844 1583 IV,
877 1524 983 1591 11.]
1056 1519 1165 1573 Τοῦ
1199 1515 1261 1571 δὲ
1281 1512 1668 1587 Ἀπολιναρίου

0 1637 1 1643 ,
57 1601 278 1655 πολλῶν
301 1598 450 1671 παρὰ
472 1607 695 1666 πολλοῖς
720 1602 1046 1671 σωζομένων
1068 1598 1133 1656 τοὶ
1159 1605 1237 1666 εἰς
1263 1595 1403 1672 ἡμᾶς
1429 1599 1668 1656 ἐλθόντα

57 1683 171 1738 ἐστὶ
203 1680 357 1740 τάδε·
400 1682 558 1755 λόγος
589 1679 617 1739 ὁ
648 1681 784 1755 πρὸς
814 1683 910 1740 τὸν
943 1687 1234 1758 εἰρημένον
1274 1686 1531 1757 βασιλέα,
1575 1686 1668 1740 καὶ

55 1765 190 1838 πρὸς
218 1763 487 1840 1Έλληνας
527 1766 927 1841 συγγράμματα
969 1771 1162 1839 πέντε,
1219 1771 1312 1824 καὶ
1364 1770 1491 1842 περὶ
1531 1765 1668 1840 ἄλη-

54 1856 214 1918 θείας
245 1856 465 1926 πρῶτον
487 1854 578 1909 καὶ
606 1851 885 1925 δεύτερον,
919 1856 1009 1909 καὶ
1033 1843 1168 1926 πρὸς
1194 1849 1497 1919 Ἰουδαίους
1520 1855 1667 1926 πρῶ-
1689 1872 1731 1905 20

53 1958 151 1992 τον
181 1938 274 1992 καὶ
307 1934 586 2011 δεύτερον,
629 1939 720 1993 καὶ
751 1934 785 1992 ἃ
815 1935 949 2010 μετά
980 1940 1152 1994 ταῦτα
1182 1940 1501 2010 συνέγραψε
1531 1935 1668 1994 κατὰ

55 2024 150 2092 τῆς
190 2024 302 2078 τῶν
335 2024 578 2093 Φρυγῶν
618 2024 881 2093 αἱρέσεως
921 2021 1036 2094 μετ’
1085 2020 1151 2079 οὐ
1199 2022 1377 2078 πολὺν
1421 2046 1664 2078 καινοτο-
1696 2068 1703 2072 .

54 2112 327 2178 μηθείσης
356 2103 587 2179 χρόνον,
629 2105 748 2163 τότε
789 2131 850 2178 γε
880 2104 992 2178 μὴν
1023 2103 1207 2178 ὥσπερ
1241 2107 1471 2178 ἐκφύειν
1501 2103 1667 2178 ἄρχο-

45 2193 250 2263 έμένης,
284 2197 363 2247 ἔτι
393 2194 491 2248 τοῦ
520 2196 826 2248 Μοντανοῦ
859 2188 971 2264 ἅμα
1000 2204 1119 2257 ταῖς
1152 2188 1325 2248 αὐτοῦ
1356 2197 1666 2264 ψευδοπρο-

44 2271 284 2346 φήτισιν
314 2271 482 2348 ἀρχὰς
512 2277 608 2347 τῆς
639 2278 1023 2349 παρεκτροπῆς
1055 2279 1405 2346 ποιουμένου.
1688 2292 1730 2324 25

184 2369 388 2418 XXVIII.
433 2370 559 2436 [Nic.
586 2371 646 2419 H.
675 2370 730 2420 E.
759 2371 844 2427 IV,
878 2370 984 2436 1-1.]
1055 2361 1166 2417 Καὶ
1222 2362 1534 2417 ,Μουσανοῦ
1585 2360 1665 2429 δὲ,

54 2437 124 2501 τδν
165 2447 224 2499 ἐν
263 2457 376 2510 τοῖς
416 2442 672 2516 φθάσασι
710 2446 1102 2517 κατελέξαμεν,
1156 2448 1388 2518 φέρεταί
1425 2468 1503 2510 τις
1548 2448 1667 2499 ἐπι-

60 2526 519 2600 στρεπτικώτατος
545 2527 706 2600 λόγος
732 2527 867 2600 πρός
898 2553 1051 2595 τινας
1075 2527 1226 2606 αὐτῷ
1251 2530 1482 2602 γραφεὶς
1507 2526 1665 2583 ἀδελ-

58 2611 226 2684 φοὺς,
271 2608 676 2679 ἀποκλίναντας
709 2615 798 2670 ἐπὶ
827 2612 928 2685 τὴν
959 2615 1070 2669 τῶν
1101 2616 1414 2686 λεγομένων
1438 2611 1667 2684 Ἐγκρα-

58 2693 235 2767 τητῶν
266 2701 507 2770 αἵρεσιν,
539 2695 662 2770 ἄρτι
692 2696 814 2754 τότε
845 2697 1011 2770 φύειν
1042 2696 1381 2770 ἀρχομένην,
1414 2699 1577 2768 ξένην
1607 2719 1665 2779 τε
1688 2711 1728 2742 30

61 2781 150 2835 καὶ
182 2787 529 2853 φθοριμαίαν
559 2784 931 2849 ψευδοδοξίαν
964 2781 1300 2853 εἰσάγουσαν
1330 2784 1406 2856 τῷ
1436 2786 1568 2855 βίῳ,
1601 2780 1664 2849 ἦς’

60 2871 438 2938 παρεκτροπῆς
456 2863 697 2939 ἀρχηγὸν
713 2870 1048 2937 καταστῆναι
1068 2873 1118 2922 Τ
1112 2863 1338 2922 ατιανὸν
1355 2863 1516 2935 λόγος
1535 2870 1661 2934 ἔχει·

1305 2955 1409 3006 12’”ξς
