1986 3152
287 117 386 168 182
954 116 1201 156 EUSEBII

283 237 479 288 τοῦτον
508 236 842 303 μυθοποιίας
873 229 1201 302 ἀπελέγξας,
1236 230 1414 288 ἐδόκει
1444 236 1546 305 μέν
1578 255 1693 299 πως
1725 229 1890 300 αὐτὸς

284 319 459 391 ἑαυτῷ
493 316 582 371 ἐπὶ
611 313 713 387 τὴν
742 313 1049 387 ὀρθοτέραν
1079 313 1307 387 γνῶμην
1336 326 1792 389 μετατεθεῖσθαι,
1824 317 1892 374 οὐ

283 399 393 472 μὴν
425 403 706 464 παντελῶς
736 421 799 470 γε
832 395 1189 473 ἀπερρύψατο
1221 399 1318 457 τὸν
1346 403 1440 472 τῆς
1479 403 1713 467 παλαιοῖς
1745 403 1891 473 αἱρέ-

284 503 424 550 σεως
457 481 650 556 ῥύπον.
716 486 775 540 ἐν
815 480 991 559 τούτῳ
1031 507 1094 554 γε
1132 481 1243 555 μὴν
1286 487 1378 541 καὶ
1419 480 1447 541 ὁ
1490 487 1586 557 τῆς
1610 481 1891 558 Ῥωμαίων

239 591 260 621 5
286 571 571 640 ἐκκλησίας
600 571 893 634 ἐπίσκοπος
913 564 1112 640 Σωτὴρ
1136 572 1377 644 τελευτᾷ.

896 973 1180 1013 ΛΟΓΟΣ
1234 975 1283 1013 Ε.

416 1068 781 1152 [Προοίμιον]
826 1070 880 1132 Ὁ
910 1075 1011 1147 μὲν
1041 1067 1142 1130 οὖν
1172 1077 1267 1145 τῆς
1289 1069 1571 1146 Ῥωμαίων
1603 1078 1894 1146 ἐκκλησιάς

285 1158 821 1231 ἐπίσκοπος’Σωτὴρ
865 1160 951 1214 ἐπὶ
991 1156 1191 1229 ὄγδοον
1245 1165 1360 1225 ἔτος
1412 1157 1757 1231 ἡγησάμενος
1807 1181 1891 1215 τε·

284 1248 450 1317 λευτᾷ
481 1242 577 1300 τὸν
609 1249 748 1314 βίον.
811 1247 1009 1300 τοῦτον
1043 1245 1350 1308 δωδέκατος
1381 1239 1490 1298 ἀπὸ
1521 1246 1633 1299 τῶν
1663 1239 1892 1299 αποστό-

285 1336 397 1384 λων
421 1325 749 1400 Ἐλεύθερος
782 1330 1117 1399 διαδέχεται
1160 1332 1276 1393 ἔτος
1309 1323 1365 1383 δ’
1399 1318 1470 1399 ἦν
1502 1328 1893 1384 ἑπτακαιδέκα-

220 1435 261 1468 10
284 1436 380 1468 τον
422 1408 825 1484 αὐτοκρατορος
862 1408 1196 1468 Ἀντωνίνου
1242 1407 1496 1484 Οὖήρου,
1552 1414 1611 1467 ἐν
1663 1403 1708 1487 ᾦ
1758 1435 1895 1468 κατα

281 1521 405 1553 τινα
434 1499 572 1569 μέρη
602 1499 697 1567 τῆς
728 1499 828 1568 γῆς
859 1494 1235 1569 σφοδρότερον
1265 1492 1766 1570 αναρριπισθέντος
1794 1499 1894 1552 τοῦ

282 1580 415 1638 καθ’
461 1579 619 1654 ἡμῶν
665 1584 910 1654 διωγμοῦ
954 1584 1007 1648 ἐξ
1051 1582 1354 1645 ἐπιθέσεως
1395 1585 1507 1637 τῶν
1534 1577 1674 1636 κατα
1706 1577 1894 1645 πόλεις

283 1664 476 1738 δήμων
505 1663 779 1739 μυριάδας
809 1663 1110 1738 μαρτύρων
1141 1661 1248 1721 ἆνὰ
1277 1663 1379 1737 τὴν
1409 1666 1744 1735 οἰκουμένην
1776 1669 1892 1720 δια·

284 1752 517 1821 πρέψαι,
561 1752 853 1825 στοχασμςό
892 1755 1089 1821 λαβεῖν
1120 1755 1338 1805 ἔνεστιν
1369 1745 1476 1806 ἀπὸ
1506 1751 1619 1805 τῶν
1651 1744 1785 1805 καθ’
1832 1752 1892 1804 ἓν

223 1859 262 1890 15
286 1842 451 1901 ἔθνος
493 1833 955 1907 συμβεβηκότων,
1011 1859 1045 1890 α
1086 1836 1178 1890 καὶ
1222 1835 1412 1906 γραφῆ
1451 1845 1565 1898 τοῖς
1606 1833 1896 1904 μετέπειτα

284 1924 705 1991 παραδοθῆναι,
757 1915 999 1991 ἄλήστου
1037 1917 1281 2025 μνήμης
1297 1942 1370 1985 ως
1422 1915 1648 1990 ἀληθῶς
1701 1914 1895 1984 ἐπαξια

283 2000 443 2071 ὄντα,
478 2005 808 2075 συμβέβηκε
870 2007 918 2059 2.
955 2009 1050 2075 τῆς
1081 2027 1183 2075 μεν
1213 2002 1316 2060 οὐν
1347 2025 1472 2077 περι
1503 2000 1714 2059 τούτων
1748 2004 1891 2058 ἐντῶ

284 2086 544 2159 λεστατης
574 2083 905 2159 υφηγήσεως
935 2081 994 2144 τὸ
1027 2091 1139 2144 πᾶν
1170 2086 1502 2160 σύγγραμμα
1531 2088 1598 2159 τῇ
1628 2087 1741 2141 τῶν
1761 2108 1888 2157 μαρ-

285 2169 469 2242 τύρων
500 2167 634 2242 ἡμῖν
665 2172 1055 2228 κατατέτακται
1095 2173 1424 2243 συναγωγῇ,
1467 2167 1569 2241 οὐχ
1611 2167 1896 2240 ἱστορικὴν

220 2278 263 2310 ‘20
286 2251 421 2312 αὐτὸ
451 2253 652 2354 μόνον,
686 2251 826 2310 ἄλλα
859 2256 951 2310 καὶ
985 2251 1383 2325 διδασκαλικὴν
1413 2256 1669 2326 περιέχον
1700 2251 1897 2324 διήγη-

285 2358 389 2395 σιν.
445 2335 619 2395 ὁπόσα
652 2341 717 2410 γέ
742 2362 824 2395 τοι
855 2341 950 2409 τῆς
980 2336 1262 2410 παρούσης
1295 2343 1468 2411 ἔχοιτο
1500 2343 1895 2410 πραγματείας,

284 2419 441 2480 ταῦτ’
486 2425 573 2479 ἐπὶ
613 2425 712 2481 τοῦ
751 2421 1019 2495 παρόντος
1051 2419 1452 2494 αναλεξαμενος
1483 2420 1892 2495 παραθήσομαι.

284 2512 333 2563 3.
384 2505 542 2563 α’λλοι
594 2508 697 2579 μὲν
750 2507 852 2564 οὐν
905 2504 1183 2580 ἱστορικας
1235 2505 1557 2578 ποιούμενοι
1612 2503 1896 2577 διηγήσεις

286 2590 506 2658 πάντως
538 2588 608 2648 ἂν
639 2593 970 2662 παρέδωκαν
999 2593 1068 2664 τῇ
1095 2615 1284 2664 γραφη
1317 2592 1572 2663 πολέμων
1595 2595 1771 2659 νίκας,
1803 2590 1893 2644 καὶ

220 2697 264 2730 25
289 2674 525 2749 τρόπαια
557 2673 677 2731 κατ’
727 2679 974 2748 ἐχθρῶν,
1017 2679 1340 2747 στρατηγῶν
1369 2699 1427 2732 τε
1457 2671 1763 2747 ἀριστείοις,
1805 2673 1895 2728 καὶ

287 2759 533 2817 ὁπλιτῶν
584 2758 996 2833 ἀνδραγαθίας,
1051 2765 1240 2833 αἵματι
1292 2761 1384 2816 καὶ
1436 2764 1653 2831 μυριόις
1705 2755 1896 2829 φόνοις

290 2850 509 2902 παίδων
552 2846 641 2901 καὶ
685 2848 947 2917 πατρίδος
989 2846 1080 2900 καὶ
1121 2848 1217 2915 τῆς
1258 2841 1425 2915 ἄλλης
1459 2845 1648 2900 ἕνεκεν
1678 2862 1897 2911 περιου-
