1986 3152
0 2279 2 2334 ἰ

543 99 699 140 HIST.
730 99 978 142 ECCLES.
1011 100 1060 141 v.
1095 102 1162 142 20.
1196 103 1259 142 21.
1601 99 1703 153 227

93 211 594 287 “συναναστροφὴν
649 212 720 281 ὡς
772 212 1084 287 ἀπήγγελλε
1136 218 1225 272 καὶ
1272 214 1372 288 τὴν
1415 216 1551 290 μετὰ
1595 221 1707 275 τῶν

90 296 338 355 “λοιπῶν
368 302 480 355 τῶν
513 297 861 400 ἑωρακότων
873 298 970 356 τὸν
1000 297 1213 374 κύριον,
1247 303 1338 357 καὶ
1367 324 1439 367 ως
1463 297 1705 374 ἀπεμνη-

87 381 332 489 ἶμόνευε
373 382 500 449 τούς
545 381 742 454 λόγους
789 379 1004 486 αυτῶν,
1053 387 1144 441 καὶ
1187 387 1314 458 περὶ
1359 388 1457 441 τοῦ
1503 391 1704 460 κυρίου

87 462 250 523 “ulva
303 468 372 538 ἠν
422 462 457 522 ἃ
508 466 637 540 παρ’
691 470 920 524 ἐκείνων
971 466 1222 541 ἀκηκόει,
1278 470 1368 526 καὶ
1422 472 1547 542 περὶ
1592 475 1705 526 τῶν

86 549 421 623 “δυνάμεων
470 549 670 622 αὐτοῦ,
724 553 816 607 καὶ
865 554 990 623 περι
1040 556 1134 624 τῆς
1188 557 1574 626 διδασκαλίας,
1629 552 1745 620 ὠς5

87 630 273 709 “παρὰ
323 638 434 692 τῶν
485 630 777 692 αὐτοπτῶν
825 639 919 706 τῆς
970 638 1106 707 ζωῆς
1154 641 1251 693 τοῦ
1306 636 1473 710 λόγου
1516 661 1704 712 παρει-

87 714 312 791 “amorim
360 718 388 775 6
433 717 801 793 Πολύκαρπος
849 716 1161 791 ἀπήγγελλε
1205 719 1385 777 πάντα
1428 719 1702 794 σύμφωνα

83 801 240 869 “tate
282 816 535 875 γραφαῖς.
601 807 643 858 7.
685 808 856 860 ταῦτα
898 805 991 859 καὶ
1033 802 1154 860 τότε
1195 804 1286 860 διὰ
1325 803 1384 861 τὸ
1428 810 1576 870 ἕλεος
1607 808 1706 862 τοῦ

84 885 262 943 “θεοῦ
301 886 360 943 τό
402 885 485 942 ἐπ’
525 888 641 959 ἐμοὶ
683 886 909 958 γεγονὸς
941 893 1259 955 σπουδαίως
1291 888 1527 960 ἤκουον,
1569 887 1703 946 ὑπο-

83 966 582 1044 “μνηματιζόμενος
614 969 752 1029 αὐτοὶ
783 968 884 1028 οὐκ
917 975 976 1030 ἐν
1006 970 1206 1046 χάρτῃ,
1250 971 1372 1029 ἀλλ’
1412 977 1471 1030 ἐν
1502 978 1568 1046 τῇ
1602 975 1701 1046 ἐμῇ
1725 1000 1766 1032 10

84 1053 351 1131 “καρδία,
394 1058 483 1111 καὶ
529 1053 616 1111 ἀεὶ
660 1052 750 1112 διὰ
793 1053 895 1128 τὴν
935 1054 1098 1129 χάριν
1141 1061 1239 1114 τοῦ
1281 1061 1422 1114 θεοῦ
1461 1064 1703 1130 γνησίως

83 1136 260 1196 “αὕτά
301 1138 764 1213 ἆναμαρυκῶμαι·
812 1142 902 1197 καὶ
947 1139 1186 1214 δύναμαι
1220 1140 1703 1216 διαμαρτύρασθαι

82 1218 440 1330 :8yn900‘2‘38v
491 1227 590 1281 τοῦ
643 1230 811 1296 θεοῦ,
865 1223 947 1281 ὅτι
1001 1234 1144 1282 εἴτι
1185 1229 1436 1283 τοιοῦτον
1479 1224 1702 1298 ἀκηκόει

82 1306 329 1374 “ε’κεῖνος
372 1307 400 1364 6
442 1332 707 1381 μακαριος
758 1310 848 1365 καὶ
898 1306 1257 1376 αποστολικὸς
1308 1308 1700 1419 πρεσβύτερος,

80 1390 147 1412 (θ’

121 1391 429 1465 ανακραξας
472 1417 543 1450 αν
582 1395 672 1449 καὶ
701 1391 994 1494 ἐμεῖφραξας
1034 1393 1099 1450 τὰ
1135 1395 1245 1451 ὠτα
1277 1393 1475 1465 αὐτοῦ,
1518 1397 1607 1451 καὶ
1639 1394 1698 1451 τὸ
1722 1420 1763 1452 15

82 1472 362 1549 “συ’νηθες
396 1473 543 1552 αυτῷ
577 1476 750 1535 εἰπών
773 1473 838 1533 ’ὠ
870 1478 1000 1534 καλε
1030 1478 1156 1550 θεε,
1192 1484 1268 1544 εἰς
1298 1484 1450 1545 οιόυς
1481 1503 1548 1552 με
1579 1503 1700 1536 και-

79 1558 250 1668 Σῖρούς
281 1559 600 1634 τετήρηκας,
640 1567 734 1619 ἵνα
763 1560 980 1619 τούτων
1010 1559 1300 1636 ἀνέχωμαί
1333 1561 1600 1636 πεφεύγει
1631 1588 1701 1620 αν

81 1642 209 1748 :noel
250 1644 346 1702 τὸν
385 1644 555 1702 τόπον
598 1649 656 1702 ἐν
698 1638 742 1721 ᾧ
784 1644 1148 1719 καθεζόμενος
1179 1642 1212 1719 ἢ
1247 1645 1414 1713 ἕστως
1444 1651 1556 1705 τῶν
1586 1671 1700 1705 τοι-

81 1726 300 1786 “ου’των
341 1727 566 1801 ακηκόει
606 1729 801 1802 λόγων.
865 1736 910 1787 8.
946 1733 1037 1787 καὶ
1070 1734 1128 1787 ἐκ
1158 1755 1270 1788 των
1303 1735 1606 1789 ἐπιστολων
1638 1733 1699 1789 δε

170 1812 182 1831 9

117 1816 290 1870 αυτοῦ
329 1804 409 1870 οἶν
451 1814 762 1872 ἐπέστειλεν
803 1812 923 1887 ἦτοι
965 1828 1084 1882 ταῖς
1126 1814 1470 1887 γειτνιώσαις
1502 1820 1698 1889 ἐκκλη-
1720 1841 1762 1873 20

81 1892 261 1963 “σίαις
295 1900 655 1972 ἐπιστηρίζων
686 1896 886 1971 αὐτας,
929 1895 963 1971 ἢ
993 1903 1106 1956 τῶν
1135 1896 1397 1972 ἀδελφῶν
1427 1901 1538 1957 τισὶ
1570 1925 1697 1958 νου-

81 1976 301 2039 “θετῶν
331 1979 535 2050 αὐτοὺς
565 1985 654 2040 καὶ
686 1982 1146 2058 προτρεπόμενος,
1182 1982 1412 2041 δύναται
1444 2007 1697 2060 φανερω-

80 2061 333 2139 ’(θῆναιῩ
395 2070 569 2123 ταῦτα
601 2065 629 2124 6
660 2073 973 2141 Εἰρηναῖος.

211 2161 336 2211 ΧΧΙ.
389 2159 514 2229 [Nic.
542 2163 601 2211 H.
630 2163 684 2212 Ε.
713 2164 789 2220 IV,
817 2160 924 2233 26]
990 2151 1145 2209 Κατὰ
1180 2153 1242 2209 δὲ
1272 2153 1367 2210 τὸν
1398 2150 1572 2210 αὐτὸν
1601 2156 1697 2225 τῆς

92 2232 346 2307 Κομόδου
388 2242 670 2307 βασιλείας
714 2234 915 2312 χρόνον
952 2239 1324 2310 μεταβέβλητο
1365 2237 1467 2310 μὲν
1508 2239 1595 2294 ἐπὶ
1636 2236 1695 2294 τὸ
1718 2262 1759 2294 25

87 2325 265 2392 πρᾶον
305 2318 370 2376 τὰ
411 2318 542 2377 καθ’
588 2318 757 2393 ἡμᾶς,
806 2319 1030 2396 εἰρήνης
1070 2319 1176 2379 σὺν
1215 2327 1347 2398 θεία
1383 2320 1563 2396 χάριτι
1602 2319 1697 2388 τὰς

87 2400 219 2461 καθ’
264 2400 393 2512 ὅλης
444 2408 538 2477 τῆς
583 2407 907 2478 οἰκουμένης
960 2404 1334 2478 διαλαβούσης
1385 2409 1696 2478 ἐκκλησίας,

86 2483 174 2544 ὅτε
214 2489 304 2544 καὶ
342 2487 370 2544 6
413 2486 680 2590 σωτήριος
722 2487 880 2561 λόγος
923 2492 982 2546 ἐκ
1012 2488 1216 2556 παντὸς
1246 2492 1442 2562 γένους
1474 2487 1695 2564 ἆνθρεό-

87 2592 207 2629 πων
248 2575 433 2630 πᾶσαν
474 2571 716 2645 ὑπήγετο
749 2573 933 2646 ψυχὴν
966 2575 1054 2630 ἐπὶ
1084 2572 1185 2646 τὴν
1218 2570 1421 2647 ευσεβῆ
1453 2577 1553 2632 τοῦ
1574 2578 1695 2630 τῶν

87 2651 230 2713 ολων
259 2662 399 2714 θεοῦ
430 2664 756 2731 θρησκείαν,
805 2655 943 2715 ω’στε
974 2647 1082 2730 ήδη
1113 2660 1205 2715 καὶ
1235 2682 1346 2715 των
1377 2660 1466 2716 ἐπὶ
1490 2654 1692 2731 Ῥώμης
1715 2680 1756 2712 30

88 2761 150 2794 ευ
201 2739 344 2813 μαλα
395 2740 614 2799 πλούτω
664 2744 755 2799 καὶ
805 2744 952 2812 γένει
1006 2746 1295 2815 διαφανῶν
1335 2748 1560 2807 πλείους
1602 2743 1691 2798 ἐπὶ

87 2821 187 2894 τὴν
246 2843 405 2897 σφων
463 2823 628 2898 ὁμόσε
687 2839 887 2900 χωρεῖν
932 2833 1160 2884 πανοικί
1201 2849 1259 2883 τε
1304 2828 1394 2882 καὶ
1442 2828 1689 2897 παγγενῆ

1329 2918 1435 2970 Ῑῡε
