1986 3152
555 110 712 152 HIST.
743 108 992 151 ECCLES.
1022 110 1149 151 vm.
1183 111 1248 151 13.
1609 107 1708 160 371

91 223 196 298 ὑφ’
245 219 311 297 ἦς
355 225 424 297 δὴ
466 227 559 281 καὶ
599 225 664 281 τὰ
707 227 804 297 τῆς
845 230 1094 291 διανοίας
1138 229 1217 291 εἰς
1258 230 1518 282 ἔκστασιν
1549 223 1704 300 αὐτῷ

90 309 395 383 παρήγετο,
451 309 562 366 σύν
599 314 676 385 τῷ
716 307 834 382 μετ’
882 307 1058 366 αὐτὸν
1101 314 1430 382 δευτερείοις
1485 333 1704 382 τετιμη-

90 395 240 470 μένῳ
280 392 383 450 τὸν
424 393 652 465 δημώδη
693 395 785 450 καὶ
819 394 1102 450 ἰδιωτικὸν
1133 391 1519 467 ἀπολαμβάνει
1548 400 1701 466 βίον·

91 477 250 535 οὔπω
282 477 343 534 δὲ
387 476 552 534 ταῦτ’
598 476 754 554 αὐτῷ
797 478 945 534 οὕτω
976 480 1290 551 πέπρακτο,
1332 479 1427 534 καὶ
1469 483 1595 550 διχῆ
1640 477 1706 535 τά

91 562 272 618 πάντα
312 567 409 633 τῆς
455 559 629 634 ἀρχῆς
673 566 990 635 διαιρεῖται,
1052 568 1279 635 πρᾶγμα
1329 560 1462 634 μηδ’
1509 559 1748 619 ἅλλοτέε

91 668 176 704 πω
206 645 378 703 πάλαι
398 645 631 718 γεγονὸς
652 647 840 720 μνήμῃ
866 649 1344 719 παραδεδομένον.
1390 651 1471 703 12.
1503 647 1711 719 χρόνου

90 730 143 786 δ’
193 726 259 787 οὐ
306 737 572 788 πλείστου
616 729 820 803 μεταξύ
877 732 1186 802 γενομένου
1234 730 1500 801 βασιλεύς
1541 739 1712 788 Κων-

92 815 373 883 στάντιος,
418 814 518 871 τὸν
559 813 743 870 πάντα
784 819 914 885 βιόν
953 812 1239 886 πραότατα
1281 815 1374 869 καὶ
1413 827 1530 880 τοῖς
1560 813 1710 886 ὑπη-

88 899 243 964 κόοις
275 896 685 969 εὐνοϊκώτατα,
719 902 796 974 τῷ
827 919 887 953 τε
915 903 1058 974 θείῳ
1090 896 1239 974 λόγῳ
1266 901 1714 970 προσφιλέστατοι

90 985 456 1055 διαθέμενος,
486 986 663 1038 παῖδα
693 981 929 1053 γνήσιον
960 988 1398 1038 Κωνσταντῖνον
1429 979 1709 1054 αὕτοκρά-
1735 1003 1775 1035 10

98 1090 236 1139 τορα
280 1067 373 1122 καὶ
418 1066 693 1138 σεβαστόν
734 1064 869 1122 ἀνθ’
906 1067 1112 1122 ἑαυτοῦ
1154 1065 1502 1138 καταλιπών,
1544 1071 1714 1143 κοινῷ

96 1152 332 1222 φύσεως
362 1151 519 1226 νόμω
550 1153 782 1224 τελευτᾷ
813 1149 914 1206 τὸν
934 1155 1093 1222 βίον,
1126 1150 1345 1223 πρῶτός
1374 1174 1432 1207 τε
1465 1153 1526 1207 ἐν
1553 1159 1714 1217 θεοῖς

93 1234 474 1307 ἀνηγορεύετο
519 1233 653 1305 παρ’
698 1231 923 1305 αὐτοῖς,
984 1232 1202 1306 ἀπάσης
1248 1234 1384 1307 μετὰ
1437 1234 1710 1306 θάνατον,

89 1319 194 1391 ὅση
223 1325 444 1391 βασιλεῖ
470 1343 552 1385 τις
584 1317 658 1375 ἂν
690 1315 990 1390 ώφείλετο,
1020 1324 1177 1392 τιμῆς
1207 1316 1538 1392 ἠξιωμένος,
1571 1342 1709 1391 χρη-

90 1404 346 1469 στότατος
391 1404 486 1459 καὶ
525 1401 833 1475 ἠπιώτατος
874 1403 1177 1474 βασιλέων,
1251 1406 1332 1458 13.
1393 1401 1454 1469 ὃς
1498 1402 1566 1475 δὴ
1611 1404 1704 1459 καὶ
1728 1423 1769 1456 15

88 1486 262 1560 μόνος
305 1492 420 1544 τῶν
460 1485 596 1543 καθ’
643 1486 787 1560 ἡμᾶς
831 1489 1067 1554 ἐπαξίως
1117 1492 1215 1559 τῆς
1266 1481 1566 1560 ἡγεμονίας
1608 1487 1708 1544 τὸν

87 1573 270 1628 πάντα
301 1577 398 1643 τῆς
431 1570 606 1644 ἀρχῆς
638 1573 954 1637 διατελέσας
984 1569 1223 1644 χρόνον,
1261 1572 1355 1627 καὶ
1385 1571 1558 1627 τᾶλλα
1588 1584 1704 1638 τοῖς

87 1661 225 1713 πᾶσι
293 1654 622 1724 δεξιώτατον
691 1658 784 1711 καὶ
844 1653 1343 1729 εὐεργετικώτατον
1401 1655 1707 1728 παρασχών

72 1740 328 1811 «ἑαυτὸν,
370 1745 472 1797 τοῦ
516 1741 578 1797 δὲ
620 1739 757 1796 καθ’
790 1738 950 1813 ἡμῶν
990 1741 1236 1813 πολέμου
1276 1744 1543 1813 μηδαμῶς
1587 1743 1699 1796 ἐπι-

91 1825 462 1896 κοινωνήσας,
524 1823 664 1880 ἀλλά
719 1825 812 1881 καὶ
856 1823 989 1890 τούς
1039 1819 1143 1880 ὑπ’
1192 1822 1368 1881 αὐτὸν
1418 1830 1702 1895 θεοσεβεῖς
1726 1845 1767 1877 20
1798 1851 1818 1864 ·

95 1908 363 1980 ἀβλαβεῖς
393 1910 486 1965 καὶ
517 1907 966 1980 ἀνεπηρεάστους
997 1906 1281 1981 φυλάξας,
1312 1909 1405 1964 καὶ
1435 1906 1570 1981 μήτε
1594 1913 1708 1965 τῶν

99 1997 408 2064 ἐκκλησιῶν
457 1993 589 2059 τούς
641 2002 833 2059 οἴκους
878 1992 1170 2063 καθελών,
1222 1991 1359 2066 μηθ’
1418 1993 1608 2062 ἕτερόν
1659 2016 1709 2048 τι

95 2076 231 2134 καθ’
264 2073 424 2150 ἡμῶν
454 2077 886 2150 καινουργῆσας,
905 2079 1067 2151 τέλος
1099 2075 1398 2149 εὐδόκιμον
1427 2077 1520 2132 καὶ
1551 2095 1705 2148 τρισ-

94 2161 368 2234 μακάριον
399 2160 675 2233 ἀπείληφε
704 2167 807 2217 τοῦ
847 2167 1011 2233 βίου,
1050 2161 1220 2234 μόνος
1265 2162 1354 2217 ε’πὶ
1391 2166 1488 2232 τῆς
1530 2159 1707 2217 αὐτοῦ

91 2251 376 2317 βασιλείας
408 2244 656 2319 εὐμενῶς
681 2247 771 2302 καὶ
809 2246 1071 2314 ἐπιδόξως
1097 2246 1185 2302 ἐπὶ
1216 2244 1456 2321 διαδόχῳ
1486 2252 1700 2321 γνησίῳ
1724 2265 1765 2298 25

94 2331 288 2401 παιδὶ,
342 2330 527 2386 πάντα
580 2330 1020 2406 σωφρονεστάτῳ
1071 2353 1130 2387 τε
1169 2330 1263 2385 καὶ
1302 2328 1702 2406 εὐσεβεστάτῳ,

93 2413 442 2484 τελευτήσας.
518 2418 598 2470 14.
645 2414 848 2470 τούτου
889 2427 1022 2480 παῖς
1053 2423 1484 2480 Κωνσταντῖνος
1525 2412 1703 2479 εὐθυς

88 2496 430 2570 ἀρχόμενος,
477 2497 738 2569 βασιλευς
768 2498 1099 2564 τελεώτατος
1130 2499 1235 2553 καὶ
1255 2498 1524 2570 σεβαστός
1556 2497 1699 2567 πρός

82 2587 194 2638 τῶν
245 2583 666 2654 στρατοπέδων,
720 2582 814 2637 καὶ
859 2587 940 2638 ἔτι
981 2581 1124 2639 πολύ
1171 2582 1388 2639 τούτων
1427 2583 1698 2655 πρότερον

82 2665 216 2738 πρὸς
258 2664 435 2723 αὐτοῦ
476 2670 578 2722 τοῦ
631 2668 1018 2738 παμβασιλέως
1070 2671 1214 2724 θεοῦ
1259 2665 1682 2740 ἀναγορευθεὶς,
1708 2685 1752 2718 30

82 2749 351 2822 ζηλωτὴν,
378 2749 581 2807 ἑαυτὸν
621 2755 718 2830 τῆς
769 2756 1036 2824 πατρικῆς
1087 2751 1216 2821 περὶ
1267 2750 1369 2807 τὸν
1419 2749 1688 2822 ἡμέτερον

82 2834 251 2906 λόγον
291 2833 575 2906 εὐσεβείας
630 2835 1016 2907 κατεστήσατο.
1087 2835 1182 2890 καὶ
1227 2829 1390 2900 οὗτος
1431 2835 1534 2907 μὲν
1574 2855 1688 2889 τοι-

1324 2927 1434 2977 24*
