1986 3152
242 129 346 181 436
907 125 1156 167 EUSEBH

244 246 336 301 καὶ
367 243 469 315 τὴν
500 242 813 314 σύγκλητον
853 241 946 296 καὶ
975 233 1075 298 τὸν
1106 245 1287 314 δῆμον
1311 236 1596 314 Ῥωμαίων
1637 246 1705 315 τῇ
1747 240 1854 315 ἀρ-

244 335 375 402 χαίᾳ
437 329 734 400 ἐπιφανείᾳ
791 325 886 381 καὶ
945 330 1014 399 τῇ
1074 325 1416 399 λαμπρότητι
1469 326 1854 399 ἐλευθερώσας

243 408 712 483 ἀποκατέστησα.”
792 413 875 466 12.
930 410 1025 465 καὶ
1081 408 1150 481 δὴ
1197 410 1287 466 ἐπὶ
1326 409 1544 476 τούτοις
1586 405 1755 476 αὐτός
1797 433 1855 466 τε

244 505 678 561 Κωνσταντῖνος
729 494 823 551 καὶ
876 493 987 550 σύν
1039 491 1197 570 αὐτῷ
1248 492 1511 566 βασιλεύς
1572 499 1855 560 Λικίννιος

204 598 227 631 5
252 579 438 654 (οὔπω
479 580 602 637 τότε
643 576 731 652 ἐφ’
765 577 839 651 ἣν
867 577 1107 653 ὕστερον
1149 580 1465 635 ἐκπέπτωκε
1506 585 1716 651 μανίαν
1754 578 1857 650 τὴν

243 666 494 722 διάνοιαν
533 662 843 738 ἐκτραπεὶς)
879 662 1020 719 θεὸν
1053 662 1153 719 τὸν
1178 668 1293 722 τῶν
1326 658 1559 734 ἆγαθΓν
1591 658 1857 720 ἁπάντων

243 749 434 816 αὐτοῖς
475 758 654 806 αἴτιον
694 746 1087 821 εὐμενίσαντες
1142 746 1311 821 ἄμφω
1375 752 1474 822 μιᾷ
1524 752 1706 822 βουλῇ
1762 748 1855 803 καὶ

243 834 441 908 γνωμῃ
485 832 662 906 νόμον
705 828 852 906 ὑπὲρ
884 837 1239 905 Χριστιανῶν
1270 831 1606 888 τελειότατον
1647 833 1855 905 πληρέ-

244 937 413 976 στατα
429 922 844 989 διατυποῦνται,
867 917 962 972 καὶ
983 921 1098 973 τῶν
1117 917 1530 989 πεπραγμένων
1548 922 1627 982 εἰς
1648 915 1856 982 αὐτούς

181 1020 225 1051 10
251 1007 310 1060 ἐκ
339 1008 480 1060 θεοῦ
511 1002 578 1059 τοὶ
609 1001 930 1074 παράδοξα,
961 1000 1029 1056 τά
1057 1023 1116 1058 τε
1145 1006 1242 1073 τῆς
1273 1000 1412 1057 κατα
1442 1005 1543 1057 τοῦ
1572 1000 1856 1073 τυράννου

244 1094 434 1160 νίκης,
495 1087 589 1142 καὶ
640 1086 741 1142 τὸν
792 1085 969 1158 νόμον
1020 1084 1199 1142 αὐτὸν
1242 1087 1543 1161 Μαξιμίνςο
1595 1090 1710 1142 τῶν
1764 1083 1853 1142 ἐπ’

245 1172 519 1242 ἀνατολῆς
566 1173 756 1226 ἐθνῶν
788 1175 867 1226 ἔτι
898 1168 1330 1241 δυναστεύοντι,
1383 1173 1579 1241 φιλίαν
1618 1191 1677 1226 τε
1719 1168 1858 1244 πρὸς

245 1254 455 1321 αὐτούς
485 1250 970 1330 ὑποκοριζομένω,
1004 1255 1420 1326 διαπέμπονται.
1477 1252 1565 1310 13.
1615 1248 1645 1310 ὁ
1680 1252 1736 1310 δ’
1770 1249 1861 1310 οἷα

245 1338 523 1413 τύραννος
554 1337 855 1413 περιαλγὴς
889 1334 982 1411 ἐφ’
1016 1333 1100 1404 οἷς
1133 1343 1279 1410 ἔγνω
1309 1338 1711 1411 γεγενημένος,
1744 1337 1860 1395 εἶτα

183 1443 223 1476 15
247 1424 319 1498 μὴ
355 1430 546 1482 δοκεῖν
580 1425 781 1499 ἑτέροις
813 1421 950 1491 εἶξαι
979 1422 1349 1496 βουλόμενος,
1381 1421 1513 1496 μηδ’
1542 1417 1617 1479 αὖ
1648 1443 1861 1494 παρεκ-

245 1512 453 1567 θέσθαι
475 1509 537 1566 τὸ
562 1508 871 1566 κελευσθὲν
903 1507 1017 1564 δέει
1046 1513 1161 1564 τῶν
1183 1505 1670 1582 προστεταχότων,
1704 1503 1860 1564 ὦσαν

248 1598 300 1662 ἐξ
347 1599 492 1661 ἰδίας
534 1592 840 1659 αὐθεντίας
880 1604 997 1658 τοῖς
1037 1587 1139 1649 ὑπ’
1186 1591 1365 1649 αὐτὸν
1404 1587 1646 1665 ἡγεμόσι
1694 1597 1861 1649 τοῦτο

246 1685 469 1751 πρῶτον
498 1673 646 1750 ὑπὲρ
680 1682 1032 1752 Χριστιανῶν
1077 1676 1388 1749 ἐπάναγκες
1419 1676 1767 1751 διαχαράττει
1796 1676 1858 1733 τὸ

246 1764 506 1838 γράμμα,
561 1763 627 1819 τὰ
668 1763 898 1836 μηδέπω
939 1761 1072 1819 ποτὲ
1112 1761 1253 1836 πρὸς
1283 1759 1462 1819 αὐτοῦ
1493 1761 1858 1836 πεπραγμένα

187 1866 228 1898 20
258 1848 602 1914 ἐπιπλάστως
635 1844 804 1914 αὐτὸς
836 1843 971 1903 καθ’
1007 1849 1211 1903 ἑαυτοῦ
1242 1845 1607 1919 ψευδόμενος.

311 1929 684 2007 Ἀντίγραφον
718 1934 1011 2007 ἑρμηνείας
1045 1933 1332 2003 ἐπιστολῆς
1362 1936 1464 1988 τοῦ
1495 1928 1784 2005 τυράννου

886 2019 1228 2089 Μαξιμίνου.

405 2106 450 2158 1.
513 2100 703 2173 Ἰόβιος
757 2104 1072 2174 Μαξιμῖνος
1123 2099 1395 2172 σεβαστός
1451 2103 1700 2176 Σαβίνῳ.
1762 2099 1855 2155 καὶ

240 2181 426 2258 ((παροὶ
467 2190 537 2259 τῇ
580 2191 652 2259 σῇ
699 2185 1046 2259 στιβαρότητι
1085 2186 1179 2240 καὶ
1220 2183 1371 2258 παρα
1412 2188 1583 2240 πᾶσιν
1615 2182 1850 2256 ἀνθρώ-

184 2265 399 2335 25“ποις
440 2266 687 2342 φανερὸν
727 2268 869 2325 εἶναι
909 2269 1151 2325 πέποιθα
1200 2267 1331 2335 τούς
1377 2268 1653 2335 δεσπότας
1699 2267 1859 2341 ἡμῶν

239 2350 686 2425 “Διοκλητιανὸν
716 2354 808 2410 καὶ
833 2352 1222 2426 Μαξιμιανὸν,
1254 2352 1383 2419 τούς
1413 2348 1716 2427 ἡμετέρους
1748 2373 1859 2409 πα-

242 2435 472 2512 “τέρας,
506 2433 674 2509 ἡνίκα
699 2443 967 2495 συνεῖδον
993 2437 1196 2511 σχεδὸν
1220 2437 1469 2505 ἅπαντας
1493 2436 1858 2512 ἀνθρώπους,

241 2519 742 2624 Ξῖκαταλειφθείσης
773 2528 870 2596 τῆς
900 2528 1014 2581 τῶν
1043 2528 1199 2581 θεῶν
1227 2529 1562 2598 θρησκείας,
1595 2528 1673 2580 τῶ
1711 2528 1865 2579 ἔθνει

241 2604 392 2664 “τῶν
452 2613 807 2682 Χριστιανῶν
870 2607 1105 2676 ἑαυτούς
1166 2607 1611 2682 συμμεμιχότας,
1674 2606 1863 2682 ὀρθῶς

187 2691 256 2742 30
245 2689 691 2795 διατεταχέναι,
757 2693 970 2761 πάντας
1033 2692 1372 2769 ανθρωπους
1422 2692 1555 2759 τούς
1608 2690 1716 2749 ἀπὸ
1769 2697 1865 2763 τῆς

245 2773 392 2834 “τῶν
434 2773 624 2834 αὐτῶν
663 2783 818 2835 θεῶν
870 2784 985 2836 τῶν
1028 2777 1331 2836 ἀθανατων
1369 2783 1678 2853 θρησκείας
1721 2775 1863 2833 ἄνα-

247 2857 642 2936 “χωρήσαντας
684 2863 946 2942 προδήλῳ
989 2863 1209 2922 κολάσει
1253 2864 1346 2920 καὶ
1386 2868 1623 2938 τιμωρία
1654 2866 1732 2928 εἰς
1761 2861 1865 2933 τὴν

364 2100 392 2120 C(
