1986 3152
259 115 364 166 444
946 112 1195 154 EUSEBH

260 242 453 287 πεσεῖν
493 235 635 305 λιμῷ
678 230 1085 303 φθειρόμενον,
1127 229 1224 295 τάς
1262 252 1322 286 τε
1363 229 1571 301 σάρκας
1604 230 1737 296 ὅλας
1769 229 1870 286 ἀο-

262 315 409 390 ράτω
440 314 534 369 καὶ
563 312 819 391 θεηλάτῳ
851 314 989 388 πυρὶ
1019 310 1327 386 τηκόμενον
1360 312 1434 380 ὡς
1465 315 1872 388 διαρρεύσαντα

260 398 319 455 τὸ
351 421 454 470 μεν
483 402 599 454 πᾶν
630 397 780 464 εἶδος
810 404 906 471 τῆς
937 402 1175 464 παλαιάς
1219 403 1438 472 μορφῆς
1469 396 1871 471 ἀφανισθῆναι,

261 486 445 556 ξηρων
476 478 531 538 δ’
566 481 705 539 αῦτό
747 483 924 556 μόνον
965 481 1176 539 ὀστέων
1206 482 1328 540 οἱόν
1368 505 1420 539 τι
1461 505 1654 559 μακρω
1686 482 1873 559 χρόνῳ

221 569 830 640 ὑκατεσκελετευμένον
871 572 1109 625 εἴδωλον
1149 565 1585 640 ὑπολειφθῆναι·
1621 565 1696 633 ὡς
1738 565 1868 640 μηδ’

1940 165 1961 287 -.ηψεὶζεέ

260 652 397 708 ἄλλο
427 675 477 708 τι
506 658 746 724 νομίζειν
785 652 916 718 τοῦς
947 651 1228 726 παρόντας
1279 650 1313 724 ἢ
1353 651 1534 724 τάφον
1577 650 1731 727 αὐτῷ
1774 656 1874 724 τῆς
1962 679 1963 685 ¹

262 741 444 809 ψυχῆς
474 738 767 807 γεγονέναι
795 736 857 793 τὸ
893 742 1088 810 σῶμα,
1135 738 1197 793 ἐν
1236 736 1346 809 ἤδη
1389 741 1570 814 νεκρῷ
1601 737 1694 792 καὶ
1726 743 1878 792 παν-’
1961 774 1964 779 «

261 825 433 886 τελῶς
464 820 881 895 ἀπορρεύσαντι
909 823 1431 895 κατορωρυγμένης.
1495 824 1576 877 15.
1623 820 1873 894 σφοδρό-

261 928 425 979 τερον
466 903 520 961 δ’
566 910 643 962 ἔτι
683 911 898 978 μᾶλλον
939 911 1035 978 τῆς
1074 906 1288 979 θέρμης
1334 901 1512 962 αὐτὸν
1555 907 1614 962 ἐκ
1658 905 1876 976 βάθους

202 1010 240 1041 10
261 993 486 1062 μυελῶν
535 990 989 1063 καταφλεγούσης
1047 995 1378 1063 προπηδῶσι
1441 990 1544 1062 μὲν
1599 987 1753 1066 αὐτῷ
1809 988 1876 1045 τὰ

263 1074 512 1146 ὄμματα,
573 1075 668 1129 καὶ
708 1079 806 1145 τῆς
849 1078 994 1140 ἰδίας
1035 1072 1242 1146 λήξεως
1294 1073 1648 1130 ἀποπεσόντα
1693 1072 1877 1147 πηρὸν

263 1157 440 1215 αὐτὸν
481 1156 729 1230 ἀφίησιν.
804 1162 885 1214 16.
942 1153 971 1213 ὁ
1005 1154 1062 1214 δ’
1097 1158 1189 1214 ἐπὶ
1232 1156 1450 1224 τούτοις
1491 1163 1568 1214 ἔτι
1599 1159 1876 1230 ἐμπνέων,

263 1242 828 1315 ἀνθομολογούμενος
867 1246 945 1319 τῷ
985 1248 1195 1320 κυρίῳ,
1240 1242 1492 1300 θάνατον
1538 1244 1876 1314 ἐπεκαλεῖτο,

262 1328 357 1383 καὶ
408 1326 470 1383 τὸ
527 1326 885 1383 πανύστατον
940 1329 1174 1394 ἐνδίκως
1225 1332 1402 1384 ταῦτα
1451 1331 1550 1400 τῆς
1594 1325 1733 1384 κατὰ
1775 1330 1878 1382 τοῦ

201 1430 241 1461 15
269 1416 513 1485 Χριστοῦ
554 1418 848 1486 παροινίας
900 1411 1061 1487 χάριν
1112 1410 1461 1485 ὁμολογήσας
1514 1420 1724 1468 παθεῖν
1774 1410 1877 1483 τὴν

264 1495 454 1569 ψυχήν
483 1494 734 1568 ἀφίησιν.

404 1592 484 1642 ΧΙ.
539 1592 666 1656 [Nic.
694 1592 753 1641 H.
782 1592 835 1642 E.
866 1591 963 1648 Vll,
991 1589 1102 1657 39.]
1180 1580 1346 1640 Οῦτω
1376 1585 1515 1653 δῆτα
1554 1583 1877 1653 Μαξιμίνου

266 1665 521 1722 ἐκποδών
562 1668 901 1739 γενομένου,
945 1663 1007 1732 ὃς
1048 1665 1220 1739 μόνος
1263 1671 1342 1723 ἔτι
1379 1672 1593 1723 λείπων
1635 1669 1749 1722 τῶν
1781 1670 1878 1738 τῆς
1966 1666 1968 1685 ²

263 1755 587 1823 θεοσεβείας
608 1753 851 1826 ε’χθρῶν,
876 1746 1141 1808 ἁπάντων
1156 1756 1426 1825 χείριστος
1442 1748 1787 1823 ἀναπέφηνε,
1810 1749 1876 1806 τά

201 1852 241 1884 20
264 1835 368 1908 μὲν
397 1840 495 1906 τῆς
516 1841 632 1892 τῶν
657 1838 960 1907 ἐκκλησιῶν
990 1833 1354 1902 ἀνανεώσεως
1386 1837 1446 1892 ἐκ
1467 1840 1750 1908 θεμελίων
1772 1834 1876 1907 χά-

265 1943 374 1992 ριτι
403 1924 547 1977 θεοῦ
576 1924 678 1976 τοῦ
702 1918 1150 1995 παντοκράτορος
1180 1918 1452 1994 ἠγείρετο,
1485 1920 1518 1976 ὅ
1547 1942 1605 1976 τε
1630 1923 1878 1992 Χριστοῦ

264 2005 429 2075 λόγος
448 2010 525 2071 εἰς
541 2004 712 2072 δόξαν
721 2010 823 2062 τοῦ
841 2011 956 2062 τῶν
972 2001 1120 2063 ὅλων
1134 2010 1276 2062 θεοῦ
1293 2003 1643 2078 διαλάμπων,
1656 2009 1878 2077 μείζονα

264 2093 361 2159 τῆς
386 2088 638 2162 πρόσθεν
659 2087 1017 2162 ἀπελάμβανε
1030 2096 1367 2164 παρρησίαν,
1393 2089 1461 2146 τὰ
1479 2089 1540 2146 δὲ
1555 2094 1652 2160 τῆς
1669 2093 1876 2144 δυσσε-

265 2177 419 2243 βείας
448 2177 564 2230 τῶν
594 2178 691 2244 τῆς
730 2179 1055 2244 θεοσεβείας
1091 2176 1313 2247 ε’χθρῶν
1344 2172 1614 2245 αἰσχύνης
1646 2172 1876 2244 ἐσχάτης

204 2272 244 2304 25
266 2257 360 2312 καὶ
391 2255 608 2329 ἀτιμίας
639 2259 1028 2329 ἐνεπίμπλατο.
1111 2260 1160 2313 2.
1216 2257 1438 2332 πρῶτός
1478 2279 1536 2314 τε
1566 2255 1674 2330 γὰρ
1705 2255 1876 2322 αὐτὸς
1943 2270 1950 2278 ‘

268 2342 476 2406 ἐκεῖνος
507 2342 854 2413 Μαξιμῐνος,
886 2336 1151 2399 ἁπάντων
1181 2341 1586 2414 πολεμιώτατος
1615 2340 1728 2398 ὑπὸ
1760 2346 1877 2398 τῶν

269 2423 629 2497 κρατούντων
660 2423 1097 2500 ἀναγορευθεὶς,
1130 2428 1566 2498 δυσσεβέστατος
1597 2426 1692 2481 καὶ
1733 2429 1877 2482 δυσ-

269 2508 637 2581 ωνυμοότατος
678 2511 773 2566 καὶ
813 2512 1239 2584 θεομισέστατος
1279 2511 1558 2585 τύραννος
1599 2509 1691 2566 διὰ
1733 2531 1876 2583 προ-

268 2593 607 2667 γραμμάτων
631 2599 918 2668 δημοσίων
940 2594 1392 2668 ἀνεστηλίτευτο,
1423 2600 1644 2670 γραφαί
1667 2617 1726 2651 τε
1749 2593 1876 2651 ὅσαι

204 2698 244 2731 30
270 2683 349 2744 εἰς
379 2677 542 2751 τιμὴν
573 2677 751 2736 αὐτοῦ
783 2681 875 2735 καὶ
904 2685 1019 2736 τῶν
1049 2678 1226 2737 αὐτοῦ
1268 2685 1489 2738 παίδων
1517 2678 1655 2736 κατὰ
1687 2683 1875 2736 πᾶσαν

268 2761 550 2820 ἀνέκειντο
581 2763 773 2836 πόλιν,
806 2770 869 2821 αἱ
894 2765 998 2837 μὲν
1024 2767 1077 2832 ἐξ
1101 2763 1286 2832 ὕψους
1311 2770 1388 2831 εἰς
1413 2769 1619 2837 ἔδαφος
1643 2763 1876 2836 ῥιπτοῦ-

268 2871 429 2919 μεναι
452 2854 876 2923 συνετρίβοντο,
908 2854 971 2906 αἱ
998 2850 1061 2906 δὲ
1082 2849 1181 2915 τοὶς
1205 2851 1505 2925 προσόψεις
1527 2846 1875 2923 ἠχρειοῦντο,

1961 3054 1967 3070 2
1935 2515 1971 3038 '‘„A‘E'JJL-*IQ-..2-e—-2ss
1962 2453 1970 2495 ⁴-
1965 2402 1969 2407 ·
