1986 3152
284 126 388 176 370
962 123 1207 164 EUSEBII

283 242 375 296 καὶ
412 238 744 312 Ἀμμώνιος,
796 239 990 295 τέλειοι
1036 243 1282 310 Χριστοῦ
1325 237 1633 312 μάρτυρες,
1690 241 1894 306 Φιλέας

282 347 340 380 τε
383 324 475 378 καὶ
508 321 766 394 “Ησυ’χιος
807 322 898 377 καὶ
940 321 1228 394 Παχύμιος
1270 323 1363 378 καὶ
1405 322 1720 396 Θεόδωρος,
1773 329 1894 380 τῶν

284 406 424 479 ἀμφὶ
463 405 567 478 τὴν
598 415 893 476 Αἴγυπτον
923 407 1228 477 ἐκκλησιῶν
1259 407 1573 478 ἐπίσκοποι,
1613 413 1802 480 μυρίοι
1830 429 1891 464 τε

285 492 374 547 ἐπὶ
404 489 618 556 τούτοις
649 489 806 545 ἄλλοι
835 494 1160 562 διαφανεῖς,
1201 495 1259 546 οἳ
1285 489 1423 562 πρὸς
1462 495 1577 547 τῶν
1606 491 1744 548 κατὰ
1773 490 1889 564 χώ-

242 598 263 629 5
289 599 393 649 ραν
433 575 525 631 καὶ
566 572 742 630 τόπον
793 578 1097 646 παροικιῶν
1135 573 1610 647 μνημονεύονται,
1662 568 1742 630 ὦν
1780 574 1887 632 ἄνα

283 659 385 731 τὴν
417 664 605 715 πᾶσαν
635 659 972 731 οἰκουμένην
1011 656 1155 731 ὑπὲρ
1185 663 1283 730 τῆς
1325 663 1403 724 εἰς
1439 657 1501 714 τὸ
1534 667 1697 715 θεῖον
1727 657 1887 715 εὐσε-

282 749 437 814 βείας
459 741 858 815 ἠγωνισμένων
881 747 1074 816 γραφῇ
1098 741 1467 816 παραδιδόναι
1496 742 1630 808 τοῦς
1656 741 1890 814 ἄθλους,

286 826 370 884 ἐπ’
408 824 628 899 ἀκριβές
658 849 717 883 τε
748 830 952 883 ἕκαστα
982 831 1096 882 τῶν
1126 827 1254 898 περὶ
1297 825 1508 893 αὐτοῦς
1541 827 1888 899 συμβεβηκό-

281 934 394 968 των
433 915 710 983 ἱστορεῖν,
752 909 854 982 οὐχ
894 909 1197 983 ἡμέτερον,
1241 915 1355 967 τῶν
1397 909 1453 966 δ’
1487 909 1613 976 ὄψει
1642 909 1708 967 τοὶ
1736 908 1888 983 προῖ-

219 1018 260 1048 10
283 1019 463 1068 γματα
503 994 928 1067 παρειληφότων
971 999 1113 1051 ἴδιον
1155 993 1226 1050 ἂν
1267 996 1499 1066 γένοιτο.
1571 991 1655 1060 οἷς
1685 1018 1749 1066 γε
1779 993 1894 1068 μὴν

286 1078 455 1145 αὐτὸς
500 1079 921 1153 παρεγενόμην,
974 1078 1209 1144 τούτους
1261 1079 1354 1134 καὶ
1406 1090 1523 1144 τοῖς
1570 1077 1704 1151 μεθ’
1747 1076 1892 1151 ἡμᾶς

281 1168 611 1235 γνωρίμους-
642 1161 718 1218 δι’
766 1164 952 1235 ἑτέρας
1004 1162 1300 1234 ποιήσομαι
1338 1167 1572 1235 γραφῆς.
1647 1166 1696 1219 8.
1751 1161 1891 1218 κατά

283 1271 346 1318 γε
376 1246 490 1319 μὴν
520 1246 622 1303 τὸν
645 1246 894 1318 παρόντα
921 1243 1090 1317 λόγον
1111 1245 1218 1318 τὴν
1242 1250 1591 1322 παλινῳδίαν
1621 1250 1736 1303 τῶν
1765 1246 1891 1319 περὶ

281 1331 423 1403 ἡμᾶς
467 1332 852 1404 εἰργασμένων
895 1342 1012 1396 τοῖς
1053 1331 1360 1403 εἰρημένοις
1415 1329 1771 1402 ἐπισυνάψω,
1824 1328 1892 1386 τά

222 1440 259 1468 15,
285 1439 341 1471 τε
374 1418 426 1482 ἐξ
459 1413 631 1487 ἀρχῆς
655 1419 756 1471 τοῦ
780 1419 1030 1487 διωγμοῦ
1055 1413 1444 1487 συμβεβηκότα
1461 1457 1476 1486 ,
1507 1413 1892 1488 χρησιμώτατα

283 1499 632 1571 τυγχάνοντα
671 1511 789 1564 τοῖς
832 1500 1258 1572 ἐντευξομένοις.
1319 1503 1368 1555 9.
1414 1497 1480 1554 τοὶ
1513 1499 1617 1572 μὲν
1647 1493 1754 1555 οῦν
1783 1498 1893 1570 πρὸ

282 1589 384 1640 τοῦ
415 1581 548 1640 καθ’
581 1582 742 1656 ἡμῶν
772 1585 1016 1656 πολέμου
1047 1588 1143 1655 τῆς
1167 1581 1449 1655 Ῥωμαίων
1477 1582 1798 1656 ἡγεμονίας,
1831 1585 1894 1640 ἐν

283 1668 434 1734 ὅσοις
482 1667 550 1740 δὴ
597 1668 818 1740 χρόνοις
863 1666 929 1723 τοὶ
972 1672 1087 1724 τῶν
1129 1665 1418 1740 ἀρχόντων
1457 1667 1618 1740 φίλιά
1657 1690 1716 1724 τε
1755 1662 1895 1739 ἡμῖν

282 1747 355 1823 ἦν
385 1753 477 1807 καὶ
512 1758 798 1824 εἰρηναῖα,
831 1750 1038 1823 ὁπόσης
1070 1749 1308 1823 ἀγαθῶν
1339 1750 1610 1824 εύφορίας
1639 1752 1731 1807 καὶ
1764 1750 1890 1808 εὐε-

220 1859 262 1890 20
286 1842 480 1908 τηρίας
511 1835 740 1908 ἠξίωτο,
771 1842 856 1902 τίς
879 1834 950 1892 ἂν
975 1836 1279 1909 ἐξαρκέσειε
1302 1834 1465 1908 λόγος
1490 1835 1893 1907 διηγήσασθαι;

284 1917 454 1977 ὁπότε
485 1921 577 1976 καὶ
602 1925 661 1977 οἰ
678 1920 911 1993 μάλιστα
933 1925 1031 1992 τῆς
1055 1918 1304 1976 καθόλου
1331 1925 1668 1992 κρατοῦντες
1699 1918 1892 1992 ἀρχῆς,

285 2009 679 2077 δεκαετηρίδας
720 2005 814 2060 καὶ
853 2009 1303 2077 εἰκοσαετηρίδας
1343 2010 1441 2076 τῆς
1482 2009 1766 2076 βασιλείας
1799 2006 1888 2059 ἐκ-

283 2088 612 2159 πλήσαντες,
647 2091 708 2144 ἐν
735 2090 949 2159 ἑορταῖς
973 2089 1065 2143 καὶ
1089 2089 1465 2161 πανηγύρεσι,
1496 2086 1893 2160 φαιδροτάταις

283 2194 341 2227 τε
371 2178 599 2237 θαλίαις
644 2172 737 2227 καὶ
770 2170 1152 2245 εὐφροσύναις
1190 2170 1325 2244 μετὰ
1358 2170 1540 2243 πάσης
1571 2169 1891 2237 εὐσταθοῦς

219 2277 262 2308 25
286 2257 573 2312 διετέλουν
604 2253 843 2327 εἰρήνης.
918 2259 998 2311 10.
1045 2254 1194 2311 οὕτω
1226 2253 1277 2310 δ’
1312 2253 1504 2321 αὐτοῖς
1534 2253 1891 2327 ἄπαραποδί-

286 2358 426 2405 στως
478 2337 757 2411 αὐξούσης
810 2339 903 2394 καὶ
957 2340 1046 2395 ἐπὶ
1097 2340 1238 2412 μέγα
1278 2337 1543 2412 ὁσημέραι
1583 2337 1892 2411 προϊούσης

282 2428 379 2494 τῆς
423 2426 703 2494 ἐξουσίας,
745 2420 970 2495 ἀθρόως
999 2428 1096 2495 τῆς
1127 2422 1265 2496 πρὸς
1295 2422 1439 2496 ἡμᾶς
1471 2423 1692 2496 εἰρήνης
1723 2446 1890 2496 μετα-

281 2510 536 2580 θέμενοι,
590 2507 833 2580 πόλεμον
887 2506 1173 2564 ἄσπονδον
1227 2511 1571 2580 ἐγείρουσιν,
1624 2506 1787 2564 οὔπω
1832 2504 1884 2563 δ’

284 2590 474 2658 αὐτοῖς
513 2596 610 2663 τῆς
647 2592 861 2648 τοιασδὶ
901 2592 1169 2663 κινήσεως
1210 2592 1476 2665 δεύτερον
1517 2597 1637 2657 ἔτος
1676 2590 1890 2662 πεπλή-

222 2696 262 2728 30
290 2698 460 2749 ρωτο,
492 2682 589 2731 καί
613 2699 665 2731 τι
695 2676 823 2748 περὶ
854 2675 955 2748 τὴν
985 2674 1124 2748 ὅλην
1154 2675 1331 2749 ἀρχὴν
1353 2674 1630 2749 νεώτερον
1659 2674 1891 2747 γεγονὸς

283 2760 348 2815 τά
392 2758 575 2816 πάντα
609 2760 903 2832 πράγματα
944 2758 1252 2834 ἀνατρέπει.
1317 2764 1397 2816 11.
1445 2759 1617 2817 νόσου
1649 2758 1753 2832 γὰρ
1786 2756 1891 2815 οῦκ

287 2850 472 2911 αἰσιάς
503 2847 579 2920 τῷ
612 2845 975 2918 πρωτοστάτῃ
1005 2850 1121 2901 τῶν
1151 2845 1461 2917 εἰρημένων
1493 2842 1889 2915 ἐπισκηψάσης,
