1986 3152
586 102 749 146 HIST.
780 102 1032 146 ECCLES.
1064 105 1165 145 vn.
1198 105 1267 145 25.
1628 101 1734 154 329

123 213 438 289 “λε’γεσθαι.
503 222 584 275 17.
628 220 720 275 καὶ
760 215 866 275 ἀπὸ
905 224 1017 276 τῶν
1051 216 1343 291 νοημάτων
1390 219 1452 276 δὲ
1493 220 1584 275 καὶ
1627 216 1736 276 ἀπὸ

124 297 273 358 “τῶν
319 300 578 375 ῥημάτων
629 305 721 359 καὶ
775 307 871 374 τῆς
915 301 1227 371 συντάξεως
1272 302 1460 360 αὐτῶν
1513 302 1736 371 εἰκότως

122 384 342 488 Ξὲτερος
372 377 531 453 οὗτος
563 384 696 460 παρ’
732 391 947 444 ἐκεῖνον
974 385 1436 460 ὑπονοηθήσεται.
1497 393 1575 444 18.
1603 406 1735 446 συν-

124 465 362 544 “ᾴὸουσι
393 495 494 543 μεν
534 470 637 545 γὰρ
669 469 927 543 ἀλλήλοις
969 471 1028 528 τὸ
1065 470 1386 543 εὐαγγέλιον
1425 470 1576 528 καὶ
1547 496 1582 544 η
1615 476 1736 529 ε’πι-

121 551 348 657 ἶστολὴ,
381 551 582 628 ὁμοίως
611 580 670 612 τε
700 552 974 627 άρχονται.
1037 554 1097 612 τὸ
1127 558 1229 628 μέν
1258 572 1452 660 φησιν·
1463 617 1466 619 ‚
1499 558 1558 612 ἐν
1593 554 1736 629 ἀρχῇ

121 635 234 740 {tm}
262 635 291 695 6
316 637 494 710 λόγος,
527 636 560 711 ἡ
595 636 720 711 δε,
704 638 734 696 6
763 641 835 711 ἠν
865 636 962 695 ἀπ’
989 638 1172 712 ἀρχῆς.
1225 639 1286 695 τὸ
1317 643 1419 712 μέν
1449 656 1612 713 φησι·
1645 642 1738 696 καὶ

159 721 391 795 ολόγος
434 723 568 796 σὰρξ
612 726 826 795 ἐγένετο
872 726 964 781 καὶ
1005 723 1321 794 ἐσκήνωσεν
1369 727 1429 780 ἐν
1472 720 1607 796 ἡμῖν
1646 727 1740 781 καὶ

122 801 521 908 ἶέθεασάμεθα
550 806 652 879 τὴν
685 805 851 873 δόξαν
883 804 1075 877 αὐτοῦ,
1109 806 1276 874 δόξαν
1308 831 1380 873 ως
1404 814 1739 879 μονογενοῦς

119 888 311 993 ἕπαρα
341 889 578 961 πατρός·
611 889 644 962 ἡ
681 891 743 947 δε
772 889 838 947 τά
872 888 1011 947 αὐτοὶ
1044 894 1254 966 σμικρῷ
1282 895 1734 963 παρηλλαγμένα·

119 969 189 1030 “6
217 973 556 1047 ἀκηκόαμεν,
587 971 618 1031 6
650 972 972 1048 ἑωράκαμεν
1001 988 1115 1042 τοῖς
1145 971 1459 1047 ὀφθαλμοῖς
1490 973 1665 1048 ἡμῶν,
1709 973 1738 1032 6

124 1053 539 1132 “ἐθεασάμεθα,
571 1061 664 1115 καὶ
695 1064 758 1115 αἶ
784 1073 961 1132 χεῖρες
992 1057 1151 1131 ἡμῶν
1184 1057 1566 1132 ἐψηλάφησαν,
1613 1061 1741 1133 περὶ

121 1136 257 1199 “1023
288 1142 456 1216 λόγου
478 1149 571 1215 τῆς
584 1149 739 1217 ζωῆς,
762 1146 854 1200 καὶ
877 1140 909 1215 ἡ
937 1143 1041 1215 ζωὴ
1066 1142 1412 1216 ἐφανερώθη.
1465 1148 1544 1200 19.
1569 1147 1740 1200 ταῦτα

122 1224 266 1299 “γάρ
299 1226 774 1301 προανακρούεται
808 1227 1243 1300 διατεινόμενος,
1278 1225 1351 1292 ὥς
1385 1230 1443 1284 ἐν
1471 1242 1585 1295 τοῖς
1617 1231 1741 1299 ἑξῆς

126 1306 431 1383 κἐδήλωσε,
463 1310 598 1384 πρὸς
628 1311 757 1379 τοὺς
788 1310 890 1368 οὐκ
922 1315 982 1369 ἐν
1012 1315 1173 1386 σαρκὶ
1200 1310 1516 1384 φάσκοντας
1549 1316 1740 1384 ἐληλυ-

130 1390 333 1498 ῑῑθέναι
363 1394 459 1453 τὸν
490 1395 710 1469 κύριον
761 1397 847 1452 διὸ
883 1398 975 1452 καὶ
1017 1400 1270 1468 συνῆψεν
1310 1399 1605 1468 ἐπιμελῶς
1647 1399 1738 1453 καὶ

126 1477 490 1582 Ξὲωράκαμεν
542 1483 634 1536 καὶ
685 1484 1104 1588 μαρτυροῦμεν,
1172 1483 1263 1537 καὶ
1323 1473 1742 1554 ἀπαγγέλλομεν

122 1561 303 1669 ἓὺμῖν
335 1563 438 1636 τὴν
469 1564 613 1637 ζωὴν
651 1564 754 1636 τὴν
786 1564 1034 1635 αἰώνιον,
1066 1589 1184 1636 ητις
1224 1557 1294 1637 ἦν
1323 1562 1459 1638 πρὸς
1498 1563 1595 1622 τὸν
1634 1590 1743 1622 πα-

160 1671 318 1721 τερα,
363 1651 454 1705 καὶ
488 1647 822 1722 ἐφανερώθη
863 1647 1020 1721 ἡμῖν
1062 1645 1092 1705 6
1123 1647 1442 1722 ἑωράκαμεν
1482 1651 1574 1705 καὶ
1605 1647 1743 1720 ἀκη-

122 1729 370 1806 “κόαμεν
413 1730 834 1806 ἀπαγγέλλομεν
873 1736 964 1790 καὶ
1003 1729 1156 1806 ὑμῖν.
1241 1739 1325 1790 20.
1360 1739 1537 1806 ἔχεται
1569 1730 1743 1790 αὑτοῦ

126 1811 258 1916 “καὶ
289 1822 403 1874 τῶν
435 1819 762 1890 προθέσεων
792 1816 895 1874 οὐκ
927 1817 1251 1890 ἀφίσταται,
1281 1815 1372 1874 δια
1404 1818 1466 1874 δε
1495 1842 1608 1874 των
1639 1843 1741 1874 αυ-

125 1895 277 2003 17:632}
323 1908 644 1974 κεφαλαίων
688 1904 779 1959 καὶ
826 1901 1113 1975 ὀνομάτων
1160 1901 1339 1959 πάντα
1393 1905 1742 1975 διεξέρχεται,

125 1976 249 2042 “c-521
278 2009 402 2043 τινα
433 2010 535 2059 μεν
566 1981 722 2059 ἡμεῖς
746 1985 1033 2059 συντόμως
1054 1982 1468 2059 υπεμνήσαμεν.
1518 1991 1602 2043 21.
1629 1982 1656 2042 6
1682 1987 1743 2042 δὲ

123 2066 452 2172 ἶπροσεχῶς
496 2069 850 2142 ἐντυγχάνων
893 2069 1116 2144 ευρήσει
1160 2075 1221 2127 ἐν
1263 2073 1502 2146 ἑκατέρω
1532 2070 1744 2142 πολλὴν

123 2151 262 2225 “τὴν
301 2154 474 2227 ζωὴν,
517 2152 660 2212 πολυ
702 2154 764 2211 τὸ
797 2179 944 2228 φως,
991 2154 1312 2227 ἀποτροπὴν
1351 2160 1450 2212 τοῦ
1492 2153 1742 2226 σκότους,

164 2242 372 2311 συνεχῆ
410 2238 512 2311 τὴν
550 2236 852 2312 ἀλήθειαν,
893 2237 995 2312 τὴν
1025 2238 1214 2313 χάριν,
1256 2238 1359 2312 τὴν
1389 2238 1596 2313 χαράν,
1640 2237 1742 2311 τὴν

125 2315 344 2421 ἶσάρκα
388 2325 481 2379 καὶ
525 2322 586 2380 τό
633 2321 768 2397 αἷμα
812 2328 912 2380 τοῦ
958 2330 1186 2397 κυρίου,
1236 2322 1339 2396 τὴν
1382 2330 1596 2397 κρίσιν,
1640 2322 1743 2396 τὴν

125 2400 368 2476 “άφεσιν
407 2412 518 2463 τῶν
558 2403 869 2479 ἁμαρτιῶν,
911 2406 1014 2480 τὴν
1044 2406 1177 2481 πρὸς
1210 2406 1352 2481 ἡμᾶς
1394 2407 1616 2480 ἀγάπην
1645 2411 1742 2465 τοῦ

127 2485 326 2561 “θεοῦ,
358 2489 460 2563 τὴν
490 2489 623 2564 πρὸς
655 2489 930 2564 ἀλλήλους
959 2488 1101 2565 ἡμᾶς
1131 2490 1347 2565 ἀγάπης
1380 2492 1626 2564 ἐντολὴν,
1670 2490 1742 2556 ὡς

126 2571 343 2640 “πάσας
387 2579 474 2631 δεῖ
511 2574 824 2647 φυλάσσειν
873 2575 967 2642 τὰς
1014 2576 1265 2642 ἐντολάς·
1311 2573 1340 2633 6
1382 2583 1600 2649 ἔλεγχος
1645 2581 1742 2632 τοῦ

123 2232 157 2255 (Ε

1758 578 1779 610 5

1763 998 1804 1029 10

1763 1415 1804 1448 15

1764 1837 1807 1869 20

1764 2255 1807 2288 25

130 2653 411 2731 “κόσμου,
443 2665 542 2717 τοῦ
577 2659 866 2732 διαβόλου,
898 2664 997 2717 τοῦ
1028 2657 1410 2735 ἀντιχρίστου,
1442 2659 1476 2733 ἡ
1510 2666 1738 2732 έπαγγε-
1763 2674 1805 2706 3⁰

249 2854 272 2893 7
303 2853 387 2896 Ev.
419 2853 579 2894 Ioann.
613 2855 649 2901 1,
686 2854 723 2892 1.
759 2855 826 2896 14.
887 2854 971 2906 Ep.
1004 2855 1162 2895 Ioann.
1197 2855 1234 2903 1,
1271 2855 1306 2893 1.
1340 2857 1386 2893 et
1415 2855 1455 2893 2.
