1986 3152
312 158 412 209 134
988 159 1236 201 EUSEBH

306 273 459 342 ἄξιον
491 277 576 340 δὶς
608 278 1045 347 καταριθμοῦντι
1069 273 1221 351 αὐτῷ
1249 275 1307 333 τὸ
1329 273 1590 336 Ἰωάννου
1613 276 1805 352 ὄνομα,
1840 272 1920 338 ‹52›

306 358 402 414 τὸν
442 359 545 431 μὲν
583 357 853 431 πρότερον
884 362 1079 435 Πέτρῳ
1113 363 1203 416 καὶ
1228 359 1469 437 Ἰακώβῳ
1511 365 1600 419 καὶ
1633 370 1920 440 Ματθαίῳ

308 445 399 499 καὶ
437 457 550 510 τοῖς
603 451 814 511 λοιποῖς
870 441 1194 511 ἀποστόλοις
1248 449 1672 519 συγκαταλέγει,
1726 450 1918 520 σαφῶς

309 531 495 600 δηλῶν
517 527 614 584 τὸν
640 522 1057 600 εῦαγγελιστην,
1089 528 1186 585 τὸν
1212 526 1266 585 δ’
1301 533 1489 602 ἕτερον
1508 527 1770 603 Ἰωάννην
1803 536 1918 589 δια-

265 640 285 671 5
310 616 526 677 στείλας
550 610 646 668 τὸν
670 610 835 684 λόγον
862 617 922 669 έν
946 615 1148 687 ἑτέροις
1173 636 1321 686 παρα
1344 613 1440 671 τὸν
1462 619 1573 671 τῶν
1597 613 1921 672 ἀποστόλων

306 695 550 768 ἀριθμὸν
581 695 924 768 κατατάσσει,
956 697 1227 768 προτάξας
1257 699 1430 756 αὐτοῦ
1454 698 1550 755 τὸν
1577 695 1919 771 Ἀριστίωνα,

306 799 496 880 σαφως
522 804 580 837 τε
611 777 783 837 αὐτὸν
807 781 1187 855 πρεσβύτερον
1217 781 1495 855 ὀνομάζει·
1529 787 1576 840 6.
1606 807 1677 848 ως
1703 785 1792 839 καὶ
1829 782 1919 840 διὰ

307 864 521 922 τούτων
552 862 998 923 ἀποδείκνυσθαι
1029 866 1130 939 τὴν
1164 872 1411 939 ἱστορίαν
1441 866 1626 940 ἀληθῆ
1667 891 1780 925 των
1819 868 1918 925 δύο

306 949 443 1005 κατὰ
465 949 567 1021 τὴν
591 948 747 1007 Ἀίαν
763 946 1054 1027 ὁμωνυμία
1070 954 1375 1026 κεχρῆσθαι
1396 951 1714 1024 εἰρηκότων,
1736 950 1837 1009 δύο
1859 976 1919 1010 τε

247 1063 287 1096 10
313 1032 593 1112 5v{Eq>e'‹592
612 1035 878 1106 γενέσθαι
896 1035 1150 1108 μνήματα
1167 1039 1258 1092 καὶ
1279 1035 1539 1109 ἑκάτερον
1557 1033 1815 1094 Ἰωάννου
1840 1043 1919 1093 ἔτι

306 1120 412 1175 νῦν
438 1120 714 1190 λέγεσθαι.
761 1115 843 1185 οἷς
868 1122 959 1176 καὶ
983 1117 1288 1192 ἀναγκαῖον
1313 1123 1605 1193 προσέχειν
1627 1118 1724 1177 τὸν
1746 1126 1912 1178 νοῦν··“

305 1201 450 1267 εἰκὸς
483 1201 587 1276 γάρ
620 1201 715 1259 τὸν
747 1202 1028 1276 δεύτερον,
1063 1211 1114 1261 εί
1140 1204 1215 1276 μή
1244 1228 1324 1270 τις
1351 1208 1533 1261 ἐθέλοι
1556 1204 1651 1261 τὸν
1674 1207 1912 1278 πρῶτον,

303 1279 409 1358 τὴν
454 1283 541 1343 ἐπ’
586 1285 854 1358 ὀνόματος
897 1291 1212 1362 φερομένην
1247 1287 1508 1345 Ἰωάννου
1561 1287 1917 1356 ἀποκάλυψιν

303 1373 619 1443 ἑωρακέναι.
685 1377 729 1426 7.
764 1373 855 1427 καὶ
886 1370 914 1428 ὁ
949 1375 1055 1429 νῦν
1089 1374 1148 1430 δὲ
1171 1369 1305 1445 ἡμῖν
1329 1373 1668 1446 ὃηλοῦμενος
1692 1379 1917 1438 Παπίας

241 1484 281 1516 15
305 1455 435 1522 τοῦς
473 1456 576 1528 μὲν
615 1458 727 1513 τῶν
767 1455 1097 1514 ἀποστόλων
1147 1456 1345 1529 λόγους
1386 1456 1533 1530 παρὰ
1575 1460 1686 1513 τῶν
1727 1453 1915 1523 αὐτοῖς

302 1539 882 1614 παρηκολουθηκότων
906 1537 1167 1614 ὁμολογεῖΙ
1187 1544 1610 1614 παρειληφέναι,
1638 1539 1916 1614 Ἀριστίω-

300 1649 395 1691 νος
431 1625 492 1681 δὲ
523 1627 614 1682 καὶ
644 1629 743 1682 τοῦ
773 1628 1152 1698 πρεσβυτέρου
1177 1624 1439 1683 Ἰωάννου
1482 1623 1756 1696 αὐτήκοον
1789 1627 1914 1681 ἑαυ-

300 1708 398 1766 τόν
428 1727 565 1782 φησι
597 1712 877 1782 γενέσθαι.
939 1709 1204 1783 ὀνομαστὶ
1245 1713 1384 1783 γοῦν
1426 1708 1686 1775 πολλάκις
1727 1707 1915 1766 αὐτῶν

300 1792 687 1866 μνημονεύσας
720 1797 781 1851 ἐν
810 1808 923 1861 τοῖς
956 1794 1129 1852 αὐτοῦ
1153 1794 1542 1869 συγγράμμασι
1565 1803 1790 1864 τίθησιν
1813 1791 1915 1850 αὗ-

239 1906 280 1938 20
302 1880 414 1935 τῶν
445 1881 535 1935 καὶ
571 1878 926 1952 παραδόσεις.
988 1884 1035 1935 8.
1069 1881 1160 1936 καὶ
1184 1882 1359 1935 ταῦτα
1383 1876 1437 1934 δ’
1461 1874 1595 1951 ἡμῖν
1627 1876 1729 1934 οὐκ
1754 1883 1830 1943 εἰς
1854 1875 1915 1934 τὸ

309 1960 583 2035 ἄχρηστον
617 1963 883 2036 εἰρήσθω.
947 1961 1101 2031 ἄξιον
1142 1964 1202 2020 δὲ
1243 1976 1360 2030 ταῖς
1392 1959 1788 2027 ἀποδοθείσαις
1817 1965 1914 2019 τοῦ
1963 1969 1965 1972 ⁴

302 2053 498 2103 Παπία
527 2061 743 2118 φωναῖς
774 2046 1054 2120 προσάψαι
1087 2050 1254 2116 λέξεις
1287 2050 1474 2150 ἑτέρας
1498 2044 1690 2118 αὐτοῦ,
1725 2044 1796 2102 δι’
1834 2069 1916 2102 ων

302 2129 586 2203 παράδοξά
629 2156 753 2188 τινα
794 2137 1004 2205 ἱστορει
1043 2134 1134 2188 καὶ
1174 2130 1313 2188 άλλα
1363 2130 1516 2188 ωσάν
1562 2134 1621 2186 ἐκ
1667 2128 1917 2202 παραδό-

303 2232 440 2280 σεως
473 2220 550 2281 εἰς
582 2213 755 2272 αὐτὸν
789 2213 1037 2272 ἐλθόντα.
1101 2215 1242 2272 9.τό
1272 2239 1374 2287 μεν
1405 2206 1506 2271 οὖν
1537 2238 1671 2270 κατα
1695 2212 1795 2286 τὴν
1817 2212 1916 2271 Ιε-

236 2325 278 2358 25
306 2297 542 2373 ράπολιν
568 2306 848 2356 Φίλιππον
871 2298 968 2356 τὸν
990 2297 1303 2355 ἀπόστολον
1326 2296 1437 2371 ἅμα
1461 2311 1580 2364 ταῖς
1603 2296 1916 2371 θυγατράσι

306 2389 589 2456 διατρῖψαι
633 2382 724 2440 διὰ
763 2387 875 2441 τῶν
917 2381 1173 2456 πρόσθεν
1206 2381 1538 2456 δεδήλωται,
1582 2378 1654 2448 ὥς
1686 2382 1748 2438 δὲ
1777 2381 1915 2438 κατὰ

303 2466 431 2534 τούς
464 2466 667 2534 αὐτοὺς
698 2465 726 2525 ὁ
759 2474 982 2535 Παπίας
1023 2466 1319 2539 γενόμενος
1362 2465 1616 2539 διήγησιν
1655 2474 1914 2538 παρειλη-

303 2554 469 2624 φέναι
500 2560 826 2626 θαυμασίαν
856 2551 967 2609 ὑπὸ
999 2556 1111 2609 τῶν
1140 2554 1239 2608 τοῦ
1270 2558 1554 2608 Φιλίππου
1583 2551 1915 2622 θυγατέρων

305 2635 642 2709 μνημονεύει
700 2636 765 2694 τά
818 2641 924 2695 νῦν
965 2637 1312 2709 σημειωτέον.
1395 2637 1598 2707 νεκροῦ
1634 2633 1740 2706 γὰρ
1782 2630 1933 2690 ἀνά-’

242 2745 283 2778 30
311 2739 507 2777 στασιν
538 2720 655 2777 κατ’
693 2721 863 2779 αὐτὸν
893 2734 1193 2793 γεγονυῖαν
1225 2724 1458 2793 ἱστορεῖ,
1501 2719 1593 2774 καὶ
1633 2709 1703 2774 αὖ
1743 2715 1947 2774 mii-mr

306 2800 493 2879 ἕτερον
518 2804 833 2878 παράδοξον
857 2808 985 2878 περὶ
1002 2804 1243 2861 Ἰοῦστον
1265 2803 1362 2860 τὸν
1388 2805 1755 2875 ἐπικληθέντα
1773 2810 1913 2873 Βαρ-

305 2894 524 2962 σαββᾶν
556 2889 800 2962 γεγονὸς,
835 2888 907 2956 ὡς
941 2887 1274 2961 δηλητήριον
1303 2885 1596 2960 φάρμακον
1628 2884 1914 2958 ἐμπιόντος
