<?xml version="1.0" encoding="UTF-8"?>
<!DOCTYPE html PUBLIC "-//W3C//DTD XHTML 1.0 Transitional//EN"
    "http://www.w3.org/TR/xhtml1/DTD/xhtml1-transitional.dtd">
<html xmlns="http://www.w3.org/1999/xhtml" xml:lang="en" lang="en">
 <head>
  <title>
</title>
<meta http-equiv="Content-Type" content="text/html;charset=utf-8" />
  <meta name='ocr-system' content='tesseract 3.04.00' />
  <meta name='ocr-capabilities' content='ocr_page ocr_carea ocr_par ocr_line ocrx_word'/>
</head>
<body>
  <div class='ocr_page' id='page_1' title='image "./operaeusebius04euseuoft_0354.png"; bbox 0 0 1986 3152; ppageno 0'>
   <div class='ocr_carea' id='block_1_1' title="bbox 249 114 1173 166">
    <p class='ocr_par' dir='ltr' id='par_1_1' title="bbox 249 114 1173 166">
     <span class='ocr_line' id='line_1_1' title="bbox 249 114 1173 166; baseline -0.01 0"><span class='ocrx_word' id='word_1_1' title='bbox 249 115 352 166; x_wconf 72' lang='lat'><em>294</em></span> <span class='ocrx_word' id='word_1_2' title='bbox 925 114 1173 157; x_wconf 82' lang='lat' dir='ltr'>EUSEBII</span> 
     </span>
    </p>
   </div>
   <div class='ocr_carea' id='block_1_2' title="bbox 179 228 1868 2922">
    <p class='ocr_par' dir='ltr' id='par_1_2' title="bbox 235 228 1862 558">
     <span class='ocr_line' id='line_1_2' title="bbox 235 228 1856 304; baseline 0.003 -19"><span class='ocrx_word' id='word_1_3' title='bbox 235 229 365 286; x_wconf 43' lang='grc' dir='ltr'><em>((καὶ</em></span> <span class='ocrx_word' id='word_1_4' title='bbox 397 236 600 302; x_wconf 86' lang='grc' dir='ltr'><em>ἔρημον</em></span> <span class='ocrx_word' id='word_1_5' title='bbox 630 229 939 301; x_wconf 84' lang='grc' dir='ltr'><em>γεγονέναι,</em></span> <span class='ocrx_word' id='word_1_6' title='bbox 971 229 1500 304; x_wconf 78' lang='grc' dir='ltr'><em>καταλιμπανόντων</em></span> <span class='ocrx_word' id='word_1_7' title='bbox 1531 231 1703 290; x_wconf 80' lang='grc' dir='ltr'><em>αὐτὸν</em></span> <span class='ocrx_word' id='word_1_8' title='bbox 1727 228 1856 290; x_wconf 83' lang='grc' dir='ltr'><em>καθ’</em></span> 
     </span>
     <span class='ocr_line' id='line_1_3' title="bbox 236 310 1858 419; baseline 0.003 -50.12"><span class='ocrx_word' id='word_1_9' title='bbox 236 310 483 419; x_wconf 51' lang='grc' dir='ltr'><em>ἱζὴμέραν</em></span> <span class='ocrx_word' id='word_1_10' title='bbox 514 313 749 385; x_wconf 79' lang='grc' dir='ltr'><em>ἑκάστην</em></span> <span class='ocrx_word' id='word_1_11' title='bbox 779 315 891 370; x_wconf 71' lang='grc' dir='ltr'><em>τῶν</em></span> <span class='ocrx_word' id='word_1_12' title='bbox 931 314 1224 387; x_wconf 73' lang='grc' dir='ltr'><em>ἀδελφῶν,</em></span> <span class='ocrx_word' id='word_1_13' title='bbox 1269 315 1361 371; x_wconf 85' lang='grc' dir='ltr'><em>καὶ</em></span> <span class='ocrx_word' id='word_1_14' title='bbox 1409 321 1486 382; x_wconf 83' lang='grc' dir='ltr'><em>εἰς</em></span> <span class='ocrx_word' id='word_1_15' title='bbox 1524 314 1627 388; x_wconf 84' lang='grc' dir='ltr'><em>τὴν</em></span> <span class='ocrx_word' id='word_1_16' title='bbox 1667 319 1858 390; x_wconf 82' lang='grc' dir='ltr'><em>ἐκκλη-</em></span> 
     </span>
     <span class='ocr_line' id='line_1_4' title="bbox 236 394 1861 499; baseline 0.003 -46.12"><span class='ocrx_word' id='word_1_17' title='bbox 236 394 403 499; x_wconf 52' lang='grc' dir='ltr'><em>Ξῖσίαν</em></span> <span class='ocrx_word' id='word_1_18' title='bbox 445 398 915 471; x_wconf 81' lang='grc' dir='ltr'><em>ἐπανερχομένων.</em></span> <span class='ocrx_word' id='word_1_19' title='bbox 988 395 1053 455; x_wconf 79' lang='grc' dir='ltr'><em>ὃν</em></span> <span class='ocrx_word' id='word_1_20' title='bbox 1096 400 1187 454; x_wconf 84' lang='grc' dir='ltr'><em>καὶ</em></span> <span class='ocrx_word' id='word_1_21' title='bbox 1230 402 1481 472; x_wconf 84' lang='grc' dir='ltr'><em>Μωυσῆς</em></span> <span class='ocrx_word' id='word_1_22' title='bbox 1522 398 1550 456; x_wconf 84' lang='grc' dir='ltr'>ὁ</span> <span class='ocrx_word' id='word_1_23' title='bbox 1594 399 1861 475; x_wconf 77' lang='grc' dir='ltr'><em>μακάριος</em></span> 
     </span>
     <span class='ocr_line' id='line_1_5' title="bbox 272 477 1862 558; baseline 0.003 -21"><span class='ocrx_word' id='word_1_24' title='bbox 236 478 519 589; x_wconf 52' lang='lat' dir='ltr'><em>:ffldpvvffi</em></span> <span class='ocrx_word' id='word_1_25' title='bbox 563 478 591 538; x_wconf 87' lang='grc' dir='ltr'>ὁ</span> <span class='ocrx_word' id='word_1_26' title='bbox 645 478 775 555; x_wconf 92' lang='grc' dir='ltr'><em>παρ’</em></span> <span class='ocrx_word' id='word_1_27' title='bbox 829 477 962 555; x_wconf 78' lang='grc' dir='ltr'><em>ἡμῖν</em></span> <span class='ocrx_word' id='word_1_28' title='bbox 1016 487 1242 556; x_wconf 76' lang='grc' dir='ltr'><em>ἔναγχος</em></span> <span class='ocrx_word' id='word_1_29' title='bbox 1291 482 1647 558; x_wconf 78' lang='grc' dir='ltr'>μαρτυρήσας</span> <span class='ocrx_word' id='word_1_30' title='bbox 1685 484 1862 557; x_wconf 82' lang='grc' dir='ltr'><em>καλήν</em></span> 
     </span>
    </p>

    <p class='ocr_par' dir='ltr' id='par_1_3' title="bbox 202 565 1860 726">
     <span class='ocr_line' id='line_1_6' title="bbox 202 565 1860 646; baseline 0.002 -24"><span class='ocrx_word' id='word_1_31' title='bbox 202 584 222 615; x_wconf 98' lang='lat'>5</span> <span class='ocrx_word' id='word_1_32' title='bbox 257 565 401 623; x_wconf 70' lang='lat' dir='ltr'><em>‘twa</em></span> <span class='ocrx_word' id='word_1_33' title='bbox 432 568 523 622; x_wconf 81' lang='grc' dir='ltr'><em>καὶ</em></span> <span class='ocrx_word' id='word_1_34' title='bbox 553 566 888 640; x_wconf 79' lang='grc' dir='ltr'><em>θαυμαστὴν</em></span> <span class='ocrx_word' id='word_1_35' title='bbox 929 575 1268 641; x_wconf 77' lang='grc' dir='ltr'><em>μαρτυρίαν,</em></span> <span class='ocrx_word' id='word_1_36' title='bbox 1312 574 1392 624; x_wconf 82' lang='grc' dir='ltr'><em>ἔτι</em></span> <span class='ocrx_word' id='word_1_37' title='bbox 1434 592 1513 624; x_wconf 93' lang='grc' dir='ltr'><em>ων</em></span> <span class='ocrx_word' id='word_1_38' title='bbox 1557 571 1617 624; x_wconf 84' lang='grc' dir='ltr'><em>ἐν</em></span> <span class='ocrx_word' id='word_1_39' title='bbox 1656 567 1860 646; x_wconf 82' lang='grc' dir='ltr'><em>κόσμω,</em></span> 
     </span>
     <span class='ocr_line' id='line_1_7' title="bbox 231 647 1856 726; baseline 0.002 -20"><span class='ocrx_word' id='word_1_40' title='bbox 231 647 513 716; x_wconf 12' lang='grc' dir='ltr'><em>τΑ’κατιδιὸν</em></span> <span class='ocrx_word' id='word_1_41' title='bbox 553 648 724 707; x_wconf 79' lang='grc' dir='ltr'><em>αὐτοῦ</em></span> <span class='ocrx_word' id='word_1_42' title='bbox 765 650 867 723; x_wconf 89' lang='grc' dir='ltr'><em>τὴν</em></span> <span class='ocrx_word' id='word_1_43' title='bbox 909 649 1235 724; x_wconf 79' lang='grc' dir='ltr'><em>θρασύτητα</em></span> <span class='ocrx_word' id='word_1_44' title='bbox 1277 653 1368 709; x_wconf 83' lang='grc' dir='ltr'><em>καὶ</em></span> <span class='ocrx_word' id='word_1_45' title='bbox 1413 651 1517 723; x_wconf 89' lang='grc' dir='ltr'><em>τὴν</em></span> <span class='ocrx_word' id='word_1_46' title='bbox 1566 649 1856 726; x_wconf 72' lang='grc' dir='ltr'><em>ἀπόνοιαν,</em></span> 
     </span>
    </p>

    <p class='ocr_par' dir='ltr' id='par_1_4' title="bbox 232 732 1863 811">
     <span class='ocr_line' id='line_1_8' title="bbox 232 732 1863 811; baseline 0.002 -20"><span class='ocrx_word' id='word_1_47' title='bbox 232 732 648 808; x_wconf 73' lang='grc' dir='ltr'><em>“οέκοινοόνητον</em></span> <span class='ocrx_word' id='word_1_48' title='bbox 691 737 913 808; x_wconf 83' lang='grc' dir='ltr'><em>ἐποίησε</em></span> <span class='ocrx_word' id='word_1_49' title='bbox 955 735 1064 792; x_wconf 80' lang='grc' dir='ltr'><em>σύν</em></span> <span class='ocrx_word' id='word_1_50' title='bbox 1103 749 1217 802; x_wconf 80' lang='grc' dir='ltr'><em>τοῖς</em></span> <span class='ocrx_word' id='word_1_51' title='bbox 1260 738 1425 794; x_wconf 81' lang='grc' dir='ltr'><em>πέντε</em></span> <span class='ocrx_word' id='word_1_52' title='bbox 1467 739 1863 811; x_wconf 83' lang='grc' dir='ltr'><em>πρεσβυτέροις</em></span> 
     </span>
    </p>

    <p class='ocr_par' dir='ltr' id='par_1_5' title="bbox 232 814 1860 896">
     <span class='ocr_line' id='line_1_9' title="bbox 232 814 1860 896; baseline 0.002 -21"><span class='ocrx_word' id='word_1_53' title='bbox 232 814 383 885; x_wconf 65' lang='lat' dir='ltr'><em>“vove</em></span> <span class='ocrx_word' id='word_1_54' title='bbox 415 816 526 893; x_wconf 77' lang='grc' dir='ltr'><em>ἅμα</em></span> <span class='ocrx_word' id='word_1_55' title='bbox 558 817 705 896; x_wconf 76' lang='grc' dir='ltr'><em>αὐτῷ</em></span> <span class='ocrx_word' id='word_1_56' title='bbox 737 818 1105 893; x_wconf 81' lang='grc' dir='ltr'><em>ἀποσχίσασιν</em></span> <span class='ocrx_word' id='word_1_57' title='bbox 1136 820 1369 887; x_wconf 78' lang='grc' dir='ltr'><em>ἑαυτοὺς</em></span> <span class='ocrx_word' id='word_1_58' title='bbox 1400 826 1495 893; x_wconf 83' lang='grc' dir='ltr'><em>τῆς</em></span> <span class='ocrx_word' id='word_1_59' title='bbox 1521 819 1860 893; x_wconf 80' lang='grc' dir='ltr'><em>ἐκκλησίας.”</em></span> 
     </span>
    </p>

    <p class='ocr_par' dir='ltr' id='par_1_6' title="bbox 241 902 1864 979">
     <span class='ocr_line' id='line_1_10' title="bbox 241 902 1864 979; baseline 0.002 -21"><span class='ocrx_word' id='word_1_60' title='bbox 241 908 325 958; x_wconf 88' lang='grc'><em>21.</em></span> <span class='ocrx_word' id='word_1_61' title='bbox 370 909 461 960; x_wconf 80' lang='grc' dir='ltr'><em>καὶ</em></span> <span class='ocrx_word' id='word_1_62' title='bbox 505 905 592 960; x_wconf 85' lang='grc' dir='ltr'><em>ἐπὶ</em></span> <span class='ocrx_word' id='word_1_63' title='bbox 634 906 778 961; x_wconf 85' lang='grc' dir='ltr'><em>τέλει</em></span> <span class='ocrx_word' id='word_1_64' title='bbox 822 905 882 961; x_wconf 73' lang='grc' dir='ltr'><em>δὲ</em></span> <span class='ocrx_word' id='word_1_65' title='bbox 926 907 1021 976; x_wconf 84' lang='grc' dir='ltr'><em>τῆς</em></span> <span class='ocrx_word' id='word_1_66' title='bbox 1064 907 1351 978; x_wconf 80' lang='grc' dir='ltr'><em>ἐπιστολῆς</em></span> <span class='ocrx_word' id='word_1_67' title='bbox 1391 909 1504 962; x_wconf 79' lang='grc' dir='ltr'><em>τῶν</em></span> <span class='ocrx_word' id='word_1_68' title='bbox 1546 907 1635 962; x_wconf 85' lang='grc' dir='ltr'><em>ἐπὶ</em></span> <span class='ocrx_word' id='word_1_69' title='bbox 1661 902 1864 979; x_wconf 76' lang='grc' dir='ltr'><em>Ῥώμης</em></span> 
     </span>
    </p>

    <p class='ocr_par' dir='ltr' id='par_1_7' title="bbox 181 987 1866 1399">
     <span class='ocr_line' id='line_1_11' title="bbox 181 987 1865 1061; baseline 0.001 -17"><span class='ocrx_word' id='word_1_70' title='bbox 181 1007 222 1038; x_wconf 87' lang='grc'><em>10</em></span> <span class='ocrx_word' id='word_1_71' title='bbox 245 990 712 1061; x_wconf 84' lang='grc' dir='ltr'><em>παραγενομένων</em></span> <span class='ocrx_word' id='word_1_72' title='bbox 745 987 1061 1046; x_wconf 83' lang='grc' dir='ltr'><em>ἐπισκόπων</em></span> <span class='ocrx_word' id='word_1_73' title='bbox 1089 994 1185 1061; x_wconf 84' lang='grc' dir='ltr'><em>τῆς</em></span> <span class='ocrx_word' id='word_1_74' title='bbox 1215 1012 1276 1045; x_wconf 87' lang='grc' dir='ltr'><em>τε</em></span> <span class='ocrx_word' id='word_1_75' title='bbox 1306 991 1408 1046; x_wconf 80' lang='grc' dir='ltr'><em>τοῦ</em></span> <span class='ocrx_word' id='word_1_76' title='bbox 1437 988 1732 1046; x_wconf 79' lang='grc' dir='ltr'><em>Νοουάτου</em></span> <span class='ocrx_word' id='word_1_77' title='bbox 1763 1014 1865 1047; x_wconf 84' lang='grc' dir='ltr'><em>κα-</em></span> 
     </span>
     <span class='ocr_line' id='line_1_12' title="bbox 242 1069 1865 1147; baseline 0.002 -18"><span class='ocrx_word' id='word_1_78' title='bbox 242 1071 600 1144; x_wconf 88' lang='grc' dir='ltr'><em>τεγνωκότων</em></span> <span class='ocrx_word' id='word_1_79' title='bbox 642 1069 962 1147; x_wconf 78' lang='grc' dir='ltr'><em>ἀβελτερίας</em></span> <span class='ocrx_word' id='word_1_80' title='bbox 1003 1072 1309 1146; x_wconf 81' lang='grc' dir='ltr'><em>καταλογον</em></span> <span class='ocrx_word' id='word_1_81' title='bbox 1349 1079 1670 1146; x_wconf 87' lang='grc' dir='ltr'><em>πεποίηται,</em></span> <span class='ocrx_word' id='word_1_82' title='bbox 1723 1071 1865 1146; x_wconf 77' lang='grc' dir='ltr'><em>ὁμοῦ</em></span> 
     </span>
     <span class='ocr_line' id='line_1_13' title="bbox 241 1153 1862 1231; baseline 0.001 -18"><span class='ocrx_word' id='word_1_83' title='bbox 241 1182 307 1213; x_wconf 90' lang='grc' dir='ltr'><em>τα</em></span> <span class='ocrx_word' id='word_1_84' title='bbox 354 1181 413 1213; x_wconf 88' lang='grc' dir='ltr'><em>τε</em></span> <span class='ocrx_word' id='word_1_85' title='bbox 453 1154 697 1230; x_wconf 83' lang='grc' dir='ltr'><em>ὀνόματα</em></span> <span class='ocrx_word' id='word_1_86' title='bbox 740 1160 831 1213; x_wconf 80' lang='grc' dir='ltr'><em>καὶ</em></span> <span class='ocrx_word' id='word_1_87' title='bbox 883 1159 946 1229; x_wconf 76' lang='grc' dir='ltr'><em>ἧς</em></span> <span class='ocrx_word' id='word_1_88' title='bbox 998 1153 1026 1213; x_wconf 87' lang='grc' dir='ltr'>ὁ</span> <span class='ocrx_word' id='word_1_89' title='bbox 1080 1168 1275 1224; x_wconf 83' lang='grc' dir='ltr'><em>καθεῖς</em></span> <span class='ocrx_word' id='word_1_90' title='bbox 1328 1155 1518 1214; x_wconf 79' lang='grc' dir='ltr'><em>αὐτῶν</em></span> <span class='ocrx_word' id='word_1_91' title='bbox 1569 1172 1862 1231; x_wconf 78' lang='grc' dir='ltr'><em>προηγεῖτο</em></span> 
     </span>
     <span class='ocr_line' id='line_1_14' title="bbox 242 1240 1863 1315; baseline 0.002 -19"><span class='ocrx_word' id='word_1_92' title='bbox 242 1246 530 1314; x_wconf 85' lang='grc' dir='ltr'><em>παροικίας</em></span> <span class='ocrx_word' id='word_1_93' title='bbox 574 1240 1087 1314; x_wconf 84' lang='grc' dir='ltr'><em>ἐπισημαινόμενος.</em></span> <span class='ocrx_word' id='word_1_94' title='bbox 1150 1246 1234 1298; x_wconf 91' lang='grc'><em>22.</em></span> <span class='ocrx_word' id='word_1_95' title='bbox 1267 1246 1380 1298; x_wconf 77' lang='grc' dir='ltr'><em>τῶν</em></span> <span class='ocrx_word' id='word_1_96' title='bbox 1418 1264 1478 1298; x_wconf 90' lang='grc' dir='ltr'><em>τε</em></span> <span class='ocrx_word' id='word_1_97' title='bbox 1519 1240 1593 1314; x_wconf 86' lang='grc' dir='ltr'><em>μὴ</em></span> <span class='ocrx_word' id='word_1_98' title='bbox 1625 1263 1863 1315; x_wconf 86' lang='grc' dir='ltr'><em>παραγε-</em></span> 
     </span>
     <span class='ocr_line' id='line_1_15' title="bbox 243 1321 1866 1399; baseline 0.001 -17"><span class='ocrx_word' id='word_1_99' title='bbox 243 1327 494 1398; x_wconf 80' lang='grc' dir='ltr'><em>νομένων</em></span> <span class='ocrx_word' id='word_1_100' title='bbox 534 1349 635 1398; x_wconf 91' lang='grc' dir='ltr'><em>μεν</em></span> <span class='ocrx_word' id='word_1_101' title='bbox 679 1327 767 1382; x_wconf 83' lang='grc' dir='ltr'><em>ἐπὶ</em></span> <span class='ocrx_word' id='word_1_102' title='bbox 806 1328 901 1397; x_wconf 83' lang='grc' dir='ltr'><em>τῆς</em></span> <span class='ocrx_word' id='word_1_103' title='bbox 938 1321 1170 1399; x_wconf 90' lang='grc' dir='ltr'><em>Ρωμης,</em></span> <span class='ocrx_word' id='word_1_104' title='bbox 1225 1324 1761 1398; x_wconf 80' lang='grc' dir='ltr'><em>συνευδοκησαντων</em></span> <span class='ocrx_word' id='word_1_105' title='bbox 1803 1326 1866 1383; x_wconf 82' lang='grc' dir='ltr'><em>δε</em></span> 
     </span>
    </p>

    <p class='ocr_par' dir='ltr' id='par_1_8' title="bbox 179 1407 1866 1654">
     <span class='ocr_line' id='line_1_16' title="bbox 179 1407 1865 1515; baseline 0.001 -50"><span class='ocrx_word' id='word_1_106' title='bbox 179 1425 219 1458; x_wconf 90' lang='grc'><em>15</em></span> <span class='ocrx_word' id='word_1_107' title='bbox 248 1407 338 1465; x_wconf 84' lang='grc' dir='ltr'><em>δια</em></span> <span class='ocrx_word' id='word_1_108' title='bbox 377 1433 715 1483; x_wconf 88' lang='grc' dir='ltr'><em>γραμματων</em></span> <span class='ocrx_word' id='word_1_109' title='bbox 764 1414 830 1484; x_wconf 80' lang='grc' dir='ltr'><em>τῇ</em></span> <span class='ocrx_word' id='word_1_110' title='bbox 881 1415 995 1466; x_wconf 77' lang='grc' dir='ltr'><em>τῶν</em></span> <span class='ocrx_word' id='word_1_111' title='bbox 1045 1411 1464 1515; x_wconf 81' lang='grc' dir='ltr'><em>προειρημένων</em></span> <span class='ocrx_word' id='word_1_112' title='bbox 1510 1410 1710 1488; x_wconf 82' lang='grc' dir='ltr'><em>ψήφω,</em></span> <span class='ocrx_word' id='word_1_113' title='bbox 1769 1434 1865 1478; x_wconf 86' lang='grc' dir='ltr'><em>τας</em></span> 
     </span>
     <span class='ocr_line' id='line_1_17' title="bbox 242 1491 1866 1569; baseline 0.001 -18"><span class='ocrx_word' id='word_1_114' title='bbox 242 1500 614 1569; x_wconf 80' lang='grc' dir='ltr'><em>προσηγορίας</em></span> <span class='ocrx_word' id='word_1_115' title='bbox 645 1492 785 1567; x_wconf 80' lang='grc' dir='ltr'><em>ὁμοῦ</em></span> <span class='ocrx_word' id='word_1_116' title='bbox 815 1496 906 1550; x_wconf 84' lang='grc' dir='ltr'><em>καὶ</em></span> <span class='ocrx_word' id='word_1_117' title='bbox 936 1518 1031 1561; x_wconf 87' lang='grc' dir='ltr'><em>τας</em></span> <span class='ocrx_word' id='word_1_118' title='bbox 1059 1493 1244 1561; x_wconf 87' lang='grc' dir='ltr'><em>πόλεις</em></span> <span class='ocrx_word' id='word_1_119' title='bbox 1268 1492 1407 1552; x_wconf 76' lang='grc' dir='ltr'><em>ὅθεν</em></span> <span class='ocrx_word' id='word_1_120' title='bbox 1432 1498 1657 1562; x_wconf 73' lang='grc' dir='ltr'><em>ἕκαστος</em></span> <span class='ocrx_word' id='word_1_121' title='bbox 1680 1491 1866 1568; x_wconf 69' lang='grc' dir='ltr'><em>ὁρμαί-</em></span> 
     </span>
     <span class='ocr_line' id='line_1_18' title="bbox 241 1575 1866 1654; baseline 0 -18"><span class='ocrx_word' id='word_1_122' title='bbox 241 1603 404 1651; x_wconf 91' lang='grc' dir='ltr'><em>μενος</em></span> <span class='ocrx_word' id='word_1_123' title='bbox 439 1581 728 1636; x_wconf 82' lang='grc' dir='ltr'><em>ἐπέστελλε</em></span> <span class='ocrx_word' id='word_1_124' title='bbox 759 1577 1106 1652; x_wconf 84' lang='grc' dir='ltr'><em>μνημονεύει.</em></span> <span class='ocrx_word' id='word_1_125' title='bbox 1168 1583 1342 1636; x_wconf 83' lang='grc' dir='ltr'><em>ταῦτα</em></span> <span class='ocrx_word' id='word_1_126' title='bbox 1373 1603 1476 1652; x_wconf 91' lang='grc' dir='ltr'><em>μεν</em></span> <span class='ocrx_word' id='word_1_127' title='bbox 1505 1575 1533 1636; x_wconf 82' lang='grc' dir='ltr'><em>ὅ</em></span> <span class='ocrx_word' id='word_1_128' title='bbox 1559 1577 1866 1654; x_wconf 88' lang='grc' dir='ltr'><em>Κορνήλιος</em></span> 
     </span>
    </p>

    <p class='ocr_par' dir='ltr' id='par_1_9' title="bbox 246 1660 1580 1740">
     <span class='ocr_line' id='line_1_19' title="bbox 246 1660 1580 1740; baseline 0.001 -21"><span class='ocrx_word' id='word_1_129' title='bbox 246 1669 440 1740; x_wconf 77' lang='grc' dir='ltr'><em>Φαβίῳ</em></span> <span class='ocrx_word' id='word_1_130' title='bbox 468 1660 797 1737; x_wconf 85' lang='grc' dir='ltr'><em>Ἀντιοχείας</em></span> <span class='ocrx_word' id='word_1_131' title='bbox 830 1664 1108 1740; x_wconf 78' lang='grc' dir='ltr'><em>ἐπισκόπςο</em></span> <span class='ocrx_word' id='word_1_132' title='bbox 1142 1667 1327 1738; x_wconf 73' lang='grc' dir='ltr'><em>δηλῶν</em></span> <span class='ocrx_word' id='word_1_133' title='bbox 1359 1669 1580 1736; x_wconf 81' lang='grc' dir='ltr'><em>ἔγραφε.</em></span> 
     </span>
    </p>

    <p class='ocr_par' dir='ltr' id='par_1_10' title="bbox 375 1746 1865 1825">
     <span class='ocr_line' id='line_1_20' title="bbox 375 1746 1865 1825; baseline -0.003 -17"><span class='ocrx_word' id='word_1_134' title='bbox 375 1759 539 1808; x_wconf 85' lang='lat' dir='ltr'>XLIV.</span> <span class='ocrx_word' id='word_1_135' title='bbox 608 1758 738 1825; x_wconf 78' lang='lat' dir='ltr'>[Nic.</span> <span class='ocrx_word' id='word_1_136' title='bbox 779 1759 838 1807; x_wconf 89' lang='lat' dir='ltr'><em>H.</em></span> <span class='ocrx_word' id='word_1_137' title='bbox 879 1759 933 1808; x_wconf 81' lang='lat' dir='ltr'><em>E.</em></span> <span class='ocrx_word' id='word_1_138' title='bbox 975 1759 1050 1816; x_wconf 82' lang='lat' dir='ltr'><em>vl,</em></span> <span class='ocrx_word' id='word_1_139' title='bbox 1091 1757 1163 1824; x_wconf 84' lang='lat'><em>6.]</em></span> <span class='ocrx_word' id='word_1_140' title='bbox 1259 1750 1348 1824; x_wconf 74' lang='grc' dir='ltr'><em>Τῷ</em></span> <span class='ocrx_word' id='word_1_141' title='bbox 1390 1746 1440 1805; x_wconf 77' lang='grc' dir='ltr'><em>δ’</em></span> <span class='ocrx_word' id='word_1_142' title='bbox 1489 1746 1639 1825; x_wconf 71' lang='grc' dir='ltr'><em>αὐτῷ</em></span> <span class='ocrx_word' id='word_1_143' title='bbox 1689 1746 1865 1825; x_wconf 68' lang='grc' dir='ltr'><em>τούτῳ</em></span> 
     </span>
    </p>

    <p class='ocr_par' dir='ltr' id='par_1_11' title="bbox 185 1828 1868 2243">
     <span class='ocr_line' id='line_1_21' title="bbox 185 1828 1867 1910; baseline 0 -22"><span class='ocrx_word' id='word_1_144' title='bbox 185 1849 227 1880; x_wconf 84' lang='lat'><em>20</em></span> <span class='ocrx_word' id='word_1_145' title='bbox 256 1838 455 1910; x_wconf 75' lang='grc' dir='ltr'><em>Φαβίῳ</em></span> <span class='ocrx_word' id='word_1_146' title='bbox 486 1828 1048 1910; x_wconf 77' lang='grc' dir='ltr'><em>ὑποκατακλινομένω</em></span> <span class='ocrx_word' id='word_1_147' title='bbox 1079 1855 1196 1900; x_wconf 91' lang='grc' dir='ltr'><em>πως</em></span> <span class='ocrx_word' id='word_1_148' title='bbox 1226 1835 1303 1910; x_wconf 73' lang='grc' dir='ltr'><em>τῷ</em></span> <span class='ocrx_word' id='word_1_149' title='bbox 1333 1838 1590 1906; x_wconf 90' lang='grc' dir='ltr'><em>σχίσματι</em></span> <span class='ocrx_word' id='word_1_150' title='bbox 1619 1833 1709 1889; x_wconf 82' lang='grc' dir='ltr'><em>καὶ</em></span> <span class='ocrx_word' id='word_1_151' title='bbox 1734 1841 1867 1889; x_wconf 87' lang='grc' dir='ltr'><em>Διο-</em></span> 
     </span>
     <span class='ocr_line' id='line_1_22' title="bbox 243 1913 1868 1991; baseline 0 -18"><span class='ocrx_word' id='word_1_152' title='bbox 243 1915 435 1982; x_wconf 85' lang='grc' dir='ltr'><em>νύσιος</em></span> <span class='ocrx_word' id='word_1_153' title='bbox 477 1913 505 1973; x_wconf 83' lang='grc' dir='ltr'><em>ὃ</em></span> <span class='ocrx_word' id='word_1_154' title='bbox 549 1915 669 1973; x_wconf 78' lang='grc' dir='ltr'><em>κατ’</em></span> <span class='ocrx_word' id='word_1_155' title='bbox 714 1915 1139 1991; x_wconf 77' lang='grc' dir='ltr'><em>Ἀλεξάνδρειαν</em></span> <span class='ocrx_word' id='word_1_156' title='bbox 1193 1920 1529 1988; x_wconf 83' lang='grc' dir='ltr'><em>ἐπιστείλας,</em></span> <span class='ocrx_word' id='word_1_157' title='bbox 1582 1914 1758 1974; x_wconf 68' lang='grc' dir='ltr'><em>πολλοί</em></span> <span class='ocrx_word' id='word_1_158' title='bbox 1808 1938 1868 1973; x_wconf 89' lang='grc' dir='ltr'><em>τε</em></span> 
     </span>
     <span class='ocr_line' id='line_1_23' title="bbox 242 1998 1864 2074; baseline 0 -18"><span class='ocrx_word' id='word_1_159' title='bbox 242 2002 333 2057; x_wconf 80' lang='grc' dir='ltr'><em>καὶ</em></span> <span class='ocrx_word' id='word_1_160' title='bbox 376 1999 515 2057; x_wconf 73' lang='grc' dir='ltr'><em>ἄλλα</em></span> <span class='ocrx_word' id='word_1_161' title='bbox 559 2003 686 2073; x_wconf 87' lang='grc' dir='ltr'><em>περὶ</em></span> <span class='ocrx_word' id='word_1_162' title='bbox 732 2008 1022 2073; x_wconf 88' lang='grc' dir='ltr'><em>μετανοίας</em></span> <span class='ocrx_word' id='word_1_163' title='bbox 1066 2005 1126 2058; x_wconf 84' lang='grc' dir='ltr'><em>ἐν</em></span> <span class='ocrx_word' id='word_1_164' title='bbox 1167 2015 1281 2067; x_wconf 79' lang='grc' dir='ltr'><em>τοῖς</em></span> <span class='ocrx_word' id='word_1_165' title='bbox 1325 1999 1461 2073; x_wconf 83' lang='grc' dir='ltr'><em>πρὸς</em></span> <span class='ocrx_word' id='word_1_166' title='bbox 1493 1998 1664 2059; x_wconf 78' lang='grc' dir='ltr'><em>αὐτὸν</em></span> <span class='ocrx_word' id='word_1_167' title='bbox 1695 1999 1864 2074; x_wconf 75' lang='grc' dir='ltr'><em>γράμ-</em></span> 
     </span>
     <span class='ocr_line' id='line_1_24' title="bbox 243 2083 1866 2158; baseline 0.001 -18"><span class='ocrx_word' id='word_1_168' title='bbox 243 2102 376 2157; x_wconf 93' lang='grc' dir='ltr'><em>μασι</em></span> <span class='ocrx_word' id='word_1_169' title='bbox 422 2084 697 2157; x_wconf 77' lang='grc' dir='ltr'><em>διελθών,</em></span> <span class='ocrx_word' id='word_1_170' title='bbox 754 2091 866 2142; x_wconf 78' lang='grc' dir='ltr'><em>τῶν</em></span> <span class='ocrx_word' id='word_1_171' title='bbox 905 2108 963 2142; x_wconf 89' lang='grc' dir='ltr'><em>τε</em></span> <span class='ocrx_word' id='word_1_172' title='bbox 1003 2084 1121 2142; x_wconf 81' lang='grc' dir='ltr'><em>κατ’</em></span> <span class='ocrx_word' id='word_1_173' title='bbox 1164 2083 1584 2158; x_wconf 78' lang='grc' dir='ltr'><em>Ἀλεξάνδρειαν</em></span> <span class='ocrx_word' id='word_1_174' title='bbox 1636 2092 1866 2158; x_wconf 83' lang='grc' dir='ltr'><em>ἔναγχος</em></span> 
     </span>
     <span class='ocr_line' id='line_1_25' title="bbox 242 2167 1866 2250; baseline 0 -25"><span class='ocrx_word' id='word_1_175' title='bbox 242 2167 364 2225; x_wconf 88' lang='grc' dir='ltr'><em>τότε</em></span> <span class='ocrx_word' id='word_1_176' title='bbox 411 2187 885 2243; x_wconf 89' lang='grc' dir='ltr'><em>μαρτυρησαντων</em></span> <span class='ocrx_word' id='word_1_177' title='bbox 923 2193 1051 2236; x_wconf 88' lang='grc' dir='ltr'><em>τους</em></span> <span class='ocrx_word' id='word_1_178' title='bbox 1091 2168 1308 2241; x_wconf 78' lang='grc' dir='ltr'><em>ἀγῶνας</em></span> <span class='ocrx_word' id='word_1_179' title='bbox 1355 2167 1545 2241; x_wconf 85' lang='grc' dir='ltr'><em>διιων,</em></span> <span class='ocrx_word' id='word_1_180' title='bbox 1592 2192 1727 2250; x_wconf 80' lang='grc' dir='ltr'><em>μετα</em></span> <span class='ocrx_word' id='word_1_181' title='bbox 1771 2172 1866 2242; x_wconf 82' lang='grc' dir='ltr'><em>τῆς</em></span> 
     </span>
    </p>

    <p class='ocr_par' dir='ltr' id='par_1_12' title="bbox 180 2250 1862 2327">
     <span class='ocr_line' id='line_1_26' title="bbox 180 2250 1862 2327; baseline 0.001 -19"><span class='ocrx_word' id='word_1_182' title='bbox 180 2267 221 2300; x_wconf 81' lang='lat'><em>25</em></span> <span class='ocrx_word' id='word_1_183' title='bbox 245 2250 412 2325; x_wconf 76' lang='grc' dir='ltr'><em>ἄλλης</em></span> <span class='ocrx_word' id='word_1_184' title='bbox 445 2257 688 2325; x_wconf 87' lang='grc' dir='ltr'><em>ιστορίας</em></span> <span class='ocrx_word' id='word_1_185' title='bbox 713 2251 938 2327; x_wconf 78' lang='grc' dir='ltr'><em>πρᾶγμα</em></span> <span class='ocrx_word' id='word_1_186' title='bbox 960 2277 1012 2310; x_wconf 91' lang='grc' dir='ltr'><em>τι</em></span> <span class='ocrx_word' id='word_1_187' title='bbox 1034 2252 1235 2326; x_wconf 82' lang='grc' dir='ltr'><em>μεστὸν</em></span> <span class='ocrx_word' id='word_1_188' title='bbox 1258 2251 1544 2326; x_wconf 81' lang='grc' dir='ltr'><em>θαύματος</em></span> <span class='ocrx_word' id='word_1_189' title='bbox 1571 2258 1862 2327; x_wconf 79' lang='grc' dir='ltr'><em>διηγεῖται,</em></span> 
     </span>
    </p>

    <p class='ocr_par' dir='ltr' id='par_1_13' title="bbox 243 2333 1863 2496">
     <span class='ocr_line' id='line_1_27' title="bbox 243 2333 1863 2412; baseline 0 -18"><span class='ocrx_word' id='word_1_190' title='bbox 243 2334 272 2394; x_wconf 79' lang='grc' dir='ltr'><em>ὃ</em></span> <span class='ocrx_word' id='word_1_191' title='bbox 314 2339 407 2394; x_wconf 85' lang='grc' dir='ltr'><em>καὶ</em></span> <span class='ocrx_word' id='word_1_192' title='bbox 447 2333 580 2394; x_wconf 86' lang='grc' dir='ltr'><em>αυτὸ</em></span> <span class='ocrx_word' id='word_1_193' title='bbox 620 2336 925 2408; x_wconf 81' lang='grc' dir='ltr'><em>ἀναγκαῖον</em></span> <span class='ocrx_word' id='word_1_194' title='bbox 963 2342 1096 2412; x_wconf 83' lang='grc' dir='ltr'><em>τῇδε</em></span> <span class='ocrx_word' id='word_1_195' title='bbox 1138 2340 1488 2411; x_wconf 78' lang='grc' dir='ltr'><em>παραδοῦναι</em></span> <span class='ocrx_word' id='word_1_196' title='bbox 1539 2341 1604 2410; x_wconf 80' lang='grc' dir='ltr'><em>τῇ</em></span> <span class='ocrx_word' id='word_1_197' title='bbox 1655 2340 1863 2412; x_wconf 79' lang='grc' dir='ltr'><em>γραφῇ,</em></span> 
     </span>
     <span class='ocr_line' id='line_1_28' title="bbox 244 2418 1861 2496; baseline 0.001 -18"><span class='ocrx_word' id='word_1_198' title='bbox 244 2418 422 2488; x_wconf 79' lang='grc' dir='ltr'><em>οὕτως</em></span> <span class='ocrx_word' id='word_1_199' title='bbox 464 2427 590 2494; x_wconf 83' lang='grc' dir='ltr'><em>ἔχου</em></span> <span class='ocrx_word' id='word_1_200' title='bbox 647 2426 697 2478; x_wconf 92' lang='grc'><em>2.</em></span> <span class='ocrx_word' id='word_1_201' title='bbox 773 2446 835 2478; x_wconf 89' lang='grc' dir='ltr'><em>εν</em></span> <span class='ocrx_word' id='word_1_202' title='bbox 879 2423 944 2478; x_wconf 82' lang='grc' dir='ltr'><em>δέ</em></span> <span class='ocrx_word' id='word_1_203' title='bbox 981 2439 1067 2478; x_wconf 91' lang='grc' dir='ltr'><em>σοι</em></span> <span class='ocrx_word' id='word_1_204' title='bbox 1116 2425 1274 2479; x_wconf 83' lang='grc' dir='ltr'><em>τοῦτο</em></span> <span class='ocrx_word' id='word_1_205' title='bbox 1328 2420 1676 2496; x_wconf 82' lang='grc' dir='ltr'><em>παραδειγμα</em></span> <span class='ocrx_word' id='word_1_206' title='bbox 1729 2420 1861 2495; x_wconf 85' lang='grc' dir='ltr'><em>παρ’</em></span> 
     </span>
    </p>

    <p class='ocr_par' dir='ltr' id='par_1_14' title="bbox 238 2498 1867 2665">
     <span class='ocr_line' id='line_1_29' title="bbox 238 2498 1867 2582; baseline 0.001 -20"><span class='ocrx_word' id='word_1_207' title='bbox 238 2501 410 2580; x_wconf 78' lang='grc' dir='ltr'><em>“ἡμῖν</em></span> <span class='ocrx_word' id='word_1_208' title='bbox 463 2503 815 2578; x_wconf 79' lang='grc' dir='ltr'><em>συμβεβηκὸς</em></span> <span class='ocrx_word' id='word_1_209' title='bbox 881 2504 1200 2580; x_wconf 75' lang='grc' dir='ltr'><em>ἐκθήσομαι.</em></span> <span class='ocrx_word' id='word_1_210' title='bbox 1285 2513 1595 2582; x_wconf 90' lang='grc' dir='ltr'><em>Σαραπίων</em></span> <span class='ocrx_word' id='word_1_211' title='bbox 1656 2530 1736 2572; x_wconf 89' lang='grc' dir='ltr'><em>τις</em></span> <span class='ocrx_word' id='word_1_212' title='bbox 1795 2498 1867 2578; x_wconf 75' lang='grc' dir='ltr'><em>ἦν</em></span> 
     </span>
     <span class='ocr_line' id='line_1_30' title="bbox 256 2586 1867 2665; baseline 0.001 -19.013"><span class='ocrx_word' id='word_1_213' title='bbox 256 2586 410 2662; x_wconf 88' lang='grc' dir='ltr'><em>παρ’</em></span> <span class='ocrx_word' id='word_1_214' title='bbox 453 2586 589 2663; x_wconf 83' lang='grc' dir='ltr'><em>ημῖν</em></span> <span class='ocrx_word' id='word_1_215' title='bbox 630 2589 817 2656; x_wconf 85' lang='grc' dir='ltr'><em>πιστὸς</em></span> <span class='ocrx_word' id='word_1_216' title='bbox 848 2592 1059 2665; x_wconf 84' lang='grc' dir='ltr'><em>γέρων,</em></span> <span class='ocrx_word' id='word_1_217' title='bbox 1104 2587 1398 2665; x_wconf 81' lang='grc' dir='ltr'><em>αμέμπτως</em></span> <span class='ocrx_word' id='word_1_218' title='bbox 1429 2592 1532 2664; x_wconf 73' lang='grc' dir='ltr'><em>μὲν</em></span> <span class='ocrx_word' id='word_1_219' title='bbox 1561 2590 1658 2648; x_wconf 85' lang='grc' dir='ltr'><em>τὸν</em></span> <span class='ocrx_word' id='word_1_220' title='bbox 1688 2589 1867 2648; x_wconf 83' lang='grc' dir='ltr'><em>πολὺν</em></span> 
     </span>
    </p>

    <p class='ocr_par' dir='ltr' id='par_1_15' title="bbox 181 2665 1866 2922">
     <span class='ocr_line' id='line_1_31' title="bbox 181 2665 1866 2753; baseline 0 -22"><span class='ocrx_word' id='word_1_221' title='bbox 181 2690 224 2722; x_wconf 84' lang='grc'><em>30</em></span> <span class='ocrx_word' id='word_1_222' title='bbox 240 2670 578 2746; x_wconf 68' lang='grc' dir='ltr'><em>“διαβιώσας</em></span> <span class='ocrx_word' id='word_1_223' title='bbox 609 2672 829 2748; x_wconf 89' lang='grc' dir='ltr'><em>χρόνον,</em></span> <span class='ocrx_word' id='word_1_224' title='bbox 863 2677 923 2732; x_wconf 84' lang='grc' dir='ltr'><em>ἐν</em></span> <span class='ocrx_word' id='word_1_225' title='bbox 955 2676 1017 2732; x_wconf 74' lang='grc' dir='ltr'><em>δὲ</em></span> <span class='ocrx_word' id='word_1_226' title='bbox 1047 2682 1124 2752; x_wconf 78' lang='grc' dir='ltr'><em>τῷ</em></span> <span class='ocrx_word' id='word_1_227' title='bbox 1158 2679 1444 2753; x_wconf 75' lang='grc' dir='ltr'><em>πειρασμῷ</em></span> <span class='ocrx_word' id='word_1_228' title='bbox 1469 2673 1671 2732; x_wconf 75' lang='grc' dir='ltr'><em>πεσών.</em></span> <span class='ocrx_word' id='word_1_229' title='bbox 1705 2665 1866 2740; x_wconf 71' lang='grc' dir='ltr'><em>οὗτος</em></span> 
     </span>
     <span class='ocr_line' id='line_1_32' title="bbox 239 2755 1863 2836; baseline -0.001 -21"><span class='ocrx_word' id='word_1_230' title='bbox 239 2755 541 2825; x_wconf 56' lang='lat' dir='ltr'><em>“noudum</em></span> <span class='ocrx_word' id='word_1_231' title='bbox 584 2761 789 2831; x_wconf 79' lang='grc' dir='ltr'><em>ἐδεῖτο,</em></span> <span class='ocrx_word' id='word_1_232' title='bbox 844 2761 935 2815; x_wconf 80' lang='grc' dir='ltr'><em>καὶ</em></span> <span class='ocrx_word' id='word_1_233' title='bbox 977 2756 1165 2827; x_wconf 81' lang='grc' dir='ltr'><em>οὐδεὶς</em></span> <span class='ocrx_word' id='word_1_234' title='bbox 1208 2774 1503 2834; x_wconf 82' lang='grc' dir='ltr'><em>προσεῖχεν</em></span> <span class='ocrx_word' id='word_1_235' title='bbox 1541 2756 1719 2836; x_wconf 75' lang='grc' dir='ltr'><em>αὐτῷ,</em></span> <span class='ocrx_word' id='word_1_236' title='bbox 1774 2760 1863 2815; x_wconf 80' lang='grc' dir='ltr'><em>καὶ</em></span> 
     </span>
     <span class='ocr_line' id='line_1_33' title="bbox 240 2841 1865 2922; baseline 0 -23"><span class='ocrx_word' id='word_1_237' title='bbox 240 2841 380 2917; x_wconf 74' lang='grc' dir='ltr'><em>“γοὶρ</em></span> <span class='ocrx_word' id='word_1_238' title='bbox 425 2841 699 2901; x_wconf 83' lang='grc' dir='ltr'><em>ἑτεθύκει·</em></span> <span class='ocrx_word' id='word_1_239' title='bbox 761 2847 821 2900; x_wconf 85' lang='grc' dir='ltr'><em>ἐν</em></span> <span class='ocrx_word' id='word_1_240' title='bbox 863 2842 1008 2922; x_wconf 77' lang='grc' dir='ltr'><em>νόσω</em></span> <span class='ocrx_word' id='word_1_241' title='bbox 1055 2845 1114 2901; x_wconf 76' lang='grc' dir='ltr'><em>δὲ</em></span> <span class='ocrx_word' id='word_1_242' title='bbox 1154 2842 1451 2918; x_wconf 85' lang='grc' dir='ltr'><em>γενόμενος</em></span> <span class='ocrx_word' id='word_1_243' title='bbox 1509 2847 1680 2918; x_wconf 81' lang='grc' dir='ltr'><em>τριῶν</em></span> <span class='ocrx_word' id='word_1_244' title='bbox 1741 2845 1865 2915; x_wconf 78' lang='grc' dir='ltr'><em>ἑξῆς</em></span> 
     </span>
    </p>
   </div>
  </div>
 </body>
</html>
