1986 3152
522 89 679 131 HIST.
703 89 1247 133 ECCLES.1V.19—2·2.
1592 86 1687 137 171

71 198 144 223 (Οἵ
205 203 218 224 2

66 230 181 310 “nv
219 202 544 278 Ελεύθερος.
607 206 698 261 καὶ
728 202 875 279 παρὰ
902 201 1189 277 Ἀνικήτου
1223 205 1532 277 διαδέχεται
1564 212 1689 260 Σω-

66 287 236 396 ἶτὴρ,
289 287 422 361 μεθ’
472 284 539 347 ὃν
572 285 911 362 Ἐλεύθερος.
998 292 1058 346 ἐν
1098 287 1297 362 ἑκάστῃ
1353 289 1412 344 δε
1456 290 1690 361 διαδοχῇ

69 367 200 429 ‘mxl
233 375 292 429 ἐν
325 370 527 446 ἑκάστῃ
560 373 715 430 πόλει
747 372 920 438 ου’τως
962 378 1071 445 ἔχει
1115 371 1187 439 ὡς
1218 368 1246 429 5
1279 371 1446 444 νόμος
1477 370 1687 445 κηρύσ-

67 453 191 512 “σει
222 458 313 513 καὶ
343 460 400 514 οὗ
418 461 696 530 προφῆται
719 455 863 514 καὶὸ
889 455 1090 527 κύριος.
1098 453 1130 475 ”
1185 461 1234 513 4.
1263 455 1292 513 5
1320 452 1376 512 δ’
1406 452 1570 521 αυτὸς
1594 458 1687 512 καὶ

74 543 187 598 τῶν
217 537 340 597 κατ’
374 537 543 597 αὐτὸν
578 543 853 643 αἱρέσεων
891 540 985 606 τὰς
1015 537 1185 614 ἀρχὰς
1224 540 1550 598 ὑποτίθεται
1595 539 1686 596 διὰ
1710 556 1730 588 5

75 623 316 681 τούτων“
321 623 435 681 (καὶ
458 648 593 696 μετα
618 625 677 681 τὸ
701 627 1045 697 μαρτυρῆσαι
1063 623 1324 695 Ἰάκωβον
1342 623 1440 682 τὸν
1468 629 1686 680 δίκαιον

69 703 147 726 ‘e‘

110 731 182 773 ως
213 710 304 765 καὶ
334 707 363 764 5
395 707 582 781 κύριος
610 710 699 765 ἐπὶ
723 712 798 785 τῷ
823 705 972 783 αὐτῷ
998 706 1162 784 λόγῳ,
1195 707 1363 765 παλιν
1385 705 1414 765 5
1442 712 1500 765 ἐκ
1523 717 1687 765 θείου

68 785 100 808 (τ
164 787 177 807 2

108 796 280 848 αυτοῦ
313 789 554 863 Συμεών
584 790 612 848 5
644 816 742 849 του
768 795 979 849 Κλωπᾶ
1011 798 1342 849 καθίσταται
1369 796 1687 862 ἐπίσκοπος,

67 870 172 932 “ὸ“ν
201 876 506 948 προέθεντο
537 896 737 942 παντες
767 874 900 933 όντα
932 873 1166 944 ανεψιόν
1198 878 1297 932 τοῦ
1328 881 1528 949 κυρίου
1562 874 1687 932 δεύ-

67 956 279 1031 “τερον.
343 957 434 1015 δια
465 962 625 1016 τοῦτο
659 958 895 1017 ἐκαλουν
918 958 1020 1032 τὴν
1047 962 1343 1032 ἐκκλησίαν
1368 961 1683 1031 παρθένον
1711 980 1751 1011 10

66 1039 261 1100 “offuso
291 1041 396 1117 γὰρ
429 1049 676 1118 ἕφθαρτο
701 1044 893 1111 ἀκοαῖς
922 1050 1193 1117 ματαίαις
1249 1049 1297 1102 5.
1325 1041 1549 1117 ἄρχεται
1578 1040 1632 1099 δ’
1661 1039 1689 1098 5

66 1121 386 1230 :ffle'ssovmg
421 1124 512 1183 διὰ
541 1128 602 1184 τὸ
632 1127 706 1202 μὴ
738 1132 1005 1202 γενέσθαι
1030 1128 1200 1186 αὐτὸν
1227 1131 1531 1185 ἐπίσκοπον
1553 1123 1690 1183 ὑπο-

68 1207 398 1284 “φθείρειν,
447 1209 555 1268 ἀπὸ
595 1217 709 1271 τῶν
749 1211 883 1270 ἑπτα
925 1214 1195 1286 αἱρέσεων
1238 1208 1317 1269 ὧν
1370 1208 1484 1291 (καὶ
1527 1208 1691 1276 αὐτὸς

68 1288 174 1368 “2312
211 1299 273 1353 ἐν
301 1319 375 1352 τω
409 1296 578 1371 λαῷ),
622 1293 723 1370 αφ’
762 1289 842 1355 ὠν
873 1303 1097 1370 Σίμων,
1138 1293 1277 1354 ὅθεν
1321 1302 1379 1353 οἱ
1407 1305 1693 1368 Σιμωνια-

86 1376 223 1451 νοὶ,
256 1382 348 1436 καὶ
377 1378 674 1453 Κλεόβιος,
706 1380 844 1439 ὅθεν
873 1382 1236 1454 Κλεοβιηνοὶ,
1270 1383 1360 1437 καὶ
1393 1385 1689 1450 Δοσίθεος,
1715 1399 1756 1432 15

68 1460 248 1521 “ssfiev
277 1468 649 1537 Δοσιθεανοὶ,
696 1467 787 1522 καὶ
819 1473 1127 1538 Γορθαῖος,
1169 1461 1309 1522 ὅθεν
1347 1465 1691 1538 Γοραθηνοὶ,

72 1541 203 1604 “nal
258 1546 639 1621 Μασβώθεος,
694 1548 832 1607 ὅθεν
890 1548 1266 1621 Μασβοῖθεοι·
1321 1548 1429 1606 ἀπὸ
1482 1546 1694 1605 τούτων

71 1626 631 1706 “Μενανδριανισταὶ
664 1637 756 1690 καὶ
787 1635 1215 1707 Μαρκιωνισταὶ
1246 1635 1338 1690 καὶ
1362 1641 1692 1706 Καρποκρα-

75 1709 290 1773 “τιανοὶ
323 1719 413 1773 καὶ
432 1716 894 1776 Οὐαλεντινιανοὶ
925 1721 1017 1775 καὶ
1030 1719 1443 1775 Βασιλειδιανοὶ
1476 1718 1568 1773 καὶ
1582 1725 1694 1773 Σα-

72 1795 449 1873 “τορνιλιανοὶ
490 1805 716 1868 ἕκαστος
762 1808 915 1870 ἰδίως
957 1804 1049 1859 καὶ
1094 1804 1291 1875 ἑτέρως
1333 1807 1485 1858 ι’δίαν
1528 1801 1694 1867 δόξαν
1718 1821 1759 1852 20

75 1902 610 1983 “παρεισηγαγοσαν.
717 1892 763 1943 6.
829 1885 934 1943 ἀπὸ
995 1885 1209 1943 τούτων
1279 1884 1691 1958 ψευδόχριστοι,

75 1961 596 2074 Ξψευδοπροφῆται,
651 1969 1125 2042 ψευδαπόστολοι,
1179 1975 1381 2036 οἵτινες
1435 1971 1696 2042 ἐμέρισαν

75 2045 217 2122 “τὴν
247 2057 450 2111 ἕνωσιν
478 2060 574 2127 τῆς
617 2058 907 2128 ἐκκλησίας
939 2061 1299 2128 φθοριμαίοις
1343 2052 1525 2126 λόγοις
1558 2076 1696 2109 κατα

116 2142 213 2194 τοῦ
242 2142 384 2196 θεοῦ
413 2140 505 2195 καὶ
535 2163 672 2196 κατα
701 2145 800 2198 τοῦ
825 2143 1070 2214 Χριστου
1101 2137 1286 2196 αυτοῦ.
1297 2135 1329 2158 ”
1395 2143 1442 2195 7.
1471 2143 1548 2194 ἔτι
1576 2137 1636 2193 δε
1668 2134 1695 2192 5

86 2217 249 2290 αὐτὸς
290 2225 382 2279 καὶ
433 2221 528 2288 τὰς
581 2223 750 2281 παλαι
801 2225 1170 2297 γεγενημένας
1214 2247 1363 2297 παρα
1407 2220 1696 2285 Ἰουδαίοις
1721 2239 1762 2271 25

48 2371 56 2377 .
88 2307 324 2379 αιρέσεις
358 2312 568 2380 ιστορεῖ
594 2305 809 2380 λέγων
813 2305 975 2382 ἦσαν
1008 2308 1070 2365 δε
1100 2312 1315 2381 γνῶμαι
1349 2304 1606 2379 διαφοροι
1640 2309 1699 2361 ἐν

80 2383 182 2489 :²:33
221 2393 490 2465 περιτομῇ
529 2395 591 2449 ἐν
630 2397 774 2460 υἱοῖς
808 2391 1028 2466 Ἰσραὴλ
1070 2395 1183 2449 τῶν
1227 2390 1363 2448 κατὰ
1393 2393 1488 2462 τῆς
1519 2394 1700 2462 φυλῆς

80 2467 301 2532 “Ἰούδα
332 2478 424 2532 καὶ
454 2480 551 2532 τοῦ
583 2481 823 2550 Χριστοῦ
855 2493 1041 2534 αυται
1077 2475 1352 2546 Ἐσσαῖοι,
1392 2481 1699 2543 Γαλιλαῖοι,

82 2549 638 2632 “”Ημεροβαπτισταὶ,
663 2559 1030 2633 Μασβωθεοι,
1057 2570 1420 2633 Σαμαρεῖται,
1439 2562 1701 2615 Σαδδου-

99 2633 284 2740 ’καῖοι,
320 2652 632 2718 Φαρισαῖοι.
643 2641 674 2662 ”
740 2650 786 2701 8.
821 2647 965 2702 καὶ
945 2648 1103 2718 ε’τερα
1129 2645 1188 2700 δε
1213 2651 1445 2701 πλεῖστα
1475 2663 1696 2714 γραφει,
1722 2658 1766 2689 3ο

94 2747 173 2782 ων
197 2729 257 2785 ἐκ
286 2730 486 2802 μέρους
509 2726 616 2802 ἤδη
642 2726 913 2802 πρότερον
945 2725 1452 2801 ἐμνημονεύσαμεν,
1485 2729 1702 2788 οἰκείως

93 2821 205 2876 τοῖς
248 2827 460 2887 καιροῖς
503 2837 597 2880 τας
643 2817 887 2886 ιστορίας
938 2813 1330 2884 παραθέμενοι.
1405 2816 1468 2867 ἔκ
1507 2832 1565 2865 τε
1604 2811 1702 2863 τοῦ

75 2129 108 2154 (ο
