1986 3152
297 138 399 190 372
961 137 1208 180 EUSEBH

297 260 477 319 οὗτος.
540 259 822 318 Λικίννιος
866 252 927 309 δὲ
973 253 1063 309 ἐπὶ
1093 250 1310 319 τούτοις
1340 251 1452 309 ὑπὸ
1483 259 1673 326 κοινῆς
1705 253 1897 325 ψήφου

294 343 407 393 τῶν
440 336 798 410 κρατούντων
840 335 1200 410 αὐτοκράτωρ
1240 338 1335 393 καὶ
1377 337 1642 408 σεβαστός
1683 336 1893 394 ἀναπέ-

295 444 450 493 φηνε.
528 426 607 477 15.
653 426 829 477 ταῦτα
870 424 1190 494 Μαξιμῖνον
1230 425 1428 487 δεινῶς
1469 421 1685 492 ἐλύπει,
1726 421 1902 494 μόνον

294 512 534 577 καίσαρα
574 504 724 577 παρά
764 505 975 571 πάντας
1018 506 1183 561 εἰσέτι
1219 505 1344 562 τότε
1373 511 1799 578 χρηματίζοντα,
1839 503 1901 571 ὃς

1934 0 1977 142 ³

253 611 273 644 5
301 590 367 662 δή
422 583 529 646 οὖν
579 588 646 645 τά
698 589 932 662 μάλιστα
982 588 1316 662 τυραννικὸς
1369 586 1483 660 ὢν,
1536 589 1902 662 παραρπάσας
1962 586 1967 587 ’

299 676 478 749 ἑαυτῷ
519 673 625 744 τὴν
656 669 848 744 ἀξίαν,
893 673 1160 744 σεβαστός
1189 667 1290 746 ἦν,
1334 670 1507 739 αὐτὸς
1549 671 1653 746 ὑφ’
1702 675 1902 751 ἑαυτοῦ

292 757 562 831 γεγονώς·
589 757 838 833 ἐντούτῳ
864 757 927 814 δὲ
941 764 1356 834 Κωνσταντίνῳ
1376 757 1633 830 μηχανὴν
1647 757 1902 814 θανάτου

296 842 636 916 συρράπτων
674 840 846 908 ἁλούς
879 840 1057 914 ὁμετά
1090 841 1192 914 τὴν
1215 840 1491 899 ἀπόθεσιν
1516 844 1904 916 ἐπανῃρῆσθαι

295 927 710 999 δεδηλωμένος,
743 931 1007 1011 αἰσχίστῳ
1040 928 1405 999 καταστρέφει
1435 925 1682 1002 θανάτῳ.
1742 923 1900 999 πρῶ-

237 1035 276 1066 10
298 1034 398 1068 του
431 1011 493 1067 δὲ
522 1010 725 1067 τούτου
755 1009 854 1076 τὰς
898 1011 989 1066 ἐπὶ
1030 1016 1158 1084 τιμῇ
1190 1010 1439 1084 γραφάς,
1481 1009 1816 1083 ἀνδριάντας
1845 1032 1903 1066 τε

297 1096 390 1152 καὶ
415 1094 518 1151 ὅσα
543 1099 771 1150 τοιαῦτα
797 1093 882 1150 ἐπ’
912 1091 1177 1151 ἀναθέσει
1199 1094 1544 1167 νενόμισται,
1573 1093 1648 1160 ῶς
1671 1093 1903 1151 ἀνοσίου

298 1180 391 1235 καὶ
422 1178 865 1249 δυσσεβεστάτου
896 1177 1211 1252 καθῄρουν.

439 1273 562 1325 XIV.
639 1271 772 1338 [Nic.
812 1272 870 1321 H.
910 1272 965 1321 Ε.
1009 1272 1115 1328 Vll,
1155 1269 1268 1338 2l.]
1363 1261 1577 1319 Τούτου
1609 1273 1741 1328 παῖς
1773 1270 1905 1320 Μα·

297 1349 531 1418 ξέντιος,
574 1344 602 1402 ὁ
635 1345 737 1418 τὴν
769 1347 858 1402 ἐπὶ
882 1344 1087 1419 Ῥρόμης
1131 1351 1443 1419 τυραννίδα
1473 1346 1907 1420 συστησάμενος,

241 1454 279 1486 15
304 1427 609 1505 ἀρχόμενος
649 1430 752 1503 μὲν
792 1429 896 1503 τὴν
936 1429 1070 1487 καθ’
1101 1429 1246 1503 ἡμᾶς
1286 1435 1473 1488 πίστιν
1515 1429 1601 1487 ἐπ’
1646 1429 1907 1505 ἀρεσκείᾳ

297 1517 390 1572 καὶ
431 1521 691 1589 κολακεία
742 1517 847 1572 τοῦ
896 1515 1076 1588 δήμου
1109 1514 1391 1588 Ῥωμαίων
1432 1520 1907 1586 καθυπεκρίνατο,

298 1600 475 1674 ταύτῃ
506 1622 565 1656 τε
594 1590 710 1665 voirs
739 1597 1009 1672 ὑπηκόοις
1039 1599 1138 1656 τὸν
1161 1598 1296 1656 κατὰ
1321 1604 1668 1673 Χριστιανῶν
1693 1598 1908 1656 ἀνεῖναι

301 1683 626 1759 προστάττει
681 1683 955 1759 διωγμὸν,
1009 1681 1294 1755 εὐσέβειαν
1349 1684 1763 1757 ε’πιμορφάξων,
1816 1684 1909 1739 καὶ

302 1764 377 1835 ῶς
409 1763 480 1824 ἀν
511 1767 686 1836 δεξιὸς
726 1769 818 1825 καὶ
859 1767 1003 1825 πολύ
1048 1774 1225 1842 πρᾶος
1257 1767 1406 1841 παρά
1437 1767 1570 1834 τούς
1602 1769 1905 1842 προτέρους

158 1863 173 1871 “
240 1877 282 1909 20
306 1858 538 1926 φανείη’
599 1856 648 1908 2.
695 1851 763 1909 οὐ
805 1852 918 1927 μὴν
949 1849 1064 1919 οἶος
1096 1858 1320 1909 ἔσεσθαι
1348 1851 1631 1925 ήλπίσθη,
1663 1857 1911 1918 τοιοῦτος

303 1943 482 2010 ἔργοις
507 1935 896 2010 ἀναπέφηνεν,
929 1941 1008 2004 εἰς
1040 1937 1219 2004 πάσας
1252 1936 1302 1993 δ’
1331 1935 1727 2010 ἀνοσιουργίας
1757 1932 1908 1993 όκεί-

303 2029 400 2087 λας
432 2019 604 2078 οὐδὲν
635 2019 668 2078 ὅ
697 2044 746 2078 τι
774 2026 998 2095 μιαρίας
1041 2027 1207 2095 ἔργον
1248 2022 1342 2078 καὶ
1387 2020 1687 2087 ἀκολασίας
1727 2042 1909 2093 παρα-

306 2108 551 2176 λέλοιπε,
583 2111 826 2177 μοιχείας
856 2129 915 2162 τε
945 2107 1039 2161 καὶ
1068 2111 1336 2171 παντοίας
1370 2107 1636 2162 ἐπιτελῶν
1657 2104 1906 2176 φθοράς·

305 2186 629 2259 διαζευγνύς
671 2189 748 2260 γε’
777 2212 859 2245 τοι
887 2194 1003 2245 τῶν
1035 2187 1264 2262 ἀνδρῶν
1293 2188 1391 2254 τοὶς
1431 2188 1569 2244 κατὰ
1600 2188 1775 2261 νόμον
1806 2212 1910 2260 γα-

244 2296 284 2327 25
309 2269 502 2345 μετάς,
544 2271 750 2338 ταύτας
782 2275 1119 2346 ἐνυβρίζων,
1162 2271 1460 2346 ἀτιμότατα
1489 2285 1606 2339 τοῖς
1638 2273 1912 2346 ἀνδράσιν

306 2351 474 2422 αὖθις
505 2354 826 2429 ἀπέπεμπε,
870 2357 962 2413 καὶ
991 2354 1156 2413 ταῦτ’
1203 2353 1309 2413 ου’κ
1340 2356 1569 2430 ἀσήμοις
1601 2355 1727 2414 οὐδ’
1762 2355 1911 2429 ἀφα-

305 2443 459 2498 νέσιν
492 2443 757 2513 ἐγχειρῶν
788 2441 1150 2513 ἐπετήδευεν,
1194 2440 1320 2498 ἀλλ’
1356 2440 1546 2498 αὐτῶν
1577 2441 1646 2513 δὴ
1679 2440 1911 2514 μάλιστα

306 2530 419 2581 τῶν
471 2524 537 2580 τά
590 2530 783 2598 πρῶτα
833 2530 929 2598 τῆς
987 2524 1272 2598 Ῥωμαίων
1332 2526 1647 2598 συγκλήτου
1701 2530 1912 2598 βουλῆς

307 2608 773 2681 ἀπενηνεγμένων
806 2612 1162 2684 ἐμπαροινῶν
1190 2622 1308 2677 τοῖς
1341 2609 1705 2683 ἐξοχωτάτοις.
1762 2609 1815 2666 3.
1860 2612 1919 2666 οἱ

244 2717 286 2750 80
310 2694 512 2760 πάντες
543 2691 599 2749 δ’
627 2692 800 2751 αὐτὸν
829 2692 1277 2767 ὑποπεπτηχότες
1309 2699 1475 2768 δῆμοι
1505 2695 1598 2751 καὶ
1629 2693 1912 2768 ἄρχοντες,

424 2890 477 2928 30
516 2882 566 2928 οἴ
591 2880 767 2936 πάντες
788 2909 842 2916 -
865 2886 995 2929 Conf.
1021 2887 1210 2929 Eusebii
1231 2889 1320 2929 vit.
1346 2887 1501 2931 Const.
1527 2889 1565 2939 1,
1591 2888 1658 2930 35.
