1986 3152
564 105 1210 149 HIST.ECCLES.1V.15.
1594 104 1692 156 161

78 219 170 281 “εἰ
197 220 434 295 τοσαύτη
474 246 554 289 τις
588 219 827 295 διαφορὰ
858 221 1060 295 μεταξὺ
1091 227 1202 278 τῶν
1232 244 1291 277 τε
1321 218 1571 278 απίστων
1602 223 1694 278 καὶ

75 306 226 364 “τῶν
257 309 554 379 ἐκλεκτων,
597 331 675 364 ων
715 303 792 372 εἷς
834 308 924 362 καὶ
963 330 1121 372 ουτος
1152 307 1382 377 γέγονεν
1411 301 1440 362 ὁ
1470 316 1690 378 θαυμα-

76 387 375 458 “σιω’τατος
409 394 468 448 ἐν
498 404 611 459 τοῖς
642 390 774 448 καθ’
803 387 943 464 ἡμᾶς
965 388 1182 464 χρόνοις
1209 388 1538 456 διδασκαλος
1561 387 1694 447 ἄπο-

77 471 361 578 Σστολικὸς
392 477 484 532 καὶ
525 474 890 549 προφητικὸς,
934 473 1231 547 γενόμενος
1278 477 1569 576 ἐπίσκοπος
1600 477 1695 546 τῆς

77 557 180 616 “ἐν
210 558 447 634 Σμύρνῃ
480 564 785 631 καθολικῆς
819 562 1126 630 ἐκκλησίας.
1189 561 1300 615 πᾶν
1331 558 1435 630 γὰρ
1469 562 1695 659 ρ’ἧμα,ο
1666 575 1739 614 0⁵

76 639 333 716 “ἆφῆκεν
364 647 424 700 ἐκ
453 646 555 700 τοῦ
595 641 859 716 στόματος
899 639 1100 714 αὐτοῦ,
1143 645 1235 699 καὶ
1276 640 1573 715 ἐτελειωθη
1605 644 1696 699 καὶ

78 725 560 799 “τελειωθη’σεται.
614 731 697 783 40.
725 722 754 783 6
780 727 842 783 δὲ
871 722 1152 797 ἆντίζηλος
1183 728 1274 782 καὶ
1306 724 1582 798 βάσκανος
1607 729 1699 783 καὶ

78 807 376 883 ηπονηρὸς,
408 810 437 867 ὁ
468 809 844 883 ἀντικείμενος
868 814 943 886 τῷ
966 811 1114 882 γένει
1138 814 1251 866 τῶν
1275 815 1526 882 δικαίων,
1563 811 1699 867 ἰδών

95 893 176 952 ‘rb
206 895 444 967 μέγεθος
475 891 650 952 αὐτοῦ
678 898 774 967 τῆς
803 899 1108 969 μαρτυρίας
1140 895 1230 950 καὶ
1261 893 1364 965 τὴν
1394 890 1491 950 απ’
1529 891 1698 967 ἀρχῆς

79 974 147 999 “2

115 985 490 1052 ανεπίληπτον
514 978 687 1036 αὐτοῦ
712 985 1014 1051 πολιτείαν,
1042 979 1499 1051 ἐστεφανωμένον
1521 1003 1580 1035 τε
1602 978 1700 1035 τὸν
1724 996 1762 1027 10

79 1058 211 1166 :mig
252 1061 574 1139 ἀφθαρσίας
615 1065 892 1136 στέφανον
932 1065 1025 1119 καὶ
1064 1069 1332 1136 βραβεῖον
1370 1061 1699 1136 αναντίρρη-

79 1142 214 1204 “τον
254 1144 735 1222 απενηνεγμένον,
783 1145 1155 1220 ἐπετήδευσεν
1197 1146 1270 1212 ὡς
1307 1147 1449 1219 μηὸε
1489 1146 1549 1204 τὸ
1590 1166 1700 1203 σω-

81 1229 311 1332 ἶματιον
352 1229 523 1290 αυτοῦ
564 1228 664 1305 ὑφ’
711 1228 868 1306 ἡμῶν
908 1239 1182 1305 ληφθείη,
1236 1237 1432 1305 καίπερ
1479 1234 1700 1289 πολλῶν

81 1310 550 1389 “ἐπιθυμούντων
588 1322 749 1374 τοῦτο
801 1320 1056 1388 ποιῆσαι,
1109 1318 1202 1372 καὶ
1245 1318 1582 1387 κοινωνῆσαι
1623 1319 1700 1392 τῷ

81 1395 146 1419 “e

54 1425 59 1429 ·
81 1407 258 1503 “αγίῳ
290 1399 461 1458 αὐτοῦ
496 1407 722 1477 σαρκίςο.
803 1404 888 1456 41.
923 1397 1207 1472 ὑπέβαλον
1247 1402 1386 1471 γοῦν
1414 1423 1560 1466 τινες
1591 1408 1699 1456 Νι-
1725 1415 1764 1445 15

81 1481 314 1557 “κήτην,
345 1484 442 1542 τὸν
471 1488 570 1543 τοῦ
591 1484 846 1558 ‘Hpnfflov
871 1486 1098 1558 πατέρα,
1130 1481 1377 1555 ἀδελφὸν
1401 1482 1699 1557 δὲ’Ἀλκης,

83 1566 376 1641 “ἐντυχεῖν
426 1573 501 1646 τῷ
553 1567 812 1643 ἡγεμόνι,
868 1565 1007 1627 ὥστε
1058 1568 1134 1642 μὴ
1187 1571 1383 1625 δοῦναι
1426 1566 1598 1626 αὐτοῦ
1640 1568 1701 1625 τὸ

81 1649 302 1726 “σῡ5μα,
334 1653 434 1726 μὴ,
467 1656 659 1726 φησὶν,
692 1652 926 1727 ἀφέντες
965 1651 1062 1710 τὸν
1103 1655 1544 1726 ἐσταυρωμένον,
1574 1655 1703 1710 τοῦ-

57 1731 220 1794 ·“τον
256 1731 530 1809 ἄρξωνται
571 1740 772 1810 σέβειν.
844 1740 936 1795 καὶ
978 1739 1150 1794 ταῦτα
1193 1735 1351 1794 εἷπον
1390 1735 1701 1808 ὑποβαλόν-

83 1815 232 1878 “ww
255 1824 348 1878 καὶ
379 1821 794 1896 ἐνισχυσοὶντων
823 1825 936 1879 τῶν
959 1821 1266 1893 Ἰουδαίων,
1300 1828 1355 1878 οἳ
1382 1823 1472 1878 καὶ
1506 1820 1699 1895 ἐτήρη-
1724 1837 1766 1868 20

84 1899 228 1963 “σαν
242 1905 600 1978 μελλόντων
573 1932 733 1980 ημων
758 1910 817 1964 ἐκ
846 1910 948 1964 τοῦ
977 1905 1151 1980 πυρὸς
1182 1902 1352 1963 αυτὸν
1375 1903 1701 1978 λαμβανειν,

85 1983 155 2008 ”5

89 2572 122 2597 “²

123 1993 452 2062 αγνοοῦντες
489 2015 572 2048 οτι
603 1988 731 2048 ου’τε
768 1990 865 2048 τὸν
904 1989 1146 2065 Χριστόν
1197 2013 1328 2048 ποτε
1380 1999 1704 2047 καταλιπεῖν

86 2071 516 2148 “δυνησόμεθα,
561 2075 657 2133 τὸν
686 2077 828 2150 υπερ
858 2078 953 2148 τῆς
984 2080 1082 2132 τοῦ
1115 2074 1319 2140 παντὸς
1352 2073 1559 2147 κόσμου
1591 2078 1703 2130 τῶν

86 2152 448 2232 “σωζομε’νων
478 2166 750 2234 σωτηρίας
782 2158 1055 2232 παθόντα,
1088 2157 1215 2216 οὔτε
1247 2157 1435 2233 ἕτερόν
1465 2182 1589 2215 τινα
1614 2160 1705 2215 σε’-

88 2236 258 2314 “βειν.
314 2248 397 2302 42.
430 2248 627 2302 τοῦτον
655 2245 758 2318 μὲν
788 2243 892 2317 γὰρ
922 2242 1056 2301 ὄντα
1085 2243 1214 2300 υίὸν
1243 2247 1341 2301 τοῦ
1363 2247 1504 2300 θεοῦ
1529 2249 1702 2316 π’ροσ-
1727 2259 1767 2289 25

89 2321 435 2401 Ὗκυνοῦμεν,
465 2328 594 2396 τοὺς
626 2330 686 2386 δὲ
715 2327 998 2403 μάρτυρας
1030 2326 1103 2395 ὥς
1133 2326 1385 2401 μαθητὰς
1416 2329 1508 2384 καὶ
1538 2351 1705 2400 μιμη-

90 2403 221 2513 :vag
271 2416 368 2470 τοῦ
414 2419 612 2486 κυρίου
665 2435 967 2486 αγαπωμεν
1019 2409 1213 2482 αξίως,
1268 2415 1430 2469 ἕνεκα
1483 2409 1705 2476 ευνοίας

62 2531 64 2533 >
90 2488 549 2571 “ανυπερβλήτου
590 2502 687 2569 τῆς
729 2503 806 2564 εἰς
847 2497 943 2554 τὸν
985 2502 1130 2555 ἴδιον
1161 2498 1390 2568 βασιλέα
1421 2498 1515 2552 καὶ
1549 2494 1706 2552 διδά-

127 2588 356 2638 σ·καλον
401 2605 480 2638 ων
520 2585 732 2653 γένοιτο
772 2583 864 2638 καὶ
903 2579 1045 2655 ἡμᾶς
1077 2579 1492 2653 συγκοινωνούς
1523 2603 1581 2637 τε
1612 2581 1702 2636 καὶ

88 2657 491 2766 ἶσυμμαθητας
520 2667 799 2737 γενέσθαι.
870 2669 955 2723 43.
1001 2663 1138 2722 ἰδων
1179 2665 1282 2723 οὐν
1311 2664 1340 2722 6
1373 2662 1701 2734 ἑκατοντάρ-
1728 2676 1766 2708 30

92 2742 225 2819 “2²19
253 2774 356 2822 την
384 2751 497 2808 τῶν
520 2748 810 2808 Ἰουδαίων
839 2751 1146 2822 γενομένην
1176 2754 1550 2822 φιλονεικίαν,
1583 2749 1704 2812 θεὶς

90 2825 300 2890 “αὐτὸν
331 2838 392 2891 ἐν
420 2837 591 2911 μέσῳ,
625 2830 698 2901 ὡς
729 2840 860 2900 ἔθος
892 2832 1097 2905 αὐτοῖς,
1130 2839 1382 2890 ἔκαυσεν.
1444 2828 1616 2896 οὕτως
1646 2853 1705 2886 τε

186 2938 414 2970 nummus
447 2941 513 2972 ιτ.
1388 2925 1447 2974 11
