1986 3152
47 2652 112 2682 v‘e

588 106 744 146 HIST.
775 105 1023 148 ECCLES.
1056 106 1106 149 V.
1143 108 1178 146 1.
1592 103 1694 156 185

77 217 392 293 “ἠκρίβωτο
423 219 456 294 ἡ
488 228 762 293 πολιτεία,
808 219 880 288 ὡς
923 227 1119 294 καίπερ
1159 218 1292 278 ὄντα
1324 223 1451 278 νέον
1481 224 1693 289 συνεξι-

79 301 359 362 “σοῦσθαι
410 310 475 379 τῇ
516 309 612 362 τοῦ
652 308 1032 378 πρεσβυτέρου
1073 311 1351 380 Ζαχαρίου
1391 311 1691 381 μαρτυρίᾳ·

78 386 428 461 “πεπόρευτο
451 395 589 461 γοῦν
616 393 675 446 ἐν
705 389 904 456 πάσαις
927 404 1046 456 ταῖς
1073 393 1316 456 ἐντολαῖς
1347 392 1439 447 καὶ
1471 390 1692 447 δικαιω-

77 468 248 546 “μασι
277 477 376 530 τοῦ
408 480 606 546 κυρίου
638 472 941 547 ἄμεμπτος,
986 472 1133 548 πάσῃ
1164 478 1230 547 τῇ
1262 474 1397 549 πρὸς
1427 472 1524 532 τὸν
1554 482 1694 547 πλη-

78 551 237 613 “σίον
277 564 591 634 λειτουργίᾳ
632 556 862 630 ἄοκνος,
917 562 1079 630 ζῆλον
1118 564 1259 615 θεοῦ
1299 556 1478 616 πολύν
1530 564 1690 631 ἔχων,
1716 580 1735 614 5

74 638 204 696 “uoci
248 643 382 710 ζέων
422 645 500 718 τῷ
539 640 811 715 πνεύματι
855 675 928 681 —
963 648 1206 708 τοιοῦτος
1249 642 1317 714 δή
1359 667 1438 708 τις
1483 638 1562 700 c3v
1591 641 1694 715 τὴν

75 722 287 791 “οὑ’τως
318 723 451 783 καθ’
485 722 642 828 ἡμων
672 724 883 798 ἀλόγως
906 729 1207 798 γινομένην
1230 732 1416 798 κρίσιν
1439 723 1542 784 οὐκ
1571 726 1693 798 ἐβά-

78 807 349 881 “στασεν,
382 808 502 865 ἀλλ’
538 808 1066 915 ὑπερηγανάκτησε,
1092 813 1181 866 καὶ
1214 808 1372 883 ἠξίου
1404 812 1495 867 καὶ
1529 809 1694 878 αὐτὸς

75 890 462 964 “ἀκουσθῆναι
492 891 937 966 ἀπολογούμενος
967 917 1108 967 υπερ
1139 897 1252 951 τῶν
1281 893 1570 967 ἀδελφοῖν,
1612 894 1695 950 ὅτι

75 971 288 1049 “μηδεν
328 975 503 1035 ἄθεον
541 979 681 1051 μηδε
721 977 918 1050 ἀσεβές
958 981 1108 1035 ἐστιν
1150 981 1208 1035 έν
1248 977 1396 1052 ἧμιν.
1464 984 1543 1035 10.
1577 981 1689 1035 τῶν
1714 1001 1753 1032 10

78 1055 178 1117 “δε
217 1063 344 1134 περὶ
382 1061 442 1118 τὸ
482 1066 631 1135 βῆμα
675 1061 1142 1135 καταβοησάντων
1184 1059 1386 1135 αυτοῦ,
1433 1063 1550 1137 (καὶ
1591 1062 1695 1136 γὰρ

75 1135 185 1247 Ξῖῆν
216 1146 525 1220 ἐπίσημος),
558 1149 648 1204 καὶ
679 1150 780 1205 τοῦ
810 1146 1076 1221 ἡγεμόνος
1099 1145 1173 1220 μὴ
1197 1144 1578 1221 ἀνασχομένου
1601 1171 1698 1220 της

77 1226 292 1296 “οὗτως
334 1227 431 1287 ὑπ’
479 1229 653 1288 αὐτοῦ
705 1238 922 1297 δικαίας
974 1237 1344 1304 προταθείσης
1397 1229 1694 1302 ἀξιώσεως,

73 1310 252 1369 “ἀλλὰ
282 1314 453 1387 μόνον
485 1319 645 1373 τοῦτο
676 1319 1020 1389 πυθομένου,
1057 1321 1107 1372 εἰ
1136 1317 1229 1372 καὶ
1261 1313 1423 1382 αὐτὸς
1456 1325 1540 1388 εἴη
1564 1325 1696 1389 Χρι-

75 1394 364 1470 “στιανὸς,
405 1405 504 1456 τοῦ
547 1400 608 1457 δε
648 1398 1000 1473 λαμπροτάτῃ
1043 1404 1205 1474 φωνῇ
1236 1396 1694 1473 ὁμολογήσαντος,
1720 1419 1761 1453 15

77 1478 412 1556 “ἀνελήφθη
444 1486 535 1541 καὶ
567 1480 733 1550 αυτὸς
766 1490 842 1550 εἰς
873 1485 969 1541 τὸν
1000 1487 1206 1555 κλῆρον
1236 1489 1348 1541 τῶν
1378 1483 1694 1558 μαρτύρων,

76 1562 461 1639 “παράκλητος
503 1571 853 1641 Χριστιανων
893 1577 1260 1642 χρηματίσας,
1316 1574 1457 1642 ἔχων
1501 1570 1561 1626 δε
1602 1568 1698 1626 τὸν

79 1644 474 1724 λ’παράκλητον
507 1656 566 1709 ἐν
598 1656 806 1729 ἑαυτῷ,
849 1653 908 1710 τὸ
939 1656 1159 1726 πνεῦμα
1190 1655 1360 1710 πλέον
1390 1657 1489 1710 τοῦ
1522 1662 1697 1726 Ζαχα-

77 1729 307 1808 “ρίου,
291 1759 319 1791 ο
353 1735 443 1793 διὰ
474 1743 572 1793 τοῦ
603 1737 963 1811 πληρώματος
994 1742 1090 1809 τῆς
1119 1735 1334 1810 ἀγάπης
1367 1741 1693 1809 ἐνεδείξατο,

75 1815 420 1922 ἶευδοκησας
450 1819 592 1894 ὑπερ
622 1824 718 1894 τῆς
741 1825 853 1879 τῶν
875 1820 1137 1894 ἀδελφῶν
1159 1819 1458 1893 ἀπολογίας
1482 1824 1571 1879 καὶ
1596 1820 1697 1894 τὴν
1719 1844 1762 1875 20

77 1898 320 1960 ’Ἑαυτοῦ
352 1915 541 1963 θεῖναι
571 1905 772 1979 ψυχήν.
827 1899 898 1978 ἦν
928 1904 1031 1977 γὰρ
1057 1907 1147 1962 καὶ
1175 1912 1287 1962 ἔστι
1311 1905 1535 1978 γνήσιος
1560 1915 1699 1980 Χρι-

80 1981 251 2044 ’στοῦ
274 1989 613 2063 μαθητὴς,α
580 1987 912 2048 ἀκολουθων
935 1995 1009 2065 τῷ
1035 1989 1211 2066 ἀρνίῳ
1234 2015 1375 2048 οπου
1400 1987 1470 2048 ἂν
1492 1988 1695 2064 ὑπάγῃ.

79 2065 203 2130 “.1]
239 2077 508 2131 ἐντεῦθεν
540 2074 607 2147 δὴ
643 2080 985 2148 διεκρίνοντο
1017 2078 1075 2131 οι
1101 2077 1309 2147 λοιποι,
1343 2077 1434 2131 καὶ
1465 2076 1698 2147 φανεροὶ

78 2150 209 2258 :mxl
250 2182 455 2231 ετοιμοι
495 2163 742 2232 ἐγίνοντο
785 2158 1275 2233 πρωτομάρτυρες,
1329 2166 1383 2216 οἳ
1423 2162 1515 2216 καὶ
1566 2158 1700 2232 μετὰ

80 2233 295 2341 Ξπάσης
335 2251 653 2317 προθυμίας
693 2242 1048 2317 ἀνεπλήρουν
1099 2241 1202 2314 τὴν
1253 2239 1552 2317 ὁμολογίαν
1603 2248 1698 2315 τῆς
1721 2265 1762 2299 25

81 2317 423 2426 :uapvvpc'ocg
438 2372 453 2400 ,
499 2331 792 2402 ἐφαίνοντο
835 2329 895 2385 δε
925 2330 1016 2384 καὶ
1047 2332 1104 2385 οί
1130 2326 1406 2401 ἀνέτοιμοι
1438 2329 1528 2384 καὶ
1564 2326 1698 2399 ἀγύ-

81 2401 348 2518 ἶμναστοι
388 2414 480 2468 και
523 2418 600 2470 ἔτι
641 2410 934 2482 ἀσθενεῖς,
987 2409 1201 2484 ἀγῶνος
1241 2411 1484 2485 μεγάλου
1536 2411 1700 2469 τόνον

82 2572 94 2592 r
83 2485 370 2568 “ἐνεγκεῖν
399 2494 472 2568 μὴ
506 2495 836 2569 δυνάμενοι,
880 2521 959 2553 ων
998 2499 1089 2553 καὶ
1123 2497 1430 2570 ἐξέτρωσαν
1462 2521 1533 2563 ως
1569 2499 1699 2553 δέκα

99 2577 112 2598 C
161 2579 173 2599 ἱ

120 2604 218 2638 τον
247 2579 509 2654 ἀριθμὸν,
542 2587 598 2638 οἳ
626 2582 716 2637 καὶ
747 2579 993 2654 μεγάλην
1016 2579 1203 2653 λύπην
1226 2583 1317 2637 καὶ
1343 2583 1550 2646 πένθος
1574 2577 1700 2653 ἀμέ-

119 2688 320 2737 τρητον
362 2667 693 2738 ἐνεποίησαν
733 2665 894 2738 ἡμῖν,
950 2666 1040 2721 καὶ
1082 2665 1184 2737 τὴν
1224 2671 1548 2738 προθυμίαν
1588 2667 1700 2720 τῶν
1723 2687 1765 2719 3ο

204 2859 256 2896 22
287 2857 425 2909 Apoc,
451 2861 524 2910 14,
549 2861 590 2899 4.
