1986 3152
571 115 731 162 HIST.
762 113 1011 158 EchEs.
1041 117 1121 158 1x.
1155 117 1224 159 11.
1603 114 1710 167 445

100 237 366 307 σκοτεινῷ
426 231 673 306 χρώματι
723 231 1306 306 καταμελανούμεναι,
1360 231 1712 306 ἀνδριάντων

100 341 158 374 τε
190 315 395 389 ὁμοίως
426 315 626 373 ὁπόσοι
667 321 746 383 εἰς
785 316 892 390 τὴν
933 314 1111 373 αὐτοῦ
1151 316 1315 389 τιμὴν
1356 317 1710 389 διανεστήκε-

102 419 236 472 σαν,
271 399 535 467 ὡσαύτως
567 401 923 475 ῥιπτούμενοι
953 407 1378 475 συνετρίβοντο,
1411 402 1586 472 γέλως
1617 403 1711 458 καὶ

102 484 291 542 παιδιά
344 497 462 551 τοῖς
518 488 824 559 ἐνυβρίζειν
873 486 967 542 καὶ
1014 488 1371 559 ἐμπαροινεῖν
1417 486 1714 543 ἐθέλουσιν

104 573 423 643 ἐκκείμενοι.
505 573 553 626 3.
622 569 739 626 εἶτα
781 571 844 627 δὲ
880 571 974 627 καὶ
1013 576 1128 626 τῶν
1169 569 1357 627 ἄλλων
1385 575 1482 643 τῆς
1511 578 1706 628 θεοσε-
1735 593 1755 625 5

100 660 255 726 βείας
282 657 503 727 ἐχθρῶν
527 660 698 711 πᾶσαι
721 659 784 711 αἱ
800 656 950 728 τιμαὶ
975 660 1347 728 περιῃροῦντο
1362 698 1377 726 ,
1405 657 1714 712 ἐκτείνοντο

101 739 166 795 δὲ
210 740 301 794 καὶ
343 737 547 805 πάντες
592 743 652 796 οἶ
689 738 757 794 τά
798 741 1121 811 Μαξιμίνου
1168 745 1542 812 φρονοῦντες,
1597 739 1715 796 ὅσοι

102 824 336 897 μάλιστα
365 828 479 879 τῶν
522 825 582 879 ἐν
622 820 870 896 ἀρχικοῖς
910 821 1211 894 ἀξιώμασιν
1251 818 1354 878 υπ’
1400 821 1579 879 αὐτοῦ
1621 846 1713 880 τε·

101 908 393 981 τιμημένοι
442 910 512 980 τῇ
565 906 704 979 πρὸς
758 905 934 963 αὐτὸν
984 913 1247 981 κολακείᾳ
1293 912 1546 978 σοβαρῶς
1592 910 1709 963 ε’νε·

102 991 447 1067 παρῴνησαν
476 996 552 1067 τῷ
583 989 715 1047 καθ’
747 989 892 1063 ἡμᾶς
924 990 1101 1067 λόγῳ·
1155 994 1205 1047 4.
1252 986 1368 1056 οἷος
1397 992 1470 1062 ήν
1503 990 1530 1048 ὁ
1564 991 1713 1063 παρὰ
1741 1013 1778 1044 10

105 1075 316 1141 πάντας
349 1073 504 1150 αὐτῷ
527 1075 847 1148 τιμιώτατος
870 1076 964 1131 καὶ
988 1074 1446 1148 αἰδεσιμώτατος,
1481 1078 1716 1149 ἑταίρων

102 1184 161 1217 τε
190 1159 563 1232 γνησιώτατος
595 1162 925 1232 Πευκέτιος,
970 1159 1275 1225 δισύπατος
1315 1159 1410 1215 καὶ
1439 1158 1716 1232 τρισύπα-

102 1268 223 1317 τος,
278 1246 528 1301 καὶτῶν
564 1244 815 1301 καθόλου
859 1243 1043 1316 λόγων
1085 1250 1322 1318 ἔπαρχος
1367 1244 1508 1317 πρὸς
1539 1243 1717 1301 αὐτοῦ

103 1330 546 1401 καθεσταμένος,
600 1328 951 1395 Κουλκιανός
1000 1352 1059 1385 τε
1101 1327 1365 1394 ὡσαύτως
1406 1329 1498 1385 διά
1539 1329 1716 1402 πάσης

102 1412 332 1487 ἀρχικῆς
374 1413 675 1488 προελθών
717 1415 997 1485 ἐξουσίας,
1055 1409 1084 1469 ὁ
1138 1414 1231 1469 καὶ
1283 1410 1454 1480 αὐτὸς
1495 1420 1714 1487 μυριόις
1740 1433 1778 1465 15

103 1511 222 1565 τοῖς
277 1496 399 1554 κατ’
453 1507 749 1570 Αἴγυπτον
788 1502 1140 1571 Χριστιανῶν
1194 1498 1718 1573 ἐλλαμπρυνόμενος

106 1587 362 1656 αἴμασιν,
418 1583 575 1640 ἄλλοι
613 1606 671 1640 τε
717 1584 806 1639 ἐπὶ
856 1582 1067 1649 τούτοις
1109 1579 1214 1638 ούκ
1255 1580 1462 1655 ὀλίγοι,
1516 1580 1589 1639 δι’
1639 1578 1719 1639 ὧν

103 1668 339 1741 μάλιστα
382 1667 451 1723 τὰ
490 1674 590 1740 τῆς
622 1670 942 1740 Μαξιμίνου
983 1671 1320 1741 τυραννίδος
1362 1667 1720 1741 ἐκραταιοῦτο

104 1775 163 1810 τε
193 1754 287 1808 καὶ
330 1751 541 1824 ηὔξετο.
623 1755 674 1809 5.
744 1750 927 1809 ἐκάλει
969 1752 1033 1808 δὲ
1072 1749 1181 1824 ἄρα
1219 1753 1313 1807 καὶ
1346 1747 1716 1823 Θεότεκνονή
1755 1766 1764 1775 “

106 1842 264 1909 δίκη,
319 1834 583 1910 οὐδαμῶς
623 1835 689 1893 τὰ
729 1836 868 1893 κατὰ
900 1840 1252 1910 Χριστιανῶν
1281 1835 1434 1913 αὐτῷ
1463 1857 1716 1909 πεπραγ-
1739 1855 1779 1888 20

106 1922 247 1994 μένα
277 1921 426 1996 λήθῃ
459 1925 863 1996 παραδιδοῦσα.
926 1922 1016 1978 ἐπὶ
1046 1920 1152 1994 μὲν
1180 1919 1288 1995 γὰρ
1318 1926 1396 1996 τῷ
1437 1919 1560 1977 κατ’
1589 1918 1717 1977 Ἀν-

106 2005 347 2078 τιόχειαν
380 2007 670 2078 ἱδρυθέντι
710 2005 851 2076 πρὸς
882 2004 1063 2062 αὐτοῦ
1094 2004 1274 2082 ξοάνῳ
1317 2005 1482 2073 δόξας
1514 2002 1718 2078 εὐημε-

109 2103 262 2164 ρεῖν,
316 2090 423 2162 ἤδη
465 2091 558 2146 καὶ
595 2089 898 2163 ἡγεμονίας
940 2088 1140 2163 ἠξίωτο
1182 2089 1333 2163 παρὰ
1378 2092 1717 2162 Μαξιμίνου.

108 2179 159 2231 6.
190 2181 474 2241 Λικίννιος
500 2173 553 2230 δ’
583 2173 775 2247 ε’πιβάς
798 2179 895 2247 τῆς
915 2173 1237 2247 Ἀντιοχέων
1262 2174 1473 2240 πόλεως
1491 2218 1506 2246 ,
1538 2173 1721 2247 φοράν

108 2282 167 2315 τε
197 2259 417 2331 γοήτων
448 2259 851 2332 ποιησάμενος,
881 2258 1015 2325 τούς
1044 2263 1147 2315 τοῦ
1178 2263 1493 2330 νεοπαγοῦς
1517 2258 1719 2325 ξοάνου
1743 2274 1783 2307 25

108 2343 397 2415 προφήτας
427 2344 521 2398 καὶ
553 2348 722 2417 ἱερεῖς
752 2343 1016 2416 βασάνοις
1040 2342 1283 2417 ᾐκίζετο,
1314 2349 1425 2399 τίνι
1448 2342 1596 2418 λόγῳ
1620 2342 1722 2413 τὴν

112 2426 334 2499 ἀπάτην
363 2433 850 2502 καθυπεκρίνοντο
881 2425 1329 2500 πυνθανόμενος.
1391 2422 1465 2493 ὥς
1506 2424 1559 2483 δ’
1600 2429 1716 2482 ε’πι-

108 2512 459 2584 κρύπτεσθαι
498 2508 691 2578 αύτοῖς
731 2511 873 2586 πρὸς
911 2517 1026 2568 τῶν
1065 2511 1330 2582 βασάνων
1373 2518 1719 2568 συνελαυνο-

109 2598 295 2670 μένοις
327 2595 612 2654 ἀδύνατον
640 2590 741 2669 ἦν,
783 2595 1021 2668 ἐδήλουν
1061 2596 1123 2652 δὲ
1166 2594 1228 2652 τὸ
1270 2600 1384 2652 πᾶν
1413 2595 1720 2669 μυστήριον

111 2680 329 2754 ἀπάτην
358 2681 658 2754 τυγχάνειν
686 2682 852 2755 τέχνῃ
883 2685 952 2755 τῇ
987 2681 1297 2738 Θεοτέκνου
1330 2680 1717 2754 μεμηχανημέ·
1743 2695 1785 2727 30

110 2790 246 2838 νην,
298 2778 414 2833 τοῖς
460 2771 592 2823 πᾶσι
641 2765 744 2838 τὴν
790 2764 952 2834 ἀξίαν
998 2766 1209 2831 ἐπιθεὶς
1252 2770 1446 2836 δίκην,
1500 2768 1721 2837 πρῶτον

112 2848 286 2907 αὐτὸν
332 2851 674 2923 Θεότεκνον,
730 2850 848 2907 εἶτα
899 2850 962 2906 δὲ
1003 2850 1096 2905 καὶ
1136 2849 1268 2916 τούς
1318 2854 1417 2921 τῆς
1468 2853 1721 2920 γοητείας
