1986 3152
264 86 373 139 200
949 89 1195 130 EUSEBII

258 198 386 259 “καὶ
418 199 659 274 πόλεμον
689 215 805 269 τοῖς
835 199 1129 275 ἀδελφοῖς,
1162 199 1300 260 ἀλλά
1330 203 1507 278 χαρὰν
1529 207 1622 261 καὶ
1646 203 1877 279 εἰρήνην

258 282 388 342 “ocal
428 282 695 358 ὁμόνοιαν
734 288 826 342 καὶ
871 283 1139 359 ἀγάπην.”
1201 292 1247 344 8.
1279 290 1452 344 ταῦτα
1495 290 1584 344 καὶ
1624 291 1751 362 περὶ
1781 295 1876 362 τῆς

261 374 374 426 τῶν
414 375 703 444 μακαρίων
746 373 975 428 ἐκείνων
1014 369 1152 445 πρὸς
1191 369 1320 438 τοῦς
1371 371 1878 445 παραπεπτωκότας

261 457 375 510 τῶν
426 451 690 527 ἀδελφῶν
735 458 970 529 στοργῆς
1012 453 1302 528 ὠφελίμως
1343 461 1728 531 προσκείσθω,
1781 461 1878 531 τῆς

218 557 239 589 5
261 534 647 613 ἀπανθρώπου
706 541 799 595 καὶ
857 537 1129 611 ἀνηλεοῦς
1189 543 1352 597 ἕνεκα
1406 542 1712 608 διαθέσεως
1761 547 1878 599 τῶν

259 621 394 695 μετά
434 627 605 680 ταῦτα
647 619 894 696 ἀφειδῶς
932 637 1047 691 τοῖς
1090 629 1333 699 Χριστοῦ
1373 628 1562 702 μέλεσι
1603 644 1878 699 προσενη-

258 709 559 780 νεγμένων.

389 802 469 852 111.
521 801 648 868 [Nic.
679 803 736 852 H.
766 803 820 852 Ε.
850 804 926 860 IV,
960 801 1066 868 18]
1122 787 1188 849 ‘H
1217 789 1271 849 δ’
1305 790 1443 865 αὐτὴ
1474 795 1586 850 τῶν
1616 814 1876 867 προειρη-

258 877 444 949 μένων
467 874 763 950 μαρτύρων
786 875 973 948 γραφὴ
998 878 1090 932 καὶ
1120 873 1294 948 ἀλλην
1316 877 1442 933 τινὰ
1471 876 1685 950 μνήμης
1716 876 1877 946 ἀξίαν

197 978 239 1010 10
262 964 512 1032 ἱστορίαν
543 961 810 1034 περιέχει,
853 956 923 1032 ἢν
963 963 1054 1016 καὶ
1095 958 1282 1028 οὐδεὶς
1313 960 1384 1018 ἂν
1414 962 1629 1033 γένοιτο
1659 961 1875 1034 φθόνος

258 1038 333 1118 μὴ
375 1042 502 1117 οὐχὶ
543 1051 657 1101 τῶν
690 1046 1099 1117 ἐντευξομένων
1157 1051 1233 1112 εἰς
1278 1049 1489 1117 γνῶσιν
1521 1056 1870 1118 προσθεῖναι.

259 1134 372 1202 ἔχει
415 1129 478 1185 δὲ
518 1127 707 1195 οὕτως.
779 1134 826 1185 2.
862 1126 1214 1200 Ἀλκιβιάδου
1255 1128 1360 1204 γάρ
1401 1150 1548 1196 τινος
1581 1132 1634 1198 ἐξ
1665 1127 1871 1201 αὐτῶν,

257 1211 408 1269 πάνυ
440 1208 725 1285 αὐχμηρὸν
755 1217 1013 1285 βιοῦντος
1045 1219 1200 1284 βίον,
1243 1215 1335 1270 καὶ
1375 1212 1612 1314 μηδενὸς
1642 1212 1782 1281 ὅλως
1810 1214 1873 1272 τὸ

257 1295 528 1371 πρότερον
567 1295 1114 1370 μεταλαμβάνοντος,
1157 1293 1281 1353 ἀλλ’
1325 1293 1358 1370 ἢ
1400 1295 1548 1375 ἅρτω
1589 1297 1740 1375 μόνω
1782 1295 1872 1356 καὶ

195 1398 235 1430 15
259 1380 421 1437 ῦδατι
474 1382 792 1455 χρωμένου,
842 1382 1190 1456 πειρωμένου
1239 1405 1298 1439 τε
1338 1383 1430 1438 καὶ
1478 1385 1538 1439 ἐν
1578 1385 1646 1456 τῇ
1686 1383 1874 1458 ειρκτῆ

258 1463 402 1522 οῦτω
436 1464 678 1537 διαγειν,
706 1463 947 1523 Ἀττάλω
979 1469 1115 1538 μετὰ
1154 1464 1251 1523 τὸν
1290 1488 1509 1538 πρωτον
1548 1463 1764 1540 ἀγωνα,
1807 1491 1874 1524 ον

258 1552 318 1606 ἐν
347 1574 424 1627 τῳ
457 1548 824 1626 ἀμφιθεάτρω
855 1550 1086 1623 ἤνυσεν,
1118 1548 1526 1624 ἀπεκαλύφθη,
1560 1575 1642 1608 οτι
1672 1550 1746 1624 μὴ
1776 1576 1871 1609 κα-

257 1637 366 1700 λῶς
396 1641 582 1707 ποιοίη
606 1632 990 1707 Ἀλκιβιάδης,
1033 1632 1107 1708 μὴ
1148 1633 1426 1709 χρεόμενος
1465 1649 1580 1701 τοῖς
1614 1642 1872 1708 κτίσμασι

255 1721 355 1775 τοῦ
384 1721 554 1791 θεοῦ,
601 1720 694 1775 καὶ
724 1716 909 1785 ἄλλοις
939 1718 1118 1776 τύπον
1149 1718 1466 1777 σκανδάλου
1507 1718 1871 1793 ὑπολειπόμε-

192 1819 234 1851 20
256 1826 368 1869 νος.
444 1807 491 1862 3.
537 1805 791 1870 πεισθεὶς
834 1804 895 1860 δὲ
938 1801 966 1860 ὁ
1002 1802 1355 1877 Ἀλκιβιάδης
1395 1804 1620 1861 πάντων
1661 1802 1872 1878 ἀνέδην

253 1885 661 1960 μετελάμβανε,
705 1890 796 1945 καὶ
836 1886 1161 1962 ηὐχαρίστει
1199 1892 1274 1966 τῷ
1306 1891 1439 1964 θεῷ.
1503 1887 1568 1945 οὐ
1600 1886 1704 1961 γὰρ
1747 1886 1870 1946 ἀνε-

256 1977 546 2028 πίσκεπτοι
593 1971 812 2045 χάριτος
863 1976 1004 2030 θεοῦ
1045 1967 1217 2046 ἦσαν,
1271 1969 1409 2029 ἀλλὰ
1448 1972 1508 2029 τὸ
1549 1976 1768 2046 πνεῦμα
1808 1972 1870 2030 τὸ

254 2053 414 2126 ἅγιον
443 2047 513 2127 ἦν
546 2055 866 2128 σύμβουλον
897 2055 1101 2122 αὐτοῖς.
1138 2059 1229 2114 καὶ
1254 2061 1424 2114 ταῦτα
1447 2054 1670 2130 μὲνι“δὶ
1690 2059 1865 2129 ἐχέτω.

253 2142 302 2195 4.
320 2144 432 2195 τῶν
459 2138 509 2195 δ’
531 2136 671 2212 ἀμφὶ
695 2140 792 2197 τὸν
809 2139 1110 2198 Μοντανὸν
1133 2143 1222 2197 καὶ
1244 2137 1599 2212 Ἀλκιβιοίδην
1622 2143 1713 2197 καὶ
1730 2139 1867 2197 Θεό-

192 2237 234 2270 25
260 2227 423 2279 δοτον
466 2225 593 2297 περὶ
634 2247 738 2295 την
771 2231 1028 2296 Φρυγίαν
1058 2224 1181 2298 ἄρτι
1210 2223 1331 2281 τότε
1362 2247 1581 2298 πρωτον
1610 2221 1712 2296 τὴν
1742 2226 1869 2298 περὶ

252 2310 351 2362 τοῦ
392 2307 768 2380 προφητεύειν
808 2304 1090 2380 υπόληψιν
1130 2308 1278 2381 παρά
1311 2316 1535 2374 πολλοῖς
1570 2310 1869 2382 ἐκφερομέ-

254 2414 370 2448 νων
396 2390 674 2465 (πλεῖσται
698 2391 804 2467 γὰρ
829 2396 931 2450 οὐν
962 2395 1053 2449 καὶ
1084 2392 1248 2449 ἄλλαι
1279 2396 1740 2467 παραδοξοποιίαι
1768 2397 1868 2450 τοῦ

252 2480 419 2532 θείου
450 2482 784 2550 χαρίσματος
817 2479 984 2534 εἰσέτι
1013 2475 1138 2535 τότε
1169 2477 1305 2534 κατὰ
1337 2475 1639 2551 διαφόρους
1672 2480 1856 2549 ἐκκλη-

254 2565 376 2625 σίας
408 2558 793 2633 ἐκτελούμεναι
824 2567 1012 2618 πίστιν
1035 2561 1183 2635 παρὰ
1207 2570 1430 2628 πολλοῖς
1454 2564 1552 2619 τοῦ
1575 2559 1865 2626 κάκείνους

187 2658 230 2691 ³0
252 2642 626 2717 προφητεύειν
656 2645 974 2719 παρεῖχον),
1017 2648 1108 2702 καὶ
1143 2646 1210 2718 δὴ
1244 2651 1551 2718 διαφωνίας
1581 2643 1864 2718 ὑπαρχού-
1928 2723 1935 2725 λ

251 2745 351 2800 σης
384 2730 510 2799 περὶ
539 2733 651 2786 τῶν
685 2731 1106 2803 δεδηλωμένων,
1139 2723 1307 2797 αὖθις
1339 2735 1397 2787 οἶ
1423 2728 1560 2787 κατὰ
1589 2729 1690 2801 τὴν
1722 2737 1862 2787 Γαλ-

250 2819 378 2870 λίαν
418 2809 650 2886 ἀδελφοὶ
697 2813 798 2886 τὴν
859 2820 1012 2871 ἰδίαν
1070 2822 1255 2889 κρίσιν
1313 2817 1405 2871 καὶ
1463 2816 1589 2889 περὶ
1648 2812 1860 2870 τούτων
