1986 3152
538 102 697 144 HIST.
727 101 976 144 ECCLES.
1008 103 1085 144 VI.
1117 104 1187 143 42.
1219 104 1287 144 43.
1618 101 1722 154 289

102 224 217 278 τῶν
258 215 709 290 ἐξησθενηκότων
749 216 887 275 κατά
938 217 1036 275 τὸν
1076 221 1176 276 τοῦ
1229 222 1475 292 διωγμοῦ
1523 219 1722 291 καιρὸν

102 301 389 362 ἀνακινῶν
419 300 602 374 λόγον.

230 398 395 451 XLIII
445 396 574 463 [Nic.
602 398 659 447 H.
689 397 743 446 Ε.
772 397 847 454 Vl,
876 395 950 462 5.]
992 384 1319 460 Ἐπειδήπερ
1343 389 1409 462 τῇ
1434 385 1572 445 κατά
1595 386 1720 444 τού-

100 496 215 531 των
244 469 440 542 ἀρθεὶς
470 469 829 546 ὑπερηφανίᾳ
859 470 1167 544 Νοουάτος,
1199 477 1294 544 τῆς
1318 468 1597 545 Ρωμαίων
1630 475 1722 529 ἐκ-

103 562 335 629 κλησίας
365 554 758 658 πρεσβύτερος,
799 553 872 621 ὡς
902 554 1089 628 μηκέτ’
1127 553 1294 629 οὔσης
1326 554 1514 623 αὐτοῖς
1546 574 1718 629 σωτη-
1741 573 1763 605 ⁵

102 648 226 716 ρίας
260 644 510 713 ἐλπίδος,
541 638 671 713 μηδ’
711 645 760 696 εἰ
788 638 970 696 πάντα
1000 639 1066 696 τά
1098 646 1174 706 εἰς
1209 641 1548 715 ἐπιστροφὴν
1589 664 1720 714 γνη-

102 732 233 784 σίαν
286 727 376 782 καὶ
428 723 687 797 καθαρὰν
737 721 1125 796 ἐξομολόγησιν
1178 728 1514 796 ἐπιτελοῖεν,
1574 731 1720 791 ἰδίας

102 813 366 884 αἱρέσεως
417 811 531 865 τῶν
580 804 717 864 κατὰ
766 812 1032 880 λογισμοῦ
1085 813 1366 880 φυσίωσιν
1416 809 1721 882 Καθαροὺς

44 899 52 905 ’
105 891 336 961 ἑαυτούς
375 890 787 964 ἀποφηνάντων
827 888 1064 965 ἀρχηγὸς
1109 898 1455 950 καθίσταται.
1532 897 1582 949 2.
1629 889 1718 965 ἐφ’

102 973 147 1055 ᾧ
172 975 417 1035 συνόδου
440 983 699 1050 μεγίστης
725 977 814 1032 ἐπὶ
840 971 1042 1049 Ῥώμης
1073 982 1566 1050 συγκροτηθείσης,
1602 977 1717 1049 ‘55²7'-
1746 994 1786 1026 10

105 1086 274 1120 κοντα
303 1062 407 1136 μὲν
435 1059 533 1118 τὸν
565 1058 810 1134 ἀριθμὸν
852 1059 1199 1134 ἐπισκόπων,
1247 1060 1521 1120 πλειόνων
1554 1058 1609 1118 δ’
1645 1068 1724 1119 ἔτι

101 1150 307 1222 μᾶλλον
342 1148 740 1220 πρεσβυτέρων
770 1167 828 1201 τε
859 1147 952 1202 καὶ
984 1146 1282 1218 διακόνων,
1317 1151 1471 1213 ἰδίως
1502 1169 1561 1203 τε
1585 1146 1722 1203 κατὰ

98 1229 196 1298 τάς
227 1229 420 1298 λοιπὰς
454 1233 715 1303 ἐπαρχίας
746 1233 857 1287 τῶν
896 1228 1033 1287 κατά
1065 1229 1251 1304 χώραν
1281 1233 1562 1304 ποιμένων
1591 1234 1719 1305 περὶ

100 1319 200 1373 τοῦ
231 1316 507 1389 πρακτέου
541 1316 1019 1388 διασκεψαμένων,
1053 1314 1230 1388 δόγμα
1255 1321 1585 1387 παρίσταται
1607 1329 1721 1382 τοῖς

100 1406 238 1458 πᾶσι
267 1398 364 1457 τὸν
393 1400 495 1472 μὲν
522 1396 813 1456 Νοουάτον
844 1397 955 1472 ἅμα
986 1413 1099 1466 τοῖς
1132 1396 1282 1475 αὐτῷ
1309 1410 1719 1473 συνεπαρθεῐσι
1745 1415 1784 1448 15

99 1483 229 1552 τούς
258 1508 317 1542 τε
347 1489 715 1542 συνευδοκεῖν
745 1487 809 1558 τῇ
847 1486 1173 1560 μισαδέλφῳ
1212 1486 1304 1541 καὶ
1341 1480 1718 1559 ἀπανθρωπο-

99 1570 233 1643 τάτῃ
251 1566 444 1643 γνώμῃ
468 1565 704 1642 τάνδρὸς
722 1570 1196 1642 προαιρουμένους
1222 1572 1282 1625 ἐν
1301 1566 1608 1642 ἀλλοτρίοις
1625 1573 1719 1642 τῆς

102 1657 394 1725 ἐκκλησίας
425 1649 707 1725 ἡγεῖσθαι,
739 1651 866 1719 τοὺς
892 1654 952 1710 δε
983 1656 1051 1726 τῇ
1081 1658 1343 1729 συμφορᾷ
1374 1675 1719 1727 περιπεπτω-

103 1735 265 1804 κότας
295 1761 409 1795 των
438 1735 702 1809 ἀδελφῶν
735 1740 928 1795 ἰᾶσθαι
959 1740 1050 1794 καὶ
1089 1736 1430 1812 θεραπεύειν
1470 1753 1583 1805 τοις
1624 1741 1719 1810 τῆς

101 1827 393 1897 μετανοίας
445 1819 772 1896 φαρμάκοις.
856 1826 905 1878 3.
952 1814 1131 1893 ἦλθον
1185 1819 1238 1879 δ’
1293 1823 1396 1880 οὐν
1449 1828 1526 1889 εἰς
1578 1819 1758 1895 ἡμᾶς
1741 1838 1782 1870 20

104 1908 385 1965 ἐπιστολαὶ
426 1912 745 1980 Κορνηλίου
780 1906 1062 1979 Ρωμαίων
1103 1905 1405 1964 ἐπισκόπου
1446 1904 1581 1981 πρὸς
1621 1906 1718 1964 τὸν

99 1995 197 2064 τῆς
221 1989 547 2065 Ἀντιοχέων
578 1993 871 2064 ἐκκλησίας
906 1989 1141 2064 Φάβιον,
1184 1997 1451 2064 δηλοῦσαι
1490 1989 1555 2048 τά
1592 1993 1719 2066 περὶ

101 2080 198 2148 τῆς
235 2074 517 2149 Ῥωμαίων
569 2074 814 2133 συνόδου
867 2078 959 2132 καὶ
1010 2075 1076 2133 τὰ
1131 2074 1367 2145 δόξαντα
1418 2081 1553 2134 πᾶσι
1606 2089 1718 2142 τοῖς

102 2158 239 2218 κατά
297 2161 399 2233 τὴν
450 2158 687 2218 Ἰταλίαν
745 2162 838 2218 καὶ
894 2157 1161 2234 Ἀφρικὴν
1220 2163 1310 2218 καὶ
1370 2158 1466 2227 τάς
1518 2157 1719 2218 αὐτόθι

103 2242 306 2350 χαῗρας
375 2246 468 2302 καὶ
507 2242 668 2302 ἄλλαι
707 2243 875 2303 παλιν
908 2241 1179 2320 Ρωμαϊκῇ
1219 2247 1384 2319 φωνῇ
1415 2259 1783 2317 συντεταγ-25

101 2331 263 2402 μέναι
292 2333 622 2402 Κυπριανοῦ
663 2332 754 2386 καὶ
791 2333 904 2388 τῶν
932 2328 1026 2431 ἅμ’
1065 2328 1213 2407 αὐτῷ
1245 2329 1382 2388 κατὰ
1410 2328 1512 2404 τὴν
1538 2327 1719 2403 ’-Αφρι

63 2412 238 2486 ,κὴν,
299 2411 371 2470 δι’
431 2437 511 2470 ων
560 2411 621 2470 τὸ
672 2415 764 2471 καὶ
817 2439 1018 2482 αυτους
1063 2419 1431 2473 συνευδοκεῖν
1474 2439 1549 2471 τω
1599 2419 1718 2472 δεῖν

101 2495 402 2571 τυγχάνειν
434 2499 753 2571 ἐπικουρίας
783 2522 910 2566 τους
941 2501 1415 2573 πεπειρασμένους
1440 2502 1717 2573 ἐφαίνετο,

102 2584 197 2638 καὶ
248 2585 325 2658 τῷ
376 2585 572 2656 χρῆναι
626 2580 866 2655 εὐλόγως
917 2587 1012 2656 τῆς
1071 2587 1372 2656 καθολικῆς
1427 2587 1717 2657 ἐκκλησίας

105 2664 444 2740 ἐκκήρυκτον
481 2666 821 2738 ποιήσασθαι
862 2665 958 2724 τὸν
997 2672 1093 2740 τῆς
1143 2671 1405 2741 αἱρέσεως
1451 2666 1712 2742 ἀρχηγὸν,
1738 2678 1779 2713 30

103 2747 310 2817 πάντας
340 2775 398 2808 τε
419 2749 621 2824 ὁμοίως
643 2749 771 2818 τούς
796 2756 1287 2826 συναπαγομένους
1311 2749 1474 2829 αὐτῷ.
1521 2757 1568 2809 4.
1588 2751 1716 2808 ταύ-

102 2856 222 2902 ταις
253 2831 390 2908 ἄλλη
421 2860 502 2902 τις
535 2834 791 2909 ἐπιστολὴ
823 2839 1072 2910 συνῆπτο
1104 2841 1203 2896 τοῦ
1233 2843 1550 2966 Κορνηὲίου
1589 2837 1715 2908 περὶ

191 2942 422 2972 EUSEBIUS
459 2945 526 2973 IV.
1395 2917 1419 2966 1
