2032 3174
304 139 389 181 XL
1002 138 1126 178 CAP.
1158 140 1197 178 2.

303 251 443 301 hanc
479 249 786 313 historiam,
827 267 964 318 quae
1002 246 1161 300 nobis
1196 247 1616 317 superimposita
1651 255 1760 315 est,
1798 267 1918 318 per·

304 334 519 386 fectiori
555 334 715 386 modo
755 330 1130 384 enarrandam.

747 597 994 650 CAPUT
1033 596 1461 650 SECUNDUM.

301 694 563 767 Epitomae
601 695 898 751 summariae
935 693 994 749 de
1029 695 1416 766 praeexistentia
1452 693 1623 749 divina
1649 694 1916 751 salvatoris

479 781 663 848 nostri7
704 777 893 834 domini
931 780 1089 834 nostri
1127 778 1242 833 Jesu
1266 777 1472 833 Messiae
1511 777 1604 833 filii
1629 777 1735 833 Dei.

407 923 439 986 ξ
467 921 515 972 7.
578 919 800 971 Initium
841 936 966 987 ergo
1007 920 1298 981 sermonis,
1339 926 1527 988 utpote
1563 927 1726 971 antea
1763 919 1914 972 dixe—

299 1022 415 1056 ram
453 1022 486 1056 a
522 1003 810 1056 divinitate
845 1001 1062 1055 excelsa
1088 1011 1142 1055 et
1167 1001 1406 1071 gloriosa
1429 1002 1663 1055 Messiae
1693 1002 1914 1069 faciam,

301 1106 439 1159 quae
476 1087 768 1140 antecessit
804 1086 932 1138 huic
970 1086 1293 1140 existentiae
1327 1086 1671 1156 (οἰκονομία)
1705 1087 1762 1138 in
1799 1104 1916 1140 cor-

298 1189 448 1242 pore.
526 1175 557 1238 ξ
585 1171 635 1224 8.
698 1171 874 1223 Decet
908 1172 1050 1223 enim
1088 1189 1237 1238 eum,
1277 1172 1370 1241 qui
1396 1170 1614 1240 scriptis
1640 1170 1914 1223 historicis

297 1274 383 1308 res
431 1263 614 1325 gestas
663 1254 924 1307 ecclesiae
963 1253 1178 1307 tradere
1224 1254 1370 1320 vult,
1415 1253 1579 1306 altius
1621 1254 1913 1325 (incipien-

298 1339 441 1408 tem)
492 1340 672 1391 dicere
720 1339 785 1391 de
834 1338 1061 1391 historia
1099 1340 1304 1392 domini
1340 1337 1514 1390 nostri
1556 1368 1612 1377 —-—
1657 1357 1690 1390 a
1729 1337 1915 1391 divino

296 1424 517 1476 numine
559 1424 702 1475 enim
739 1422 1037 1475 humanum
1074 1441 1245 1492 genus
1283 1422 1679 1475 Messianitatis
1718 1440 1914 1492 cogno-

296 1526 420 1560 men
438 1507 719 1577 ‘adeptum
758 1515 857 1559 est.
896 1539 964 1545 —-
1025 1507 1158 1577 Cap.
1199 1506 1249 1558 2.
1289 1510 1321 1573 ξ
1363 1507 1409 1558 1.
1471 1506 1575 1558 Est
1613 1507 1756 1558 enim
1793 1508 1914 1577 ejus

296 1600 461 1662 typus
502 1591 734 1660 duplicis
773 1590 1239 1643 naturae:·altera
1276 1590 1519 1660 aequalis
1560 1598 1642 1642 est
1679 1592 1913 1660 corpori,

299 1676 456 1745 cujus
506 1683 671 1745 caput
720 1682 802 1726 est
847 1676 968 1745 ejus
1008 1673 1266 1726 divinitas
1307 1683 1362 1726 et
1398 1673 1628 1744 pedibus
1669 1672 1911 1743 aequalis

220 1768 225 1773 '
299 1766 381 1810 est
435 1759 554 1827 ejus
610 1758 917 1809 humanitas
968 1796 1185 1809 .....
1243 1776 1406 1827 quam
1458 1757 1636 1810 induit
1690 1766 1915 1827 propter

295 1849 537 1895 nostram
585 1840 1029 1911 redemptionem.
1107 1841 1336 1907 Quando
1385 1860 1512 1911 ergo
1550 1842 1764 1894 initium
1804 1860 1912 1894 ser-

298 1926 476 1979 monis
502 1926 677 1978 nostri
703 1925 966 1977 faciemus
994 1925 1064 1976 ab
1092 1926 1410 1978 aeternitate
1440 1925 1742 1978 divinitatis
1771 1927 1911 1995 ejus,

295 2009 538 2079 perfecta
576 2009 678 2061 erit
718 2010 958 2062 narratio
999 2008 1177 2079 quoad
1215 2009 1644 2079 dispositionem.
1719 2010 1811 2062 Ex
1848 2027 1912 2062 eo

295 2095 439 2146 enim
476 2092 641 2146 etiam
678 2093 972 2163 antiquitas
1010 2101 1064 2146 et
1089 2102 1332 2147 vetustas
1361 2093 1793 2146 Christianorum
1817 2111 1910 2164 ap-

295 2176 537 2246 parebit,
578 2194 715 2246 quae
755 2176 825 2228 ab
864 2178 1272 2247 antiquissimus
1311 2177 1649 2247 temporibus
1685 2177 1912 2230 laudata

294 2260 402 2313 fuit
426 2260 572 2326 Dec,
613 2278 815 2330 neque,
855 2268 914 2312 ut
949 2260 1196 2314 homines
1233 2269 1454 2331 putant,
1493 2260 1595 2314 hoc
1631 2261 1751 2331 ipso
1778 2268 1910 2313 tem-

293 2362 427 2415 pore
465 2362 652 2396 recens
693 2352 853 2396 enata
891 2352 989 2396 est.
1065 2349 1096 2412 ξ
1123 2345 1174 2396 2.
1231 2345 1323 2397 Ad
1357 2344 1740 2415 explicandam
1778 2362 1908 2398 vero

295 2427 700 2497 generationem
727 2437 781 2480 et
806 2431 1150 2499 majestatem
1181 2429 1519 2482 substantiae
1533 2428 1768 2481 Messiae
1793 2428 1909 2480 nul-

292 2512 404 2563 lum
439 2530 677 2581 unquam
710 2511 942 2564 verbum
980 2514 1209 2580 sufficit,
1248 2521 1438 2584 utpote
1466 2513 1690 2583 spiritus
1717 2513 1827 2565 Dei
1851 2513 1910 2564 in

292 2595 580 2666 prophetia
607 2594 775 2647 dixit:
820 2595 1117 2664 ,‚(Jes.'53,
1141 2597 1214 2667 8.)
1245 2596 1432 2650 Genus
1461 2598 1579 2668 ejus
1607 2596 1728 2666 quis
1755 2614 1907 2648 enar-

291 2678 525 2732 rabit‘?“
598 2678 800 2749 Utpote
839 2680 980 2731 enim
1007 2689 1220 2750 patrem
1245 2699 1404 2734 nemo
1430 2680 1583 2733 novit
1607 2680 1715 2732 nisi
1740 2678 1906 2745 filius,

293 2763 369 2815 sic
417 2762 581 2815 etiam
627 2781 784 2816 nemo
832 2762 1004 2815 filium
1043 2766 1223 2834 quoad
1261 2766 1379 2835 ejus
1420 2763 1782 2816 substantiam
1819 2782 1906 2816 co-

290 2865 549 2916 gnoscere
598 2855 780 2917 potest
833 2848 940 2899 nisi
987 2847 1130 2900 solus
1185 2856 1339 2918 pater
1385 2850 1478 2918 qui
1529 2866 1651 2900 eum
1698 2847 1906 2916 genuit.
