2032 3174
804 94 928 136 OAP.
961 98 999 139 3.
1627 99 1691 139 LI

92 208 197 259 Dei
210 247 224 274 ,
273 207 350 259 uti
388 207 567 258 Deum
607 205 787 271 decet,
835 204 1181 275 (acquiritur)
1221 206 1290 258 ab
1338 205 1460 275 ipsa
1506 207 1697 260 divini-

90 299 200 344 tate
238 291 408 361 patris
435 291 660 360 accepit.
737 291 855 342 Hoc
880 289 1097 359 quidem
1126 289 1340 342 Jesaias
1368 289 1543 358 docet,
1584 299 1697 344 tan-

90 394 252 446 quam
310 394 380 428 ex
439 374 562 444 ipsa
609 373 814 427 Christi
870 392 1103 444 persona
1151 374 1229 426 sic
1275 373 1499 444 loquens
1548 376 1697 445 (JeS.

90 461 186 528 61,
218 459 314 527 l.):
362 459 596 530 Spiritus
637 458 857 511 Domini
895 477 1058 527 super
1096 477 1180 510 me
1220 477 1308 527 e0,
1358 460 1501 529 quod
1539 461 1699 512 unxit

90 564 198 612 me,
238 553 300 597 ut
324 544 657 615 pauperibus
685 541 1030 611 evangelium
1065 544 1481 613 annunciarem,
1522 551 1575 596 et
1599 545 1696 596 mi-

91 630 163 682 sit
200 648 283 682 me
322 636 381 682 ut
417 628 788 700 praedicarem
825 627 1058 698 captivis
1095 626 1472 682 liberationem
1504 638 1557 695 et
1582 648 1698 682 cae-

90 716 165 767 cis
207 715 399 768 visum.
477 717 509 780 §
551 713 630 764 14.
694 711 803 764 Sed
841 731 949 764 non
988 710 1132 764 solus
1161 711 1372 765 Jesaias
1411 713 1508 766 sed
1534 715 1696 767 etiam

89 798 276 852 David
324 817 446 851 eum
492 796 836 859 renunciavit
883 796 1003 864 (Ps.
1038 796 1133 862 45,
1176 797 1223 848 7.
1264 797 1375 865 8.):
1443 797 1698 865 „Solium

88 890 239 935 tuum
265 883 416 936 Deus
455 889 536 934 est
570 881 626 933 in
665 880 938 934 saeculum
978 880 1335 935 saeculorum.
1411 882 1697 953 Sceptrum

88 975 296 1021 rectum
335 975 418 1020 est
455 975 729 1037 sceptrum
769 967 922 1033 regni
962 965 1058 1017 tui.
1133 965 1391 1019 Dilexisti
1422 968 1696 1038 justitiam

89 1059 142 1105 et
196 1051 360 1105 odisti
418 1051 794 1121 iniquitatem,
858 1058 1146 1121 propterea
1207 1051 1364 1103 unxit
1416 1059 1468 1104 te
1524 1052 1696 1119 Deus,

88 1138 238 1189 Deus
294 1144 449 1203 tuuS,
507 1135 623 1188 olco
680 1134 919 1188 laetitiae
974 1136 1148 1204 magis
1206 1154 1369 1206 quam
1423 1135 1545 1189 illos
1605 1137 1698 1205 qui

90 1222 315 1291 (antea)
362 1221 509 1273 uncti
566 1224 772 1288 sunt,“
828 1219 1023 1290 quibus
1081 1220 1136 1272 in
1193 1220 1375 1274 verbis
1422 1221 1478 1273 in
1525 1220 1697 1291 primo

89 1325 252 1359 versu
291 1323 412 1358 eum
449 1305 628 1357 Deum
667 1303 931 1375 appellat,
981 1305 1037 1356 in
1086 1305 1323 1359 secundo
1366 1324 1531 1359 versu
1568 1324 1697 1358 vero

90 1397 362 1460 sceptrum
417 1388 567 1457 regni
617 1388 666 1441 ei
720 1388 938 1443 honoris
987 1407 1154 1442 causa
1201 1389 1482 1456 attribuit,
1539 1394 1571 1457 ξ
1614 1390 1694 1443 15.

91 1483 251 1544 atque
296 1473 489 1526 iterum
536 1473 590 1524 in
628 1471 811 1525 verbis
851 1472 1181 1526 descendens
1231 1493 1263 1526 a
1301 1474 1489 1528 divina
1527 1484 1581 1528 et
1618 1494 1695 1528 re-

88 1559 178 1628 gia
223 1564 493 1628 potestate
541 1557 718 1610 tertio
748 1557 866 1610 loco
915 1576 1037 1609 eum
1084 1566 1306 1611 unctum
1354 1578 1472 1611 esse
1521 1558 1696 1612 decla-

89 1650 195 1706 rat,
238 1641 334 1694 sed
371 1661 480 1695 non
520 1641 636 1695 oleo
678 1659 746 1693 ex
778 1641 940 1694 rebus
981 1643 1178 1695 creatis
1219 1644 1518 1713 composito
1557 1643 1615 1711 (i.
1653 1661 1695 1695 e.

22 1735 25 1738 ’
90 1725 382 1797 materiali)
423 1725 517 1778 sed
565 1725 784 1778 divinae
830 1724 1071 1779 laetitiae
1120 1727 1266 1795 ole0‚
1320 1746 1382 1781 eo
1421 1735 1694 1798 praestan-

87 1812 219 1863 tiam
272 1810 437 1883 hujus
487 1810 686 1880 (Jesu)
745 1810 1016 1863 unctionis
1073 1811 1353 1881 indicans,
1410 1821 1695 1883 quantum—

89 1914 190 1966 que
238 1913 302 1948 ea
348 1894 634 1948 antecellat
679 1894 776 1961 iis,
825 1895 918 1964 qui
964 1904 1125 1949 antea
1172 1898 1353 1968 typice
1401 1906 1454 1951 et
1499 1916 1693 1969 corpus

87 1988 244 2033 tenus
283 1981 433 2035 uncti
472 1980 563 2049 (A.
594 1979 826 2049 laudati)
867 1988 1036 2033 erant.
1113 1984 1145 2047 ξ
1187 1982 1266 2034 16.
1316 1982 1441 2036 Alio
1479 1983 1694 2054 quidem

86 2063 204 2118 loco
244 2065 311 2117 de
346 2083 409 2118 eo
449 2064 526 2117 sic
562 2063 799 2134 loquitur
839 2063 958 2132 (Ps.
1002 2066 1127 2132 110,
1171 2067 1280 2135 l.):
1341 2067 1550 2134 „Dixit
1588 2067 1695 2120 Do-

87 2150 262 2202 minus
300 2149 514 2202 domino
551 2166 698 2200 meo:
740 2147 868 2200 sede
906 2167 938 2200 a
976 2148 1173 2203 dextra
1209 2170 1355 2218 mea,
1396 2151 1566 2205 donee
1603 2171 1694 2222 po-

87 2254 210 2288 nam
235 2235 417 2288 hostes
443 2241 566 2286 tuos
595 2230 891 2285 scabellum
917 2234 1146 2303 pedibus
1175 2236 1319 2288 tuis“
1346 2244 1401 2289 et
1427 2237 1566 2306 (v.3.
1588 2237 1694 2306 4.):

88 2321 195 2386 „In
246 2317 530 2371 decoribus
570 2317 876 2370 sanctitatis
917 2337 986 2370 ex
1021 2328 1175 2373 utero
1214 2328 1375 2374 antea
1411 2323 1577 2390 genui
1625 2330 1694 2374 te.

90 2403 308 2456 Juravit
349 2402 650 2468 DominuS‚
700 2409 754 2454 et
800 2421 908 2455 non
946 2405 1260 2458 mentietur:
1309 2413 1369 2458 tu
1417 2425 1473 2459 es
1522 2425 1694 2460 sacer-

90 2488 185 2540 dos
233 2487 290 2538 in
335 2493 613 2539 aeternum
665 2485 735 2537 ad
787 2487 960 2539 instar
1005 2488 1466 2545 Melchizedeki.“
1538 2495 1570 2558 ξ
1613 2492 1694 2543 17.

89 2572 195 2626 Hic
233 2580 414 2625 autem
439 2567 836 2632 Melchizedek‚
879 2590 1036 2640 quem
1071 2571 1197 2627 libri
1225 2576 1558 2628 sacerdotem
1584 2575 1693 2627 Do·

90 2657 220 2710 mini
258 2655 507 2708 altissimi
543 2654 714 2706 fuisse
753 2656 1073 2724 ostendunt,
1113 2677 1223 2712 non
1261 2659 1493 2712 confecti
1531 2657 1692 2710 alicu-

83 2742 176 2811 jus
233 2740 337 2793 olei
383 2741 636 2795 unctione
682 2748 1051 2808 consecratus,
1108 2762 1280 2813 neque
1322 2744 1535 2812 generis
1575 2761 1692 2794 suc-

91 2826 333 2879 cessione
381 2825 525 2896 apud
571 2828 854 2883 Hebraeos
902 2828 1263 2881 sacerdotium
1316 2835 1398 2879 est
1444 2827 1690 2896 adeptus,

1375 2914 1441 2960 d*
