2032 3174
296 134 331 184 4
981 131 1232 172 EUSEBII

299 268 479 318 σεται;
489 246 515 266 ”
564 245 646 304 ὅτι
690 246 757 319 δὴ
799 243 924 303 οὔτε
966 243 1063 302 τὸν
1108 246 1316 352 πατέρα
1357 268 1438 313 τις
1481 252 1653 319 ἔγνω,
1699 252 1750 303 εἰ
1776 243 1846 320 μὴ
1878 245 1906 304 6

298 333 446 404 υἱὸς,
479 329 599 388 οὔτ’
637 355 706 388 αυ
737 330 834 388 τὸν
864 328 991 387 υἱόν
1017 353 1102 431 τις
1131 335 1292 402 γνοίη
1324 330 1452 387 ποτε
1482 328 1602 387 κατ’
1639 328 1828 402 ἀξίαν,
1863 336 1914 389 εἰ

299 416 372 490 μὴ
404 414 567 489 μόνος
599 414 628 471 6
659 413 934 487 γεννήᾶας
966 411 1135 471 αὐτὸν
1166 411 1362 487 πατήρ.
1435 418 1483 471 3.
1518 413 1577 472 τό
1618 438 1677 472 τε
1708 420 1827 487 φῶς
1851 415 1910 472 τὸ

299 498 639 574 προκόσμιον
670 502 761 556 καὶ
792 498 895 571 τὴν
925 496 1030 573 πρὸ
1063 496 1286 556 αἰώνων
1315 498 1518 573 νοερὰν
1540 501 1631 556 καὶ
1661 495 1911 572 οὕσιώδη

256 607 274 638 5
299 591 533 658 σοφίαν,
575 582 672 641 τόν
711 606 770 641 τε
813 589 986 653 ζῶντα
1027 585 1119 640 καὶ
1162 586 1222 640 ἐν
1261 579 1404 656 ἀρχῇ
1442 582 1590 658 παρὰ
1629 586 1706 660 τῷ
1745 585 1909 658 πατρὶ

297 667 642 742 τυγχάνοντα
663 666 804 726 θεὸν
824 666 990 740 λόγον
1014 673 1095 734 τίς
1116 663 1185 724 ἂν
1208 667 1354 741 πλὴν
1374 673 1475 724 τοῦ
1497 665 1700 740 πατρὸς
1725 677 1912 737 ,καθα-

299 757 408 826 ρῶς
441 751 756 826 ἐννοήσειε,
797 750 903 826 πρὸ
945 750 1123 824 πάσης
1166 758 1393 818 κτίσεως
1425 753 1515 808 καὶ
1550 757 1911 827 δημιουργίας

299 834 582 911 ὁρωμένης
622 860 680 894 τε
721 839 813 894 καὶ
854 835 1093 908 ἀοράτου
1132 835 1191 893 τό
1237 839 1460 909 πρῶτον
1491 838 1581 892 καὶ
1612 835 1785 909 μόνον
1813 839 1913 894 τοῦ

299 925 440 979 θεοῦ
472 945 738 994 γεννημα,
770 921 868 978 τὸν
887 927 982 992 τῆς
1003 919 1120 977 κατ’
1152 916 1395 993 οὐρανὸν
1416 923 1635 993 λογικῆς
1659 922 1750 978 καὶ
1771 919 1911 978 ἄθα-

239 1028 279 1060 10
303 1004 472 1063 νάτου
505 1009 761 1079 στρατιᾶς
792 1004 1247 1079 ἀρχιστράτηγον,
1280 1002 1376 1062 τόν
1396 1007 1490 1076 τῆς
1511 1003 1750 1078 μεγάλης
1781 1011 1911 1077 βου-

299 1094 396 1163 λῆς
435 1087 699 1162 ἄγγελον,
746 1087 841 1147 τὸν
881 1093 976 1160 τῆς
1020 1086 1264 1162 άρρήτου
1305 1087 1526 1161 γνώμης
1566 1094 1665 1146 τοῦ
1706 1088 1912 1162 πατρὸς

298 1171 619 1247 ὑπουργὸν,
649 1173 746 1231 τὸν
775 1176 887 1231 τῶν
916 1172 1180 1231 ἁπάντων
1210 1171 1315 1230 σὺν
1346 1177 1420 1250 τῷ
1452 1175 1617 1246 πατρὶ
1652 1178 1910 1248 δημιουρ-

299 1257 418 1330 γὸν,
450 1258 548 1315 τὸν
581 1257 843 1331 δεύτερον
874 1257 1007 1330 μετὰ
1038 1255 1134 1315 τὸν
1165 1260 1373 1330 πατέρα
1397 1261 1507 1314 τῶν
1535 1255 1682 1314 ὅλων
1712 1266 1909 1330 αἴτιον,

297 1342 396 1400 τὸν
424 1344 524 1399 τοῦ
552 1345 694 1400 θεοῦ
724 1348 900 1400 παῖδα
931 1340 1164 1414 γνήσιον
1188 1343 1295 1397 ’καὶ
1327 1344 1631 1414 μονογενῆ,
1673 1340 1770 1399 τὸν
1799 1345 1911 1399 τοῖν

236 1446 278 1479 15
301 1432 586 1499 γεννητῶν
615 1425 879 1484 ἁπάντων
909 1425 1104 1500 κύριον
1134 1427 1225 1482 καὶ
1257 1424 1394 1483 θεὸν
1425 1427 1513 1482 καὶ
1539 1427 1786 1499 βασιλέα,
1817 1425 1914 1483 τὸν

298 1509 358 1567 τὸ
383 1516 551 1585 κῦρος
569 1509 706 1584 ὁμοῦ
737 1513 827 1567 καὶ
852 1510 912 1567 τὸ
935 1509 1131 1583 κράτος
1156 1508 1296 1583 αὐτῇ
1313 1508 1536 1582 θεότητι
1559 1512 1650 1567 καὶ
1678 1509 1911 1584 δυνάμει

300 1597 392 1652 καὶ
432 1598 562 1668 τιμῇ
604 1594 751 1668 παρὰ
795 1600 895 1652 τοῦ
944 1592 1146 1666 πατρὸς
1189 1589 1667 1666 ὑποδεδεγμένου,
1718 1592 1800 1651 ὅτι
1843 1593 1911 1667 δὴ

299 1702 438 1735 κατα
479 1677 575 1744 τὰς
592 1681 741 1779 περὶ
783 1675 962 1735 αὐτου
999 1676 1264 1750 μυστικὰς
1295 1680 1407 1734 τῶν
1446 1681 1681 1751 γραφῶν
1719 1686 1911 1736 θεολο-

297 1769 422 1834 γίας
444 1757 545 1819 “gv
575 1758 715 1836 ἀρχῇ
761 1786 832 1834 ην
871 1760 899 1818 6
931 1760 1120 1835 λόγος,
1167 1764 1259 1819 καὶ
1289 1757 1318 1818 6
1349 1759 1508 1833 λόγος
1548 1754 1618 1834 ἦν
1649 1762 1784 1836 πρὸς
1815 1761 1911 1820 τὸν

237 1867 278 1899 20
300 1845 459 1918 θεὸν,
491 1847 584 1902 καὶ
613 1846 744 1912 θεὸς
773 1847 844 1919 ἠν
874 1844 901 1902 6
934 1844 1118 1918 λόγος·
1168 1844 1346 1904 πάντα
1371 1842 1448 1903 δι’
1473 1844 1647 1903 αὐτοῦ
1673 1849 1906 1920 ἐγένετο,

300 1933 393 1987 καὶ
422 1933 589 2003 χωρὶς
621 1929 792 1987 αὐτοῦ
837 1931 1052 2002 ἐγένετο
1082 1926 1214 1987 οὐδὲ
1245 1933 1320 1987 ε’ν.
1332 1927 1362 1948 ”
1432 1934 1480 1987 4.
1514 1929 1675 1988 τοῦτό
1705 1955 1787 1988 τοι
1818 1933 1910 1988 καὶ

300 2012 329 2071 6
361 2018 530 2087 με’γας
562 2019 835 2087 Μωυσῆς,
881 2012 1032 2071 ὦσαν
1073 2020 1376 2088 προφητῶν
1416 2011 1679 2072 ἁπάντων
1709 2022 1912 2074 παλαί-

299 2121 485 2169 τατος,
532 2105 674 2175 θείω
714 2097 986 2172 πνεύματι
1025 2097 1126 2170 τὴν
1166 2101 1265 2157 τοῦ
1302 2099 1506 2165 παντὸς
1545 2096 1815 2158 οὐσίωσίν
1853 2124 1912 2158 τε

298 2185 391 2239 καὶ
423 2180 789 2255 διακόσμησιν
817 2179 1180 2256 ὑπογράφων,
1211 2182 1307 2240 τὸν
1328 2182 1662 2256 κοσμοποιόν
1691 2186 1783 2241 καὶ
1816 2189 1910 2258 δη-

238 2295 279 2328 25
301 2265 571 2339 μιουργόν
606 2290 719 2324 των
757 2265 903 2324 ὅλων
945 2290 1094 2324 αυτω
1137 2265 1205 2339 δὴ
1247 2291 1322 2324 τω
1355 2273 1601 2372 Χριστω,
1645 2270 1737 2325 καὶ
1776 2266 1910 2326 ουδε

300 2348 450 2407 άλλω
480 2345 514 2421 ἢ
545 2373 620 2406 τω
650 2357 791 2408 θείω
824 2350 1038 2423 δηλαδὴ
1066 2353 1157 2408 καὶ
1179 2351 1511 2429 πρωτογόνω
1533 2355 1734 2410 ἑαυτοῦ
1764 2351 1910 2431 λόγῳ

299 2432 402 2506 τὴν
430 2457 542 2491 των
571 2430 1004 2508 υποβεβηκότων
1035 2442 1259 2508 ποίησιν
1288 2440 1724 2511 παραχωροῦντα
1757 2437 1911 2495 διδά-

300 2536 449 2590 σκει,
482 2516 635 2619 αὐτω
664 2543 722 2576 τε
755 2518 1252 2593 κοινολογούμενον
1286 2523 1373 2577 ἐπὶ
1415 2525 1510 2593 τῆς
1542 2518 1911 2595 άνθρωπογο-

1051 2600 1114 2623 “ss

302 2607 439 2669 νίας.
496 2597 654 2660 “εἴπε
680 2602 802 2678 γὰρ
855 2623 969 2676 φησ
938 2606 1027 2662 σὶν
1090 2629 1118 2661 ο
1148 2603 1309 2677 θεὸς,
1342 2604 1660 2679 ποιήσωμεν
1683 2604 1905 2680 ἄνθρω-

419 2794 603 2864 1conf.
627 2824 790 2867 Matth.
815 2827 877 2874 11,
902 2827 969 2866 27.
1030 2826 1142 2866 Luc.
1170 2827 1232 2877 10,
1258 2828 1325 2866 22.
1539 2829 1589 2868 19
1622 2828 1779 2868 Ioann.
1805 2829 1842 2879 1,
1869 2829 1906 2868 1.

304 2881 357 2919 29
390 2879 501 2921 Gen.
531 2882 566 2932 1,
591 2882 658 2923 26.
