1986 3152
600 115 759 156 HIST.
793 114 1043 156 ECCLES.
1076 115 1131 155 x.
1163 116 1202 158 4.
1235 116 1274 158 5.
1637 113 1743 166 473

274 244 327 291 V.
398 242 525 308 [Nic.
567 241 624 291 H.
665 241 719 291 E.
760 241 872 299 vn,
912 239 1021 307 41.]
1099 233 1243 306 Φέρε
1296 230 1365 304 δὴ
1408 231 1603 288 λοιπὸν
1650 233 1744 288 καὶ

131 322 246 373 τῶν
274 321 576 388 βασιλικῶν
615 315 918 384 διατάξεων
947 322 1385 374 Κωνσταντίνου
1426 317 1518 373 καὶ
1547 325 1743 375 Λικιν-

131 405 259 457 νίου
317 399 414 466 τας
462 403 522 456 ἐκ
571 404 670 472 τῆς
712 395 996 473 Ῥωμαίων
1044 406 1236 474 φωνῆς
1291 406 1742 475 μεταληφθείσας

134 486 427 558 ἑρμηνείας
459 484 866 559 παραθῶμεθα.

214 624 591 700 Ἀντίγραφον
620 630 921 698 βασιλικῶν
953 626 1254 694 διατάξεων
1286 629 1344 683 ἐκ
1369 625 1672 700 Ῥωμαϊκῆς
1766 652 1786 685 5

547 710 805 782 γλώσσης
835 715 1315 783 μεταληφθεισῶν.

260 826 310 878 2.
351 817 534 894 “”Ηδη
564 822 668 895 μὲν
698 821 867 877 πάλαι
898 828 1239 889 σκοποῦντες
1269 822 1372 895 τὴν
1411 826 1745 897 ἐλευθερίαν

130 912 228 979 τῆς
272 912 578 979 θρησκείας
618 902 723 963 ούκ
763 902 1042 980 ἆρνητέαν
1085 906 1257 978 εἶναι,
1297 905 1420 963 ἀλλ’
1459 907 1582 973 ἑνὸς
1615 907 1744 964 ἑκά-

136 1010 271 1048 στου
303 995 372 1064 τῇ
415 994 637 1066 διανοίᾳ
678 990 771 1047 καὶ
811 991 1078 1063 βουλήσει
1124 994 1383 1059 ἐξουσίαν
1423 992 1616 1048 δοτέον
1646 996 1746 1048 τοῦ

130 1074 197 1132 τοὶ
230 1083 364 1131 θεῖα
395 1075 692 1149 πράγματα
733 1082 990 1148 τημελεῖν
1019 1075 1157 1132 κατα
1187 1075 1290 1148 τὴν
1322 1074 1500 1133 αὐτοῦ
1542 1081 1743 1150 προαί-
1767 1099 1808 1130 10

132 1176 304 1234 ρεσιν,
324 1162 558 1216 ἕκαστον
574 1159 1011 1233 κεκελεύκειμεν,
1036 1172 1152 1227 τοῖς
1175 1182 1234 1216 τε
1251 1169 1624 1235 Χριστιανοῖς,
1647 1165 1745 1232 τῆς

132 1245 398 1319 αἱρέσεως
429 1244 522 1300 καὶ
554 1250 651 1316 τῆς
681 1250 986 1348 θρησκείας
1032 1250 1130 1317 τῆς
1164 1247 1379 1302 εαυτῶν
1422 1245 1526 1318 τὴν
1558 1251 1745 1302 πίστιν

131 1328 451 1402 φυλάττειν.
526 1333 576 1384 3.
622 1327 749 1385 αλλ’
785 1328 971 1401 ἐπειδὴ
1013 1331 1214 1386 πολλαὶ
1244 1332 1336 1386 καὶ
1367 1329 1622 1404 διάφοροι
1652 1354 1738 1386 αι-

132 1413 308 1487 ρέσεις
353 1415 413 1470 ἐν
460 1415 646 1487 ἐκείνῃ
697 1418 767 1487 τῇ
813 1409 1162 1488 αντιγραφῇ,
1212 1417 1272 1470 ἐν
1316 1408 1355 1488 ᾖ
1391 1427 1508 1481 τοῖς
1551 1410 1745 1479 αυτοῖς
1820 1472 1821 1475 ,

131 1498 501 1573 συνεχωρήθη
531 1496 564 1571 ἡ
595 1497 821 1571 τοιαύτη
854 1500 1109 1570 ἐξουσία
1143 1498 1381 1556 ἐδόκουν
1411 1507 1742 1573 προστεθεῖ-
1768 1524 1807 1558 15

132 1591 277 1640 σθαι’
312 1588 535 1655 σαφῶς,
578 1582 750 1655 τυχὸν
795 1593 928 1649 ἴσως
970 1584 1112 1650 τινὲς
1156 1580 1346 1640 αὐτῶν
1386 1581 1506 1656 μετ’
1551 1582 1746 1654 ὀλίγον

136 1666 248 1724 ἀπὸ
272 1672 371 1740 τῆς
395 1667 651 1739 τοιαύτης
676 1668 1117 1741 παραφυλάξεως
1142 1664 1531 1742 ἀνεκρούοντο.
1579 1666 1746 1725 ὁπότε

133 1750 384 1825 εὐτυχῶς
418 1752 524 1824 ἑγῶ
558 1761 988 1819 Κωνσταντῖνος
1029 1751 1058 1809 ὁ
1091 1751 1422 1824 Αὔγουστος
1453 1751 1605 1824 κᾶγῶ
1637 1760 1744 1810 Λι-

131 1842 344 1903 κίννιος
375 1834 404 1894 ὁ
437 1836 771 1908 Αὔγουστος
805 1839 864 1894 ἐν
894 1842 964 1911 τῇ
989 1836 1325 1914 Μεδιολάνῳ
1360 1836 1744 1910 ἐληλύθειμεν,

130 1922 224 1978 καὶ
267 1921 451 1990 πάντα
493 1921 598 1979 ὅσα
641 1921 780 1993 πρὸς
824 1921 887 1979 τὸ
929 1922 1212 1988 λυσιτελὲς
1244 1922 1338 1978 καὶ
1369 1921 1430 1978 τὸ
1472 1921 1740 1995 χρήσιμον
1762 1948 1804 1979 20

129 2010 206 2082 τῷ
237 2011 410 2082 κοινῷ
442 2007 718 2081 διέφερεν,
745 2009 805 2063 ἐν
828 2006 1040 2079 ζητήσει
1063 2011 1314 2080 ἔσχομεν,
1339 2011 1516 2063 ταῦτα
1539 2004 1740 2079 μεταξύ

130 2095 244 2147 τῶν
276 2095 520 2163 λοιπῶν,
568 2090 731 2147 ἅτινα
774 2091 954 2148 ε’δόκει
999 2094 1059 2148 ἐν
1089 2098 1315 2157 πολλοῖς
1357 2088 1565 2148 ἅπασιν
1597 2093 1741 2147 ε’πω-

130 2179 274 2248 φελῆ
308 2173 478 2247 εἶναι,
510 2181 727 2249 μᾶλλον
757 2176 821 2233 δε
853 2178 914 2232 ἐν
944 2175 1180 2250 πρώτοις
1224 2175 1472 2243 διατάξαι
1503 2179 1744 2248 ἐδογμα-

129 2265 382 2333 τίσαμεν,
415 2256 499 2327 οἷς
529 2255 564 2333 ἡ
597 2259 738 2334 πρὸς
768 2260 829 2318 τὸ
860 2269 1024 2318 θεῖον
1056 2260 1229 2327 αἰδῶς
1273 2284 1332 2317 τε
1362 2261 1456 2316 καὶ
1484 2259 1544 2317 τὸ
1581 2261 1745 2332 σέβας

133 2345 392 2416 ἐνείχετο,
424 2343 580 2401 τοῦτ’
616 2351 784 2418 ἔστιν,
817 2345 969 2412 ὅπως
1001 2350 1188 2417 δῶμεν
1217 2346 1311 2402 καὶ
1341 2358 1457 2411 τοῖς
1483 2354 1737 2418 Χριστια-
1768 2368 1809 2401 25

103 2441 251 2507 δνοῖς
281 2429 374 2484 καὶ
404 2433 575 2485 πᾶσιν
608 2430 916 2504 ἐλευθέραν
947 2435 1164 2504 αἵρεσιν
1186 2434 1287 2486 τοῦ
1309 2426 1648 2486 ἀκολουθεῖν
1677 2433 1745 2502 τῇ

129 2519 438 2589 θρησκείᾳ,
468 2506 508 2587 ᾗ
531 2511 587 2569 δ’
614 2511 687 2570 ἂν
708 2519 1069 2587 βουληθῶσιν
1086 2529 1099 2543 ·
1122 2513 1305 2585 ὅπως,
1341 2513 1373 2570 ὅ
1393 2520 1452 2570 τί
1476 2514 1615 2570 ποτέ
1638 2515 1747 2570 ἐστι

128 2595 354 2671 θειότης
385 2598 479 2655 καὶ
511 2595 785 2672 οὐρανίου
817 2599 1165 2673 πράγματος,
1190 2596 1327 2671 ἡμῖν
1350 2599 1444 2654 καὶ
1467 2604 1601 2656 πᾶσι
1630 2608 1746 2662 τοῖς

130 2680 246 2740 ὑπὸ
277 2682 386 2756 τήν
416 2678 693 2757 ἡμετέραν
726 2685 986 2750 ἐξουσίαν
1017 2682 1310 2754 διάγουσιν
1341 2681 1572 2755 εὐμενὲς
1604 2680 1746 2738 εἶναι

74 2801 76 2806 v
133 2771 377 2842 δυνηθῇ.
424 2772 474 2824 5.
492 2773 690 2825 τοίνυν
711 2767 923 2840 ταύτην
942 2766 1046 2841 τὴν
1068 2767 1338 2840 βούλησιν
1355 2766 1458 2839 τὴν
1472 2765 1744 2840 ἡμετέραν
1767 2791 1807 2822 30

130 2847 365 2929 ὑγιεινῷ
397 2854 491 2909 καὶ
516 2850 809 2929 ὀρθοτάτῷ
834 2858 1081 2928 λογισμῷ
1108 2855 1568 2925 ἐδογματίσαμεν,
1594 2849 1744 2915 ὅπως
