1986 3152
543 84 701 126 HlST.
733 83 983 125 ECCLES.
1019 85 1092 124 vl.
1126 86 1165 124 4.
1200 89 1238 126 ε).
1588 83 1690 135 247

82 227 192 260 ναν
236 199 565 273 ἀπαγαγών,
617 202 744 272 περὶ
785 192 850 272 ἧς
890 199 1065 266 πολὺς
1106 196 1134 256 ὁ
1176 197 1335 271 λόγος
1379 201 1543 258 εἰσέτι
1585 205 1692 257 νῦν

84 282 234 358 παρὰ
275 298 388 351 τοῖς
432 288 744 359 ἐπιχωρίοις
787 283 1005 360 ᾅδεται,
1059 289 1230 358 μυρία
1274 285 1376 357 μὲν
1414 280 1557 358 ὑπὲρ
1598 287 1692 356 τῆς

0 419 1 434 ,
81 372 184 427 τοῦ
222 367 469 442 σώματος
508 367 733 442 ἁγνείας
774 392 832 426 τε
873 371 964 426 καὶ
1006 375 1345 444 παρθενίας,
1400 373 1460 427 ἐν
1499 362 1535 443 ᾗ
1579 371 1693 448 διέ-

0 455 1 459 ’
81 466 289 525 πρεψε,
343 452 478 526 πρὸς
530 453 758 527 ἐραστὰς
806 450 1224 526 ἀγωνισαμένης
1275 453 1391 526 (καὶ
1444 451 1549 526 γὰρ
1589 450 1692 510 οὐν

81 534 226 610 αὐτῇ
279 534 517 610 ἀκμαῖον
568 536 703 611 πρὸς
754 543 820 611 τῇ
874 543 1022 611 ψυχῇ
1077 539 1168 594 καὶ
1208 536 1268 595 τὸ
1308 541 1407 595 τοῦ
1444 536 1735 610 σώματοςὸ

84 617 293 692 ὡραῖον
347 621 634 695 ἐπήνθει),
686 629 859 695 μυρία
913 623 972 678 δὲ
1017 618 1159 695 ὑπὲρ
1200 625 1295 693 τῆς
1338 628 1414 688 εἰς
1455 621 1695 694 Χριστὸν

87 711 320 772 πίστεως
372 702 786 778 ἀνατλησάσης,
839 707 930 762 καὶ
981 707 1133 770 τέλος
1184 699 1318 777 μετὰ
1375 705 1558 772 δεινὰς
1604 709 1695 763 καὶ

82 787 316 863 φρικτάς
370 795 549 846 εἰπεῖν
599 787 878 861 βασάνους
929 786 1039 861 ἅμα
1081 792 1149 864 τῇ
1185 791 1348 863 μητρὶ
1389 792 1694 862 Μαρκέλλῃ

86 872 178 929 διὰ
219 871 393 947 πυρὸς
432 880 835 946 τελειωθείσης.
907 878 955 929 2.
1000 880 1143 946 φασί
1180 876 1246 945 γε’
1282 897 1364 929 τοι
1405 873 1501 930 τὸν
1543 879 1695 930 δικα-

82 955 220 1029 στὴν
258 955 510 1030 (Ἀκύλας
551 950 622 1030 ἦν
661 957 836 1034 τούτῳ
875 955 1104 1031 ὄνομα),
1148 957 1386 1031 χαλεπὰς
1430 961 1695 1015 ἐπιθέντα
1722 978 1760 1008 10

82 1039 226 1115 αὐτῇ
276 1039 413 1098 κατὰ
462 1040 667 1108 παντὸς
719 1046 817 1100 τοῦ
860 1041 1131 1144 σφ’ματος
1152 1048 1363 1114 αἰκίας,
1406 1043 1559 1109 τέλος
1602 1039 1692 1114 ἐφ’

83 1124 246 1199 ὕβρει
285 1129 386 1182 τοῦ
423 1126 671 1227 σωματος
702 1125 1033 1200 μονομάχοις
1065 1123 1240 1199 αὐτὴν
1270 1120 1562 1199 ἀπειλῆσαι
1593 1149 1695 1183 πα-

82 1212 377 1283 ραδοῦναι
419 1209 523 1283 τὴν
563 1213 623 1268 δε
664 1211 852 1319 βραχύ
882 1235 933 1268 τι
976 1218 1054 1278 είς
1098 1209 1302 1282 ἑαυτὴν
1334 1212 1695 1283 ἐπισκεψαμέ-

84 1318 219 1367 νην,
266 1297 643 1369 ἐρωτηθεῖσαν
682 1294 713 1352 ὃ
756 1302 990 1368 κρίνειε,
1034 1294 1296 1368 τοιαύτην
1328 1298 1524 1352 δοῦναι
1555 1292 1698 1352 ἀπο-

86 1398 298 1451 κρισιν,
344 1376 421 1435 δι’
455 1371 518 1451 ἧς
564 1378 744 1437 ἐδόκει
774 1382 1173 1453 νενομισμένον
1202 1404 1253 1436 τι
1285 1377 1472 1445 αὐτοῖς
1502 1379 1696 1451 ἀσεβες
1722 1397 1761 1430 15

84 1461 567 1536 ἀποφθέγξασθαι.
630 1469 676 1521 3.
714 1463 825 1538 ἅμα
859 1465 920 1520 δὲ
951 1463 1096 1540 λόγῳ
1127 1463 1223 1521 τὸν
1245 1467 1341 1537 τῆς
1365 1461 1697 1537 ἀποφάσεως

83 1546 218 1620 ὅρον
251 1551 696 1621 καταδεξαμένην
725 1545 753 1605 ὁ
785 1554 1132 1650 Βασιλείδης,
1165 1545 1242 1615 εἷς
1272 1572 1352 1614 τις
1384 1544 1463 1606 a'a'v
1492 1551 1606 1605 τῶν
1638 1552 1699 1605 ἐν

17 1627 29 1630 ’
87 1638 397 1705 στρατείαις
447 1629 910 1706 ἀναφερομένων,
961 1630 1161 1705 ἀπάγει
1212 1630 1554 1706 παραλαβων
1597 1630 1699 1705 τὴν

89 1717 176 1773 ἐπὶ
222 1715 467 1773 θανάτω.
554 1741 626 1783 ως
672 1718 731 1773 δε
773 1716 833 1774 τὸ
874 1720 1089 1790 πλῆθος
1133 1721 1381 1791 ἐνοχλεῖν
1422 1714 1564 1791 αὐτῇ
1607 1719 1699 1774 καὶ

88 1798 410 1868 ἀκολάστοις
481 1805 791 1874 ἐνυβρίζειν
854 1801 1095 1875 ῥήμασιν
1156 1805 1437 1874 ἐπειρᾶτο,
1507 1797 1535 1858 ὁ
1594 1802 1697 1874 μὲν
1719 1817 1760 1850 2⁰

85 1882 344 1958 ἀνεῖργεν
412 1882 709 1957 ἀποσοβῶν
767 1884 895 1953 τούς
957 1889 1370 1958 ἐνυβρίζοντας,
1439 1893 1700 1943 πλεῖστον

88 1976 245 2025 ἔλεον
293 1971 385 2026 καὶ
440 1977 875 2043 φιλανθρωπίαν
918 1976 996 2037 εἰς
1037 1966 1212 2043 αὐτὴν
1256 1968 1699 2042 ἐνδεικνύμενος,

88 2053 122 2125 ἡ
165 2054 226 2109 δὲ
265 2057 360 2126 τῆς
399 2057 526 2129 περὶ
567 2053 744 2127 αὐτὴν
787 2061 1140 2128 συμπαθείας
1181 2053 1562 2128 ἀποδεξαμένη
1603 2053 1700 2111 τὸν

86 2135 266 2210 ἄνδρα
325 2148 563 2213 θαρρεῖν
622 2138 1084 2214 παρακελεύεται·
1148 2137 1533 2211 ἐξαιτήσεσθαι
1594 2138 1699 2211 γὰρ

90 2219 261 2278 αὐτὸν
309 2221 670 2281 ἀπελθοῦσαν
722 2224 871 2299 παρὰ
921 2227 1017 2282 τοῦ
1069 2225 1268 2296 ἑαυτῆς
1318 2230 1544 2298 κυρίου,
1606 2225 1696 2280 καὶ
1722 2237 1762 2273 25

85 2302 192 2363 οὐκ
245 2311 322 2373 εἰς
373 2308 587 2381 μακρὸν
635 2311 748 2367 τῶν
798 2315 876 2374 εἰς
929 2305 1101 2381 αὐτὴν
1146 2310 1551 2383 πεπραγμένων
1599 2306 1701 2379 τὴν

89 2388 324 2462 ἀμοιβὴν
354 2388 639 2449 ἀποτίσειν
670 2390 834 2470 αὐτῷ.
900 2398 949 2450 4.
983 2396 1155 2450 ταῦτα
1187 2393 1248 2450 δὲ
1281 2398 1546 2450 εἰποῦσαν
1577 2416 1700 2465 γεν-

89 2481 259 2540 ναίως
298 2474 400 2547 τὴν
441 2479 634 2543 ἔξοδον
673 2473 1013 2549 ὑποστῆναι,
1061 2482 1251 2549 πίττης
1285 2475 1533 2550 ἐμπύρου
1565 2474 1701 2533 κατὰ

92 2558 335 2633 διάφορα
385 2561 522 2634 μέρη
573 2565 669 2618 τοῦ
716 2560 964 2634 σώματος
1004 2559 1102 2617 ἀπ’
1150 2559 1339 2636 ἄκρων
1378 2564 1570 2619 ποδῶν
1608 2562 1700 2618 καὶ

93 2645 246 2716 μέχρι
286 2648 536 2717 κορυφῆς
577 2643 753 2718 ἠρέμα
784 2647 874 2702 καὶ
907 2643 1043 2701 κατά
1074 2643 1276 2719 μικρὸν
1306 2651 1700 2719 περιχυθείσης
1724 2661 1763 2693 30

93 2724 251 2801 αὐτῇ.
336 2733 383 2785 5.
433 2731 523 2785 καὶ
568 2727 596 2786 ὁ
638 2730 741 2802 μὲν
789 2732 885 2801 τῆς
936 2726 1194 2802 ἀοιδίμου
1245 2728 1410 2802 κόρης
1458 2735 1701 2794 τοιοῦτος

91 2811 467 2884 κατηγωνιστο
499 2805 686 2880 ἆθλος.
763 2809 828 2870 οὗ
859 2813 1074 2887 μακρὸν
1109 2815 1170 2870 δὲ
1201 2813 1399 2887 χρόνον
1431 2812 1702 2869 διαλιπὼν
