1986 3152
565 129 725 171 HIST.
758 126 1009 170 EGGLES.
1041 127 1165 168 VIII.
1200 131 1266 170 10.
1624 124 1728 177 363

114 242 357 312 “nam-69
386 249 488 301 τοῦ
521 244 772 317 σώματος
805 247 1015 317 ἐπῆγον
1047 248 1107 301 ἐκ
1130 244 1439 309 κελεύσεως
1463 247 1520 300 οἰ
1545 249 1723 315 βασα-

112 327 357 431 ἶνισταὶ,
391 326 458 386 ού
494 329 751 403 καθάπερ
782 342 898 395 τοῖς
921 335 1190 401 φονεῦσιν
1216 329 1306 385 ἐπὶ
1327 334 1440 384 τῶν
1464 333 1729 402 πλευρῶν

114 410 356 516 Ϊμόνον,
397 411 540 470 ἄλλα
582 437 672 469 και
714 419 811 485 τῆς
840 413 1079 487 γαστρὸς
1109 415 1203 470 καὶ
1233 418 1463 485 κνημῶν
1493 414 1587 469 καὶ
1618 434 1728 469 πα-

114 495 319 573 ρειῶν
348 512 464 564 τοϊς
487 497 850 572 ἀμυντηρίοις
877 498 1161 567 ἐκόλαζον
1196 501 1370 572 ἕτεροι
1400 498 1463 553 δὲ
1493 495 1601 554 ἀπὸ
1632 503 1729 569 τῆς

114 579 314 648 “στοᾶς
358 588 484 655 μιᾶς
523 579 708 656 χειρός
762 584 1114 656 ἐξηρτημένοι
1157 580 1454 656 ᾐωρούντο
1479 626 1494 653 ,
1548 583 1728 654 πάσης
1753 606 1772 638 5

115 663 425 739 “οἰληδόνος
457 667 777 740 δεινοτέραν
817 666 921 738 τὴν
951 664 1061 723 ἀπὸ
1093 672 1209 723 τῶν
1239 666 1474 740 ἄρθρων
1502 668 1596 722 καὶ
1627 690 1729 739 με·

116 747 266 808 “mv
293 751 452 807 τάσιν
483 756 727 823 ἔχοντες·
761 749 922 807 ἄλλοι
952 751 1015 807 δὲ
1045 750 1185 825 πρὸς
1215 764 1331 816 τοῖς
1362 757 1543 806 κίοσιν
1574 749 1730 807 άντι-

114 832 441 909 “πρόσωποι
472 837 735 905 ἐδοῦντο,
780 833 848 890 ού
890 835 1154 906 βεβηκόσι
1195 848 1313 900 τοῖς
1354 837 1517 905 ποσὶ,
1558 841 1636 910 τῷ
1670 833 1732 890 δὲ

114 916 309 993 “βάρει
349 924 452 975 τοῦ
494 918 746 991 σώματος
777 919 1118 991 βιαζομένων
1157 918 1292 991 μετὰ
1321 918 1532 984 τάσεως
1565 917 1731 975 ἀνελ-

112 1000 404 1076 “κομένων
433 1007 547 1059 τῶν
578 1007 819 1075 δεσμῶν.
880 1007 929 1058 6.
972 1005 1065 1059 καὶ
1095 1001 1264 1060 τοῦθ’
1291 1001 1596 1075 ὑπέμενον,
1627 1002 1732 1059 οὐκ
1758 1026 1797 1057 10

115 1084 246 1160 “ε’φ’
293 1087 430 1144 ὅσον
482 1088 904 1158 προσδιελέγετο
952 1085 1080 1144 οὐδ’
1135 1086 1328 1153 αὐτοῖς
1371 1087 1660 1159 ἐσχόλαζεν
1702 1085 1730 1143 ὁ

115 1168 413 1244 “ἡγεμῶν,
456 1170 596 1228 ἀλλά
640 1172 945 1244 μονονουχὶ
986 1170 1061 1227 δι’
1096 1170 1227 1243 ὅλης
1257 1177 1354 1244 τῆς
1384 1169 1607 1244 ἡμέρας.
1641 1172 1732 1228 ὅτε

113 1253 259 1329 “y-029
290 1256 384 1311 καὶ
417 1254 508 1327 ἐφ’
544 1257 763 1329 ἑτέρους
802 1257 1116 1328 μετέβαινε,
1160 1269 1278 1322 τοῖς
1309 1257 1596 1330 προτέροις
1627 1278 1731 1311 κα-

114 1337 488 1412 “τελίμπανεν
520 1340 843 1413 ἐφεδρεύειν
873 1340 1001 1406 τούς
1023 1346 1094 1414 τῇ
1128 1342 1351 1416 ἐξουσίᾳ
1375 1338 1552 1397 αὐτοῦ
1580 1338 1732 1412 ὑπη-

116 1420 554 1497 “ρετουμένους,
616 1433 673 1480 εἴ
720 1425 834 1481 πού
873 1447 951 1490 τις
992 1420 1251 1497 ἡττηθεὶς
1302 1430 1418 1481 τῶν
1466 1425 1732 1496 βασάνων
1756 1444 1797 1476 15

118 1506 435 1566 “ἐνδιδόναι
495 1508 706 1579 ἐδόκει,
766 1507 1011 1582 ἀφειδῶς
1063 1510 1125 1565 δὲ
1176 1510 1424 1566 κελεύων
1473 1511 1568 1566 καὶ
1618 1522 1734 1575 τοῖς

116 1590 382 1667 “δεσμοῖς
425 1594 745 1667 προσιέναι,
793 1595 886 1649 καὶ
925 1592 1060 1666 μετὰ
1090 1599 1264 1650 ταῦτα
1295 1599 1732 1668 ψυχορραγοῦν-

115 1675 246 1745 “vag
277 1677 490 1744 αὐτούς
530 1679 1001 1751 κατατιθεμένους
1049 1683 1126 1744 εἰς
1167 1677 1270 1750 τὴν
1304 1683 1415 1751 γῆν
1446 1681 1731 1735 ἕλκεσθαι·

115 1759 201 1820 “7.
246 1759 315 1819 ού
357 1756 467 1836 γὰρ
500 1760 645 1819 εἶναι
674 1760 781 1818 κᾶν
820 1763 988 1837 μέρος
1028 1768 1329 1837 φροντίδος
1371 1761 1562 1829 αὐτοῖς
1605 1765 1735 1837 περὶ

116 1843 343 1919 (ςὴμῶν,
397 1842 522 1903 ἀλλ’
566 1844 715 1903 οὕτω
767 1848 862 1902 καὶ
915 1851 1265 1903 διανοεῖσθαι
1315 1849 1410 1903 καὶ
1450 1847 1731 1920 πράττειν,
1757 1868 1797 1899 20

115 1927 228 1997 “059
258 1928 447 2004 μηκέτ’
484 1929 696 2003 ὅντων,
740 1931 952 2003 ταύτην
994 1932 1266 2005 δευτέραν
1309 1933 1400 1988 ἐπὶ
1429 1944 1553 1997 ταῖς
1586 1939 1733 2002 πλη-

116 2012 276 2087 “γαῑ’ς
306 2021 419 2072 τῶν
459 2012 820 2072 ὑπεναντίων
864 2015 1235 2089 ἐφευρόντων.
1298 2020 1345 2071 8.
1390 2009 1537 2087 ἦσαν
1578 2016 1641 2071 δὲ
1683 2020 1738 2071 οἰ

115 2097 246 2157 τ(καὶ
275 2100 411 2173 μετὰ
439 2099 572 2165 τους
604 2099 894 2173 αἰκισμοῦς
920 2101 1010 2156 ἐπὶ
1041 2105 1143 2156 τοῦ
1169 2101 1343 2167 ξύλου
1367 2106 1613 2172 κείμενοι
1642 2099 1733 2156 διὰ

114 2181 268 2242 “τῶν
307 2182 597 2258 τεσσάρων
638 2183 797 2241 ὀπῶν
840 2184 1215 2257 διατεταμένοι
1255 2183 1424 2257 ἄμφω
1466 2184 1542 2240 τῶ
1575 2185 1734 2255 πόδε,

117 2264 228 2335 “ῶς
260 2270 355 2324 καὶ
384 2267 506 2326 κατ’
534 2266 786 2341 ἀνάγκην
817 2266 1027 2335 αύτούς
1060 2270 1151 2325 ἐπὶ
1173 2275 1275 2326 τοῦ
1302 2269 1474 2336 ξύλου
1497 2267 1733 2334 ὑπτίους
1758 2287 1797 2318 25

116 2349 323 2423 ε(εἶναι,
365 2352 439 2425 μὴ
475 2354 826 2425 δυναμένους
857 2353 951 2410 διὰ
980 2353 1043 2410 τὸ
1085 2360 1296 2410 ἔναυλα
1335 2353 1402 2410 τὰ
1442 2353 1733 2428 τραύματα

122 2434 255 2494 ‘davd
297 2442 412 2493 τῶν
454 2442 685 2508 πληγῶν
724 2436 861 2493 καθ’
905 2437 1042 2494 ὅλου
1095 2443 1199 2494 τοῦ
1253 2439 1504 2511 σώματος
1554 2444 1729 2510 ἔχειν’

122 2517 334 2595 “ἕτεροι
379 2522 442 2577 δὲ
483 2527 560 2586 εἰς
599 2519 885 2593 τοῦδαφος
929 2523 1183 2594 ῥιφέντες
1225 2528 1432 2580 ἔκειντο
1475 2518 1590 2579 ὑπὸ
1635 2528 1733 2594 τῆς

117 2601 267 2662 “τῶν
306 2605 574 2677 βασάνων
604 2603 819 2679 ἀθρόας
861 2611 1211 2679 προσβολῆς,
1265 2607 1585 2679 δεινοτέραν
1626 2607 1730 2678 την

118 2686 282 2758 “ὅψιν
312 2695 410 2761 τῆς
443 2693 723 2764 ἐνεργείας
747 2703 863 2757 τοῖς
894 2688 1068 2764 ὁρῶσι
1091 2692 1444 2765 παρέχοντες,
1478 2696 1731 2755 ποικίλας
1755 2707 1796 2738 30

118 2770 246 2830 “uoci
279 2775 590 2849 διαφόρους
632 2777 694 2830 ἐν
724 2787 840 2840 τοϊς
872 2774 1086 2847 σῶμασι
1116 2777 1381 2849 φέροντες
1411 2780 1525 2830 τῶν
1554 2775 1733 2845 βασά-

119 2853 271 2915 “vam
311 2858 411 2925 τὰς
455 2863 718 2925 ἐπινοίας.
791 2865 839 2917 9.
901 2859 1119 2917 τούτων
1162 2860 1337 2925 οὕτως
1393 2858 1634 2929 ἐχόντων
1683 2864 1741 2915 οἶ
