<?xml version="1.0" encoding="UTF-8"?>
<!DOCTYPE html PUBLIC "-//W3C//DTD XHTML 1.0 Transitional//EN"
    "http://www.w3.org/TR/xhtml1/DTD/xhtml1-transitional.dtd">
<html xmlns="http://www.w3.org/1999/xhtml" xml:lang="en" lang="en">
 <head>
  <title>
</title>
<meta http-equiv="Content-Type" content="text/html;charset=utf-8" />
  <meta name='ocr-system' content='tesseract 3.04.00' />
  <meta name='ocr-capabilities' content='ocr_page ocr_carea ocr_par ocr_line ocrx_word'/>
</head>
<body>
  <div class='ocr_page' id='page_1' title='image "./operaeusebius04euseuoft_0173.png"; bbox 0 0 2032 3174; ppageno 0'>
   <div class='ocr_carea' id='block_1_1' title="bbox 527 114 1664 165">
    <p class='ocr_par' dir='ltr' id='par_1_1' title="bbox 527 114 1664 165">
     <span class='ocr_line' id='line_1_1' title="bbox 527 114 1664 165; baseline 0.007 -8"><span class='ocrx_word' id='word_1_1' title='bbox 527 117 685 158; x_wconf 82' lang='lat' dir='ltr'><strong>HIST.</strong></span> <span class='ocrx_word' id='word_1_2' title='bbox 717 116 967 158; x_wconf 81' lang='lat' dir='ltr'>ECCLES.</span> <span class='ocrx_word' id='word_1_3' title='bbox 1001 117 1085 160; x_wconf 92' lang='lat'><em>111</em></span> <span class='ocrx_word' id='word_1_4' title='bbox 1117 117 1185 156; x_wconf 80' lang='lat'><em>24</em></span> <span class='ocrx_word' id='word_1_5' title='bbox 1564 114 1664 165; x_wconf 85' lang='lat'><em>113</em></span> 
     </span>
    </p>
   </div>
   <div class='ocr_carea' id='block_1_2' title="bbox 60 229 1666 474">
    <p class='ocr_par' dir='ltr' id='par_1_2' title="bbox 60 229 1666 474">
     <span class='ocr_line' id='line_1_2' title="bbox 60 229 1666 306; baseline -0.002 -15"><span class='ocrx_word' id='word_1_6' title='bbox 60 235 296 298; x_wconf 83' lang='grc' dir='ltr'><em>πασθεὶς</em></span> <span class='ocrx_word' id='word_1_7' title='bbox 337 235 430 289; x_wconf 87' lang='grc' dir='ltr'><em>καὶ</em></span> <span class='ocrx_word' id='word_1_8' title='bbox 472 235 584 289; x_wconf 76' lang='grc' dir='ltr'><em>τῶν</em></span> <span class='ocrx_word' id='word_1_9' title='bbox 627 235 802 289; x_wconf 82' lang='grc' dir='ltr'><em>ἐκεῖσε</em></span> <span class='ocrx_word' id='word_1_10' title='bbox 833 230 1092 306; x_wconf 77' lang='grc' dir='ltr'><em>ῥημάτων</em></span> <span class='ocrx_word' id='word_1_11' title='bbox 1122 229 1377 306; x_wconf 75' lang='grc' dir='ltr'><em>ἀρρήτων</em></span> <span class='ocrx_word' id='word_1_12' title='bbox 1407 229 1666 300; x_wconf 76' lang='grc' dir='ltr'><em>ἀξιωθεὶς</em></span> 
     </span>
     <span class='ocr_line' id='line_1_3' title="bbox 61 315 1666 391; baseline -0.002 -16"><span class='ocrx_word' id='word_1_13' title='bbox 61 320 378 375; x_wconf 82' lang='grc' dir='ltr'><em>ἐπακοῦσαι.</em></span> <span class='ocrx_word' id='word_1_14' title='bbox 440 320 488 373; x_wconf 79' lang='lat'><em>5.</em></span> <span class='ocrx_word' id='word_1_15' title='bbox 522 315 626 374; x_wconf 83' lang='grc' dir='ltr'><em>οὐκ</em></span> <span class='ocrx_word' id='word_1_16' title='bbox 656 339 872 391; x_wconf 87' lang='grc' dir='ltr'><em>απειροι</em></span> <span class='ocrx_word' id='word_1_17' title='bbox 901 341 1004 390; x_wconf 91' lang='grc' dir='ltr'><em>μεν</em></span> <span class='ocrx_word' id='word_1_18' title='bbox 1034 318 1136 374; x_wconf 86' lang='grc' dir='ltr'><em>οὐν</em></span> <span class='ocrx_word' id='word_1_19' title='bbox 1157 315 1407 391; x_wconf 75' lang='grc' dir='ltr'><em>ὑπῆρχον</em></span> <span class='ocrx_word' id='word_1_20' title='bbox 1430 320 1542 373; x_wconf 77' lang='grc' dir='ltr'><em>τῶν</em></span> <span class='ocrx_word' id='word_1_21' title='bbox 1568 315 1666 372; x_wconf 80' lang='grc' dir='ltr'><em>αὖ·</em></span> 
     </span>
     <span class='ocr_line' id='line_1_4' title="bbox 62 397 1665 474; baseline -0.001 -15"><span class='ocrx_word' id='word_1_22' title='bbox 62 426 175 459; x_wconf 83' lang='grc' dir='ltr'><em>των</em></span> <span class='ocrx_word' id='word_1_23' title='bbox 205 403 298 459; x_wconf 87' lang='grc' dir='ltr'><em>καὶ</em></span> <span class='ocrx_word' id='word_1_24' title='bbox 330 405 386 458; x_wconf 77' lang='grc' dir='ltr'><em>οἱ</em></span> <span class='ocrx_word' id='word_1_25' title='bbox 423 403 604 458; x_wconf 83' lang='grc' dir='ltr'><em>λοιποὶ</em></span> <span class='ocrx_word' id='word_1_26' title='bbox 643 405 744 458; x_wconf 83' lang='grc' dir='ltr'><em>τοῦ</em></span> <span class='ocrx_word' id='word_1_27' title='bbox 773 406 1019 472; x_wconf 84' lang='grc' dir='ltr'><em>σωτῆρος</em></span> <span class='ocrx_word' id='word_1_28' title='bbox 1048 397 1207 474; x_wconf 72' lang='grc' dir='ltr'><em>ἡμῶν</em></span> <span class='ocrx_word' id='word_1_29' title='bbox 1237 403 1516 473; x_wconf 83' lang='grc' dir='ltr'><em>φοιτηταὶ,</em></span> <span class='ocrx_word' id='word_1_30' title='bbox 1562 399 1665 458; x_wconf 77' lang='grc' dir='ltr'><em>δώ·</em></span> 
     </span>
    </p>
   </div>
   <div class='ocr_carea' id='block_1_3' title="bbox 64 482 1668 558">
    <p class='ocr_par' dir='ltr' id='par_1_3' title="bbox 64 482 1668 558">
     <span class='ocr_line' id='line_1_5' title="bbox 64 482 1668 558; baseline -0.001 -15"><span class='ocrx_word' id='word_1_31' title='bbox 64 492 196 543; x_wconf 63' lang='lat' dir='ltr'><em>§sua</em></span> <span class='ocrx_word' id='word_1_32' title='bbox 227 510 328 558; x_wconf 89' lang='grc' dir='ltr'><em>μεν</em></span> <span class='ocrx_word' id='word_1_33' title='bbox 359 482 671 557; x_wconf 81' lang='grc' dir='ltr'><em>ἀπόστολοι,</em></span> <span class='ocrx_word' id='word_1_34' title='bbox 707 484 1085 558; x_wconf 80' lang='grc' dir='ltr'><em>ἑβδομήκοντα</em></span> <span class='ocrx_word' id='word_1_35' title='bbox 1117 486 1178 541; x_wconf 82' lang='grc' dir='ltr'><em>δε</em></span> <span class='ocrx_word' id='word_1_36' title='bbox 1209 487 1480 558; x_wconf 86' lang='grc' dir='ltr'><em>μαθηταὶ,</em></span> <span class='ocrx_word' id='word_1_37' title='bbox 1513 484 1668 541; x_wconf 87' lang='grc' dir='ltr'><em>άλλοι</em></span> 
     </span>
    </p>
   </div>
   <div class='ocr_carea' id='block_1_4' title="bbox 62 563 1711 642">
    <p class='ocr_par' dir='ltr' id='par_1_4' title="bbox 62 563 1711 642">
     <span class='ocr_line' id='line_1_6' title="bbox 62 563 1711 642; baseline -0.001 -15"><span class='ocrx_word' id='word_1_38' title='bbox 62 593 121 627; x_wconf 89' lang='grc' dir='ltr'><em>τε</em></span> <span class='ocrx_word' id='word_1_39' title='bbox 162 573 251 628; x_wconf 83' lang='grc' dir='ltr'><em>ἐπὶ</em></span> <span class='ocrx_word' id='word_1_40' title='bbox 280 569 495 635; x_wconf 81' lang='grc' dir='ltr'><em>τούτοις</em></span> <span class='ocrx_word' id='word_1_41' title='bbox 524 575 729 642; x_wconf 90' lang='grc' dir='ltr'><em>μυρίοι.</em></span> <span class='ocrx_word' id='word_1_42' title='bbox 789 568 934 641; x_wconf 79' lang='grc' dir='ltr'><em>ὅμως</em></span> <span class='ocrx_word' id='word_1_43' title='bbox 968 567 1019 625; x_wconf 80' lang='grc' dir='ltr'><em>δ’</em></span> <span class='ocrx_word' id='word_1_44' title='bbox 1057 563 1158 627; x_wconf 77' lang='grc' dir='ltr'><em>οὖν</em></span> <span class='ocrx_word' id='word_1_45' title='bbox 1191 568 1295 637; x_wconf 63' lang='grc' dir='ltr'><em>ἐξ“</em></span> <span class='ocrx_word' id='word_1_46' title='bbox 1268 568 1531 627; x_wconf 90' lang='grc' dir='ltr'><em>απάντων</em></span> <span class='ocrx_word' id='word_1_47' title='bbox 1554 575 1667 626; x_wconf 75' lang='grc' dir='ltr'><em>τῶν</em></span> <span class='ocrx_word' id='word_1_48' title='bbox 1690 595 1711 626; x_wconf 86' lang='lat'>5</span> 
     </span>
    </p>
   </div>
   <div class='ocr_carea' id='block_1_5' title="bbox 22 650 1684 2666">
    <p class='ocr_par' dir='ltr' id='par_1_5' title="bbox 33 650 1684 2498">
     <span class='ocr_line' id='line_1_7' title="bbox 63 650 1671 727; baseline 0 -16"><span class='ocrx_word' id='word_1_49' title='bbox 63 662 162 711; x_wconf 85' lang='grc' dir='ltr'><em>τοῦ</em></span> <span class='ocrx_word' id='word_1_50' title='bbox 203 659 402 725; x_wconf 81' lang='grc' dir='ltr'><em>κυρίου</em></span> <span class='ocrx_word' id='word_1_51' title='bbox 448 657 749 727; x_wconf 76' lang='grc' dir='ltr'><em>διατριβῶν</em></span> <span class='ocrx_word' id='word_1_52' title='bbox 788 651 1156 726; x_wconf 81' lang='grc' dir='ltr'><em>ὑπομνήματα</em></span> <span class='ocrx_word' id='word_1_53' title='bbox 1197 662 1494 720; x_wconf 88' lang='grc' dir='ltr'><em>Ματθαῖος</em></span> <span class='ocrx_word' id='word_1_54' title='bbox 1536 650 1671 726; x_wconf 83' lang='grc' dir='ltr'><em>ἡμῖν</em></span> 
     </span>
     <span class='ocr_line' id='line_1_8' title="bbox 64 735 1670 810; baseline 0 -16"><span class='ocrx_word' id='word_1_55' title='bbox 64 741 156 795; x_wconf 84' lang='grc' dir='ltr'><em>καὶ</em></span> <span class='ocrx_word' id='word_1_56' title='bbox 173 736 432 810; x_wconf 76' lang='grc' dir='ltr'><em>Ἰωάννης</em></span> <span class='ocrx_word' id='word_1_57' title='bbox 454 737 611 809; x_wconf 86' lang='grc' dir='ltr'><em>μόνοι</em></span> <span class='ocrx_word' id='word_1_58' title='bbox 635 742 1112 808; x_wconf 80' lang='grc' dir='ltr'><em>καταλελοίπασιν,</em></span> <span class='ocrx_word' id='word_1_59' title='bbox 1131 735 1226 802; x_wconf 72' lang='grc' dir='ltr'><em>οὓς</em></span> <span class='ocrx_word' id='word_1_60' title='bbox 1249 740 1341 794; x_wconf 86' lang='grc' dir='ltr'><em>καὶ</em></span> <span class='ocrx_word' id='word_1_61' title='bbox 1366 737 1670 810; x_wconf 82' lang='grc' dir='ltr'><em>ἐπάναγκες</em></span> 
     </span>
     <span class='ocr_line' id='line_1_9' title="bbox 66 820 1673 894; baseline 0 -16"><span class='ocrx_word' id='word_1_62' title='bbox 66 824 154 878; x_wconf 85' lang='grc' dir='ltr'><em>ἐπὶ</em></span> <span class='ocrx_word' id='word_1_63' title='bbox 183 821 286 892; x_wconf 83' lang='grc' dir='ltr'><em>τὴν</em></span> <span class='ocrx_word' id='word_1_64' title='bbox 316 820 540 894; x_wconf 81' lang='grc' dir='ltr'><em>γραφὴν</em></span> <span class='ocrx_word' id='word_1_65' title='bbox 571 824 762 878; x_wconf 81' lang='grc' dir='ltr'><em>ἐλθεῖν</em></span> <span class='ocrx_word' id='word_1_66' title='bbox 801 823 1016 894; x_wconf 78' lang='grc' dir='ltr'><em>κατέχει</em></span> <span class='ocrx_word' id='word_1_67' title='bbox 1055 820 1228 893; x_wconf 86' lang='grc' dir='ltr'><em>λόγος.</em></span> <span class='ocrx_word' id='word_1_68' title='bbox 1293 827 1341 878; x_wconf 85' lang='grc'><em>6.</em></span> <span class='ocrx_word' id='word_1_69' title='bbox 1374 830 1673 888; x_wconf 45' lang='grc' dir='ltr'><em>ΑΜατθαῖος</em></span> 
     </span>
     <span class='ocr_line' id='line_1_10' title="bbox 64 903 1672 1011; baseline 0 -49"><span class='ocrx_word' id='word_1_70' title='bbox 64 930 166 978; x_wconf 86' lang='grc' dir='ltr'><em>μεν</em></span> <span class='ocrx_word' id='word_1_71' title='bbox 187 929 295 1011; x_wconf 80' lang='grc' dir='ltr'><em>γαρ</em></span> <span class='ocrx_word' id='word_1_72' title='bbox 326 904 597 979; x_wconf 89' lang='grc' dir='ltr'><em>πρότερον</em></span> <span class='ocrx_word' id='word_1_73' title='bbox 620 904 892 979; x_wconf 86' lang='grc' dir='ltr'><em>Ἑβραίοις</em></span> <span class='ocrx_word' id='word_1_74' title='bbox 923 903 1180 978; x_wconf 75' lang='grc' dir='ltr'><em>κηρύξας,</em></span> <span class='ocrx_word' id='word_1_75' title='bbox 1213 929 1285 971; x_wconf 91' lang='grc' dir='ltr'><em>ως</em></span> <span class='ocrx_word' id='word_1_76' title='bbox 1315 903 1551 977; x_wconf 78' lang='grc' dir='ltr'><em>ἤμελλεν</em></span> <span class='ocrx_word' id='word_1_77' title='bbox 1583 909 1672 962; x_wconf 86' lang='grc' dir='ltr'><em>καὶ</em></span> 
     </span>
     <span class='ocr_line' id='line_1_11' title="bbox 68 986 1671 1066; baseline 0.001 -20"><span class='ocrx_word' id='word_1_78' title='bbox 68 986 161 1062; x_wconf 86' lang='grc' dir='ltr'><em>ἐφ’</em></span> <span class='ocrx_word' id='word_1_79' title='bbox 197 991 416 1063; x_wconf 82' lang='grc' dir='ltr'><em>ἑτέρους</em></span> <span class='ocrx_word' id='word_1_80' title='bbox 458 991 626 1062; x_wconf 84' lang='grc' dir='ltr'><em>ἰέναι,</em></span> <span class='ocrx_word' id='word_1_81' title='bbox 671 996 885 1066; x_wconf 78' lang='grc' dir='ltr'><em>πατρίῳ</em></span> <span class='ocrx_word' id='word_1_82' title='bbox 926 988 1138 1062; x_wconf 74' lang='grc' dir='ltr'><em>γλώττῃ</em></span> <span class='ocrx_word' id='word_1_83' title='bbox 1170 993 1359 1063; x_wconf 81' lang='grc' dir='ltr'><em>γραφῇ</em></span> <span class='ocrx_word' id='word_1_84' title='bbox 1388 990 1671 1064; x_wconf 77' lang='grc' dir='ltr'><em>παραδοὺς</em></span> 
     </span>
     <span class='ocr_line' id='line_1_12' title="bbox 65 1070 1672 1148; baseline 0.001 -18"><span class='ocrx_word' id='word_1_85' title='bbox 65 1074 126 1130; x_wconf 84' lang='grc' dir='ltr'><em>τὸ</em></span> <span class='ocrx_word' id='word_1_86' title='bbox 157 1070 279 1131; x_wconf 87' lang='grc' dir='ltr'><em>κατ’</em></span> <span class='ocrx_word' id='word_1_87' title='bbox 314 1071 483 1131; x_wconf 81' lang='grc' dir='ltr'><em>αὐτὸν</em></span> <span class='ocrx_word' id='word_1_88' title='bbox 515 1071 838 1146; x_wconf 76' lang='grc' dir='ltr'><em>εὐαγγέλιον</em></span> <span class='ocrx_word' id='word_1_89' title='bbox 867 1072 926 1130; x_wconf 86' lang='grc' dir='ltr'><em>τὸ</em></span> <span class='ocrx_word' id='word_1_90' title='bbox 959 1082 1150 1131; x_wconf 81' lang='grc' dir='ltr'><em>λεῖπον</em></span> <span class='ocrx_word' id='word_1_91' title='bbox 1179 1080 1244 1148; x_wconf 82' lang='grc' dir='ltr'><em>τῇ</em></span> <span class='ocrx_word' id='word_1_92' title='bbox 1270 1071 1442 1132; x_wconf 77' lang='grc' dir='ltr'><em>αὐτοῦ</em></span> <span class='ocrx_word' id='word_1_93' title='bbox 1466 1097 1672 1145; x_wconf 90' lang='grc' dir='ltr'><em>παρου-</em></span> 
     </span>
     <span class='ocr_line' id='line_1_13' title="bbox 66 1155 1674 1231; baseline 0.001 -17"><span class='ocrx_word' id='word_1_94' title='bbox 66 1164 161 1215; x_wconf 91' lang='grc' dir='ltr'><em>σία</em></span> <span class='ocrx_word' id='word_1_95' title='bbox 191 1157 436 1230; x_wconf 75' lang='grc' dir='ltr'><em>τούτοις,</em></span> <span class='ocrx_word' id='word_1_96' title='bbox 469 1155 566 1230; x_wconf 76' lang='grc' dir='ltr'><em>ἀφ’</em></span> <span class='ocrx_word' id='word_1_97' title='bbox 604 1183 683 1216; x_wconf 90' lang='grc' dir='ltr'><em>ων</em></span> <span class='ocrx_word' id='word_1_98' title='bbox 716 1160 1014 1230; x_wconf 79' lang='grc' dir='ltr'><em>ἐστέλλετο,</em></span> <span class='ocrx_word' id='word_1_99' title='bbox 1050 1156 1139 1214; x_wconf 80' lang='grc' dir='ltr'><em>δια</em></span> <span class='ocrx_word' id='word_1_100' title='bbox 1170 1162 1266 1231; x_wconf 80' lang='grc' dir='ltr'><em>τῆς</em></span> <span class='ocrx_word' id='word_1_101' title='bbox 1296 1163 1512 1231; x_wconf 83' lang='grc' dir='ltr'><em>γραφῆς</em></span> <span class='ocrx_word' id='word_1_102' title='bbox 1543 1182 1674 1216; x_wconf 87' lang='grc' dir='ltr'><em>απε-</em></span> 
     </span>
     <span class='ocr_line' id='line_1_14' title="bbox 67 1240 1675 1315; baseline 0 -16"><span class='ocrx_word' id='word_1_103' title='bbox 67 1241 298 1315; x_wconf 83' lang='grc' dir='ltr'><em>πλήρου.</em></span> <span class='ocrx_word' id='word_1_104' title='bbox 362 1247 406 1299; x_wconf 81' lang='grc'><em>7.</em></span> <span class='ocrx_word' id='word_1_105' title='bbox 441 1240 548 1315; x_wconf 77' lang='grc' dir='ltr'><em>ἤδη</em></span> <span class='ocrx_word' id='word_1_106' title='bbox 582 1244 643 1298; x_wconf 74' lang='grc' dir='ltr'><em>δὲ</em></span> <span class='ocrx_word' id='word_1_107' title='bbox 667 1241 908 1314; x_wconf 90' lang='grc' dir='ltr'><em>Μάρκου</em></span> <span class='ocrx_word' id='word_1_108' title='bbox 939 1245 1032 1299; x_wconf 86' lang='grc' dir='ltr'><em>καὶ</em></span> <span class='ocrx_word' id='word_1_109' title='bbox 1056 1249 1246 1300; x_wconf 83' lang='grc' dir='ltr'><em>Λουκᾶ</em></span> <span class='ocrx_word' id='word_1_110' title='bbox 1277 1246 1388 1299; x_wconf 72' lang='grc' dir='ltr'><em>τῶν</em></span> <span class='ocrx_word' id='word_1_111' title='bbox 1419 1240 1541 1300; x_wconf 87' lang='grc' dir='ltr'><em>κατ’</em></span> <span class='ocrx_word' id='word_1_112' title='bbox 1577 1240 1675 1299; x_wconf 79' lang='grc' dir='ltr'><em>αὖ·</em></span> 
     </span>
     <span class='ocr_line' id='line_1_15' title="bbox 66 1324 1677 1400; baseline 0.001 -17"><span class='ocrx_word' id='word_1_113' title='bbox 66 1326 194 1392; x_wconf 81' lang='grc' dir='ltr'><em>τοὺς</em></span> <span class='ocrx_word' id='word_1_114' title='bbox 229 1324 568 1399; x_wconf 79' lang='grc' dir='ltr'><em>εὐαγγελίων</em></span> <span class='ocrx_word' id='word_1_115' title='bbox 597 1325 698 1398; x_wconf 88' lang='grc' dir='ltr'><em>τὴν</em></span> <span class='ocrx_word' id='word_1_116' title='bbox 740 1332 962 1383; x_wconf 77' lang='grc' dir='ltr'><em>ἔκδοσιν</em></span> <span class='ocrx_word' id='word_1_117' title='bbox 1001 1333 1388 1400; x_wconf 83' lang='grc' dir='ltr'><em>πεποιημένων</em></span> <span class='ocrx_word' id='word_1_118' title='bbox 1413 1325 1677 1399; x_wconf 76' lang='grc' dir='ltr'><em>Ἰωάννην</em></span> 
     </span>
     <span class='ocr_line' id='line_1_16' title="bbox 68 1408 1677 1487; baseline 0.002 -21"><span class='ocrx_word' id='word_1_119' title='bbox 68 1413 234 1483; x_wconf 85' lang='grc' dir='ltr'><em>φασὶ,</em></span> <span class='ocrx_word' id='word_1_120' title='bbox 273 1409 370 1468; x_wconf 84' lang='grc' dir='ltr'><em>τὸν</em></span> <span class='ocrx_word' id='word_1_121' title='bbox 409 1409 588 1467; x_wconf 90' lang='grc' dir='ltr'><em>πάντα</em></span> <span class='ocrx_word' id='word_1_122' title='bbox 628 1409 828 1484; x_wconf 92' lang='grc' dir='ltr'><em>χρόνον</em></span> <span class='ocrx_word' id='word_1_123' title='bbox 870 1408 1103 1487; x_wconf 79' lang='grc' dir='ltr'><em>ἀγράφῳ</em></span> <span class='ocrx_word' id='word_1_124' title='bbox 1136 1414 1474 1485; x_wconf 80' lang='grc' dir='ltr'><em>κεχρημένον</em></span> <span class='ocrx_word' id='word_1_125' title='bbox 1504 1410 1677 1483; x_wconf 85' lang='grc' dir='ltr'><em>κηρύ-</em></span> 
     </span>
     <span class='ocr_line' id='line_1_17' title="bbox 69 1494 1677 1570; baseline 0.001 -19"><span class='ocrx_word' id='word_1_126' title='bbox 69 1519 252 1567; x_wconf 89' lang='grc' dir='ltr'><em>γματι,</em></span> <span class='ocrx_word' id='word_1_127' title='bbox 276 1496 428 1561; x_wconf 82' lang='grc' dir='ltr'><em>τέλος</em></span> <span class='ocrx_word' id='word_1_128' title='bbox 452 1497 544 1552; x_wconf 86' lang='grc' dir='ltr'><em>καὶ</em></span> <span class='ocrx_word' id='word_1_129' title='bbox 569 1498 659 1552; x_wconf 85' lang='grc' dir='ltr'><em>ἐπὶ</em></span> <span class='ocrx_word' id='word_1_130' title='bbox 681 1494 784 1568; x_wconf 84' lang='grc' dir='ltr'><em>τὴν</em></span> <span class='ocrx_word' id='word_1_131' title='bbox 806 1494 1030 1570; x_wconf 86' lang='grc' dir='ltr'><em>γραφὴν</em></span> <span class='ocrx_word' id='word_1_132' title='bbox 1055 1499 1245 1552; x_wconf 79' lang='grc' dir='ltr'><em>ἐλθεῖν</em></span> <span class='ocrx_word' id='word_1_133' title='bbox 1268 1499 1491 1553; x_wconf 78' lang='grc' dir='ltr'><em>τοιᾶσδε</em></span> <span class='ocrx_word' id='word_1_134' title='bbox 1515 1495 1677 1569; x_wconf 90' lang='grc' dir='ltr'><em>χάριν</em></span> 
     </span>
     <span class='ocr_line' id='line_1_18' title="bbox 70 1581 1677 1653; baseline 0.001 -18"><span class='ocrx_word' id='word_1_135' title='bbox 70 1585 262 1645; x_wconf 88' lang='grc' dir='ltr'><em>αἰτίας.</em></span> <span class='ocrx_word' id='word_1_136' title='bbox 325 1582 437 1636; x_wconf 73' lang='grc' dir='ltr'><em>τῶν</em></span> <span class='ocrx_word' id='word_1_137' title='bbox 468 1581 1013 1653; x_wconf 83' lang='grc' dir='ltr'><em>προαναγραφέντων</em></span> <span class='ocrx_word' id='word_1_138' title='bbox 1042 1584 1212 1651; x_wconf 77' lang='grc' dir='ltr'><em>τριῶν</em></span> <span class='ocrx_word' id='word_1_139' title='bbox 1238 1586 1314 1645; x_wconf 83' lang='grc' dir='ltr'><em>εἰς</em></span> <span class='ocrx_word' id='word_1_140' title='bbox 1338 1581 1544 1647; x_wconf 87' lang='grc' dir='ltr'><em>πάντας</em></span> <span class='ocrx_word' id='word_1_141' title='bbox 1569 1581 1677 1652; x_wconf 78' lang='grc' dir='ltr'><em>ἤδη</em></span> 
     </span>
     <span class='ocr_line' id='line_1_19' title="bbox 71 1660 1678 1738; baseline 0.001 -19"><span class='ocrx_word' id='word_1_142' title='bbox 71 1664 163 1720; x_wconf 84' lang='grc' dir='ltr'><em>καὶ</em></span> <span class='ocrx_word' id='word_1_143' title='bbox 194 1669 271 1730; x_wconf 85' lang='grc' dir='ltr'><em>εἰς</em></span> <span class='ocrx_word' id='word_1_144' title='bbox 307 1660 478 1720; x_wconf 79' lang='grc' dir='ltr'><em>αὐτὸν</em></span> <span class='ocrx_word' id='word_1_145' title='bbox 513 1666 928 1736; x_wconf 78' lang='grc' dir='ltr'><em>διαδεδομένων</em></span> <span class='ocrx_word' id='word_1_146' title='bbox 968 1662 1347 1732; x_wconf 81' lang='grc' dir='ltr'><em>ἀποδέξασθαι</em></span> <span class='ocrx_word' id='word_1_147' title='bbox 1379 1667 1482 1737; x_wconf 82' lang='grc' dir='ltr'><em>μέν</em></span> <span class='ocrx_word' id='word_1_148' title='bbox 1506 1683 1678 1738; x_wconf 88' lang='grc' dir='ltr'><em>φασιν</em></span> 
     </span>
     <span class='ocr_line' id='line_1_20' title="bbox 33 1744 1678 1821; baseline 0.001 -17"><span class='ocrx_word' id='word_1_149' title='bbox 33 1745 346 1819; x_wconf 83' lang='grc' dir='ltr'><em>ἀλήθειαν</em></span> <span class='ocrx_word' id='word_1_150' title='bbox 386 1744 571 1814; x_wconf 78' lang='grc' dir='ltr'><em>αὐτοῖς</em></span> <span class='ocrx_word' id='word_1_151' title='bbox 626 1746 1172 1821; x_wconf 82' lang='grc' dir='ltr'><em>ἐπιμαρτυρήσαντα,</em></span> <span class='ocrx_word' id='word_1_152' title='bbox 1227 1747 1404 1821; x_wconf 91' lang='grc' dir='ltr'><em>μόνην</em></span> <span class='ocrx_word' id='word_1_153' title='bbox 1460 1750 1519 1805; x_wconf 75' lang='grc' dir='ltr'><em>δε</em></span> <span class='ocrx_word' id='word_1_154' title='bbox 1572 1747 1678 1818; x_wconf 87' lang='grc' dir='ltr'><em>άρα</em></span> 
     </span>
     <span class='ocr_line' id='line_1_21' title="bbox 72 1832 1676 1933; baseline 0.001 -45"><span class='ocrx_word' id='word_1_155' title='bbox 72 1837 366 1889; x_wconf 83' lang='grc' dir='ltr'><em>λείπεσθαι</em></span> <span class='ocrx_word' id='word_1_156' title='bbox 405 1838 470 1906; x_wconf 82' lang='grc' dir='ltr'><em>τῇ</em></span> <span class='ocrx_word' id='word_1_157' title='bbox 510 1835 704 1933; x_wconf 81' lang='grc' dir='ltr'><em>γραφῇ</em></span> <span class='ocrx_word' id='word_1_158' title='bbox 740 1832 841 1904; x_wconf 79' lang='grc' dir='ltr'><em>τὴν</em></span> <span class='ocrx_word' id='word_1_159' title='bbox 882 1834 1010 1906; x_wconf 84' lang='grc' dir='ltr'><em>περὶ</em></span> <span class='ocrx_word' id='word_1_160' title='bbox 1050 1836 1162 1890; x_wconf 79' lang='grc' dir='ltr'><em>τῶν</em></span> <span class='ocrx_word' id='word_1_161' title='bbox 1203 1837 1263 1889; x_wconf 82' lang='grc' dir='ltr'><em>ἐν</em></span> <span class='ocrx_word' id='word_1_162' title='bbox 1311 1832 1545 1906; x_wconf 76' lang='grc' dir='ltr'><em>πρώτοις</em></span> <span class='ocrx_word' id='word_1_163' title='bbox 1586 1835 1676 1890; x_wconf 86' lang='grc' dir='ltr'><em>καὶ</em></span> 
     </span>
     <span class='ocr_line' id='line_1_22' title="bbox 73 1913 1679 1992; baseline 0.001 -20"><span class='ocrx_word' id='word_1_164' title='bbox 73 1913 195 1992; x_wconf 82' lang='grc' dir='ltr'><em>κατ’</em></span> <span class='ocrx_word' id='word_1_165' title='bbox 227 1913 404 1989; x_wconf 73' lang='grc' dir='ltr'><em>ἀρχὴν</em></span> <span class='ocrx_word' id='word_1_166' title='bbox 434 1919 533 1973; x_wconf 77' lang='grc' dir='ltr'><em>τοῦ</em></span> <span class='ocrx_word' id='word_1_167' title='bbox 563 1915 909 1990; x_wconf 83' lang='grc' dir='ltr'><em>κηρύγματος</em></span> <span class='ocrx_word' id='word_1_168' title='bbox 940 1915 1047 1973; x_wconf 84' lang='grc' dir='ltr'><em>ὑπὸ</em></span> <span class='ocrx_word' id='word_1_169' title='bbox 1079 1923 1178 1973; x_wconf 85' lang='grc' dir='ltr'><em>τοῦ</em></span> <span class='ocrx_word' id='word_1_170' title='bbox 1204 1922 1447 1990; x_wconf 85' lang='grc' dir='ltr'><em>Χριστοῦ</em></span> <span class='ocrx_word' id='word_1_171' title='bbox 1472 1922 1679 1991; x_wconf 89' lang='grc' dir='ltr'><em>πεπρα-</em></span> 
     </span>
     <span class='ocr_line' id='line_1_23' title="bbox 72 1998 1681 2074; baseline 0.001 -17"><span class='ocrx_word' id='word_1_172' title='bbox 72 2002 293 2074; x_wconf 81' lang='grc' dir='ltr'><em>γμένων</em></span> <span class='ocrx_word' id='word_1_173' title='bbox 335 1999 606 2073; x_wconf 79' lang='grc' dir='ltr'><em>διήγησιν.</em></span> <span class='ocrx_word' id='word_1_174' title='bbox 671 2006 718 2058; x_wconf 82' lang='grc'><em>8.</em></span> <span class='ocrx_word' id='word_1_175' title='bbox 763 2003 856 2057; x_wconf 85' lang='grc' dir='ltr'><em>καὶ</em></span> <span class='ocrx_word' id='word_1_176' title='bbox 895 1998 1110 2074; x_wconf 76' lang='grc' dir='ltr'><em>ἀληθής</em></span> <span class='ocrx_word' id='word_1_177' title='bbox 1150 2026 1213 2074; x_wconf 91' lang='grc' dir='ltr'><em>γε</em></span> <span class='ocrx_word' id='word_1_178' title='bbox 1255 1998 1282 2058; x_wconf 84' lang='grc' dir='ltr'>ὁ</span> <span class='ocrx_word' id='word_1_179' title='bbox 1316 2001 1489 2074; x_wconf 88' lang='grc' dir='ltr'><em>λόγος.</em></span> <span class='ocrx_word' id='word_1_180' title='bbox 1551 2002 1681 2067; x_wconf 79' lang='grc' dir='ltr'><em>τοὺς</em></span> 
     </span>
     <span class='ocr_line' id='line_1_24' title="bbox 73 2082 1681 2161; baseline 0.001 -20"><span class='ocrx_word' id='word_1_181' title='bbox 73 2083 274 2151; x_wconf 77' lang='grc' dir='ltr'><em>ἄλλους</em></span> <span class='ocrx_word' id='word_1_182' title='bbox 324 2087 463 2157; x_wconf 81' lang='grc' dir='ltr'><em>γοῦν</em></span> <span class='ocrx_word' id='word_1_183' title='bbox 513 2098 659 2159; x_wconf 81' lang='grc' dir='ltr'><em>τρεῖς</em></span> <span class='ocrx_word' id='word_1_184' title='bbox 713 2082 1104 2158; x_wconf 73' lang='grc' dir='ltr'><em>εὐαγγελιστάς</em></span> <span class='ocrx_word' id='word_1_185' title='bbox 1157 2092 1411 2143; x_wconf 84' lang='grc' dir='ltr'><em>συνιδεῖν</em></span> <span class='ocrx_word' id='word_1_186' title='bbox 1451 2085 1681 2161; x_wconf 89' lang='grc' dir='ltr'><em>πάρεστι</em></span> 
     </span>
     <span class='ocr_line' id='line_1_25' title="bbox 75 2167 1681 2247; baseline 0.001 -22"><span class='ocrx_word' id='word_1_187' title='bbox 75 2167 216 2240; x_wconf 91' lang='grc' dir='ltr'><em>μόνα</em></span> <span class='ocrx_word' id='word_1_188' title='bbox 254 2168 320 2226; x_wconf 79' lang='grc' dir='ltr'><em>τὰ</em></span> <span class='ocrx_word' id='word_1_189' title='bbox 362 2167 496 2242; x_wconf 76' lang='grc' dir='ltr'><em>μετὰ</em></span> <span class='ocrx_word' id='word_1_190' title='bbox 534 2168 638 2242; x_wconf 83' lang='grc' dir='ltr'><em>τὴν</em></span> <span class='ocrx_word' id='word_1_191' title='bbox 679 2172 740 2227; x_wconf 86' lang='grc' dir='ltr'><em>ἐν</em></span> <span class='ocrx_word' id='word_1_192' title='bbox 778 2176 853 2246; x_wconf 78' lang='grc' dir='ltr'><em>τῷ</em></span> <span class='ocrx_word' id='word_1_193' title='bbox 899 2175 1254 2247; x_wconf 78' lang='grc' dir='ltr'><em>δεσμωτηρίῳ</em></span> <span class='ocrx_word' id='word_1_194' title='bbox 1280 2169 1541 2229; x_wconf 89' lang='grc' dir='ltr'><em>Ἰωάννου</em></span> <span class='ocrx_word' id='word_1_195' title='bbox 1583 2177 1681 2227; x_wconf 86' lang='grc' dir='ltr'><em>τοῦ</em></span> 
     </span>
     <span class='ocr_line' id='line_1_26' title="bbox 74 2253 1682 2330; baseline 0.002 -21"><span class='ocrx_word' id='word_1_196' title='bbox 74 2256 376 2324; x_wconf 83' lang='grc' dir='ltr'><em>βαπτιστοῦ</em></span> <span class='ocrx_word' id='word_1_197' title='bbox 415 2253 706 2327; x_wconf 80' lang='grc' dir='ltr'><em>κάθειρξιν</em></span> <span class='ocrx_word' id='word_1_198' title='bbox 748 2253 834 2326; x_wconf 84' lang='grc' dir='ltr'><em>ἐφ’</em></span> <span class='ocrx_word' id='word_1_199' title='bbox 885 2257 983 2312; x_wconf 79' lang='grc' dir='ltr'><em>ἕνα</em></span> <span class='ocrx_word' id='word_1_200' title='bbox 1026 2253 1284 2313; x_wconf 85' lang='grc' dir='ltr'><em>ἐνιαυτὸν</em></span> <span class='ocrx_word' id='word_1_201' title='bbox 1323 2258 1682 2330; x_wconf 83' lang='grc' dir='ltr'><em>πεπραγμένα</em></span> 
     </span>
     <span class='ocr_line' id='line_1_27' title="bbox 76 2336 1683 2413; baseline 0.003 -21"><span class='ocrx_word' id='word_1_202' title='bbox 76 2339 153 2411; x_wconf 78' lang='grc' dir='ltr'><em>τῷ</em></span> <span class='ocrx_word' id='word_1_203' title='bbox 184 2340 388 2410; x_wconf 84' lang='grc' dir='ltr'><em>σωτῆρι</em></span> <span class='ocrx_word' id='word_1_204' title='bbox 428 2337 910 2412; x_wconf 81' lang='grc' dir='ltr'><em>συγγεγραφότας,</em></span> <span class='ocrx_word' id='word_1_205' title='bbox 953 2336 1088 2396; x_wconf 79' lang='grc' dir='ltr'><em>αὐτό</em></span> <span class='ocrx_word' id='word_1_206' title='bbox 1127 2364 1186 2397; x_wconf 93' lang='grc' dir='ltr'><em>τε</em></span> <span class='ocrx_word' id='word_1_207' title='bbox 1223 2338 1372 2397; x_wconf 80' lang='grc' dir='ltr'><em>τοῦτ’</em></span> <span class='ocrx_word' id='word_1_208' title='bbox 1421 2344 1683 2413; x_wconf 81' lang='grc' dir='ltr'><em>ἐπισημη-</em></span> 
     </span>
     <span class='ocr_line' id='line_1_28' title="bbox 77 2420 1684 2498; baseline 0.003 -23"><span class='ocrx_word' id='word_1_209' title='bbox 77 2420 350 2492; x_wconf 81' lang='grc' dir='ltr'><em>ναμένους</em></span> <span class='ocrx_word' id='word_1_210' title='bbox 390 2420 509 2478; x_wconf 84' lang='grc' dir='ltr'><em>κατ’</em></span> <span class='ocrx_word' id='word_1_211' title='bbox 559 2420 728 2496; x_wconf 77' lang='grc' dir='ltr'><em>ἀρχὰς</em></span> <span class='ocrx_word' id='word_1_212' title='bbox 767 2424 863 2495; x_wconf 83' lang='grc' dir='ltr'><em>τῆς</em></span> <span class='ocrx_word' id='word_1_213' title='bbox 902 2423 1089 2481; x_wconf 76' lang='grc' dir='ltr'><em>αὐτῶν</em></span> <span class='ocrx_word' id='word_1_214' title='bbox 1130 2428 1389 2498; x_wconf 77' lang='grc' dir='ltr'><em>ἱστορίας.</em></span> <span class='ocrx_word' id='word_1_215' title='bbox 1462 2430 1507 2481; x_wconf 81' lang='grc'><em>9.</em></span> <span class='ocrx_word' id='word_1_216' title='bbox 1551 2423 1684 2497; x_wconf 74' lang='grc' dir='ltr'><em>μετὰ</em></span> 
     </span>
    </p>

    <p class='ocr_par' dir='ltr' id='par_1_6' title="bbox 22 2502 1684 2666">
     <span class='ocr_line' id='line_1_29' title="bbox 78 2502 1678 2582; baseline 0.004 -23"><span class='ocrx_word' id='word_1_217' title='bbox 78 2507 218 2576; x_wconf 80' lang='grc' dir='ltr'><em>γοῦν</em></span> <span class='ocrx_word' id='word_1_218' title='bbox 247 2502 349 2576; x_wconf 86' lang='grc' dir='ltr'><em>τὴν</em></span> <span class='ocrx_word' id='word_1_219' title='bbox 387 2506 1007 2582; x_wconf 86' lang='grc' dir='ltr'><em>τεσσαρακονταήμερον</em></span> <span class='ocrx_word' id='word_1_220' title='bbox 1045 2515 1307 2581; x_wconf 89' lang='grc' dir='ltr'><em>νηστείαν</em></span> <span class='ocrx_word' id='word_1_221' title='bbox 1346 2512 1438 2565; x_wconf 86' lang='grc' dir='ltr'><em>καὶ</em></span> <span class='ocrx_word' id='word_1_222' title='bbox 1467 2507 1564 2566; x_wconf 86' lang='grc' dir='ltr'><em>τὸν</em></span> <span class='ocrx_word' id='word_1_223' title='bbox 1595 2507 1678 2565; x_wconf 80' lang='grc' dir='ltr'><em>ἐπ’</em></span> 
     </span>
     <span class='ocr_line' id='line_1_30' title="bbox 22 2580 1684 2666; baseline 0.004 -22"><span class='ocrx_word' id='word_1_224' title='bbox 22 2580 34 2591; x_wconf 59' lang='grc'><strong><em>’</em></strong></span> <span class='ocrx_word' id='word_1_225' title='bbox 79 2584 223 2661; x_wconf 75' lang='grc' dir='ltr'><em>αὐτῇ</em></span> <span class='ocrx_word' id='word_1_226' title='bbox 253 2588 560 2663; x_wconf 85' lang='grc' dir='ltr'><em>πειρασμὸν</em></span> <span class='ocrx_word' id='word_1_227' title='bbox 590 2589 688 2647; x_wconf 87' lang='grc' dir='ltr'><em>τὸν</em></span> <span class='ocrx_word' id='word_1_228' title='bbox 717 2589 918 2664; x_wconf 90' lang='grc' dir='ltr'><em>χρόνον</em></span> <span class='ocrx_word' id='word_1_229' title='bbox 947 2595 1043 2664; x_wconf 77' lang='grc' dir='ltr'><em>τῆς</em></span> <span class='ocrx_word' id='word_1_230' title='bbox 1086 2598 1233 2659; x_wconf 84' lang='grc' dir='ltr'><em>ἰδίας</em></span> <span class='ocrx_word' id='word_1_231' title='bbox 1271 2598 1491 2666; x_wconf 86' lang='grc' dir='ltr'><em>γραφῆς</em></span> <span class='ocrx_word' id='word_1_232' title='bbox 1521 2589 1549 2649; x_wconf 84' lang='grc' dir='ltr'>ὁ</span> <span class='ocrx_word' id='word_1_233' title='bbox 1582 2594 1684 2665; x_wconf 76' lang='grc' dir='ltr'><em>μὲν</em></span> 
     </span>
    </p>
   </div>
   <div class='ocr_carea' id='block_1_6' title="bbox 802 2670 866 2694">
    <p class='ocr_par' dir='ltr' id='par_1_7' title="bbox 802 2670 866 2694">
     <span class='ocr_line' id='line_1_31' title="bbox 802 2670 866 2694; baseline 0.031 -2"><span class='ocrx_word' id='word_1_234' title='bbox 802 2670 866 2694; x_wconf 70' lang='lat'><em>“2</em></span> 
     </span>
    </p>
   </div>
   <div class='ocr_carea' id='block_1_7' title="bbox 1698 1015 1736 1045">
    <p class='ocr_par' dir='ltr' id='par_1_8' title="bbox 1698 1015 1736 1045">
     <span class='ocr_line' id='line_1_32' title="bbox 1698 1015 1736 1045; baseline 0.053 -2"><span class='ocrx_word' id='word_1_235' title='bbox 1698 1015 1736 1045; x_wconf 88' lang='grc'><em>10</em></span> 
     </span>
    </p>
   </div>
   <div class='ocr_carea' id='block_1_8' title="bbox 1699 1433 1740 1466">
    <p class='ocr_par' dir='ltr' id='par_1_9' title="bbox 1699 1433 1740 1466">
     <span class='ocr_line' id='line_1_33' title="bbox 1699 1433 1740 1466; baseline 0.049 -2"><span class='ocrx_word' id='word_1_236' title='bbox 1699 1433 1740 1466; x_wconf 90' lang='grc'><em>15</em></span> 
     </span>
    </p>
   </div>
   <div class='ocr_carea' id='block_1_9' title="bbox 1702 1857 1743 1888">
    <p class='ocr_par' dir='ltr' id='par_1_10' title="bbox 1702 1857 1743 1888">
     <span class='ocr_line' id='line_1_34' title="bbox 1702 1857 1743 1888; baseline 0.024 -1"><span class='ocrx_word' id='word_1_237' title='bbox 1702 1857 1743 1888; x_wconf 84' lang='grc'><em>20</em></span> 
     </span>
    </p>
   </div>
   <div class='ocr_carea' id='block_1_10' title="bbox 1705 2277 1746 2309">
    <p class='ocr_par' dir='ltr' id='par_1_11' title="bbox 1705 2277 1746 2309">
     <span class='ocr_line' id='line_1_35' title="bbox 1705 2277 1746 2309; baseline 0 0"><span class='ocrx_word' id='word_1_238' title='bbox 1705 2277 1746 2309; x_wconf 83' lang='grc'><em>25</em></span> 
     </span>
    </p>
   </div>
   <div class='ocr_carea' id='block_1_11' title="bbox 81 2674 1748 2749">
    <p class='ocr_par' dir='ltr' id='par_1_12' title="bbox 81 2674 1748 2749">
     <span class='ocr_line' id='line_1_36' title="bbox 81 2674 1748 2749; baseline 0.001 -21"><span class='ocrx_word' id='word_1_239' title='bbox 81 2680 378 2739; x_wconf 87' lang='grc' dir='ltr'><em>Ματθαῖος</em></span> <span class='ocrx_word' id='word_1_240' title='bbox 411 2679 573 2745; x_wconf 83' lang='grc' dir='ltr'><em>δηλοῖ</em></span> <span class='ocrx_word' id='word_1_241' title='bbox 600 2677 778 2746; x_wconf 86' lang='grc' dir='ltr'><em>λέγων</em></span> <span class='ocrx_word' id='word_1_242' title='bbox 838 2674 1078 2744; x_wconf 87' lang='grc' dir='ltr'><em>ακούσας</em></span> <span class='ocrx_word' id='word_1_243' title='bbox 1112 2675 1221 2734; x_wconf 82' lang='grc' dir='ltr'><em>δε</em></span> <span class='ocrx_word' id='word_1_244' title='bbox 1203 2675 1284 2734; x_wconf 90' lang='grc' dir='ltr'><em>ότι</em></span> <span class='ocrx_word' id='word_1_245' title='bbox 1305 2675 1559 2749; x_wconf 83' lang='grc' dir='ltr'><em>Ἰωάννης</em></span> <span class='ocrx_word' id='word_1_246' title='bbox 1583 2700 1680 2734; x_wconf 89' lang='grc' dir='ltr'><em>πα·</em></span> <span class='ocrx_word' id='word_1_247' title='bbox 1708 2699 1748 2731; x_wconf 85' lang='grc' dir='ltr'><em>3ο</em></span> 
     </span>
    </p>
   </div>
   <div class='ocr_carea' id='block_1_12' title="bbox 83 2795 414 2803">
    <p class='ocr_par' dir='ltr' id='par_1_13' title="bbox 83 2795 414 2803">
     <span class='ocr_line' id='line_1_37' title="bbox 83 2795 414 2803; baseline 0 371"><span class='ocrx_word' id='word_1_248' title='bbox 83 2795 414 2803; x_wconf 95' lang='lat' dir='ltr'><em> </em></span> 
     </span>
    </p>
   </div>
   <div class='ocr_carea' id='block_1_13' title="bbox 170 2867 1432 2989">
    <p class='ocr_par' dir='ltr' id='par_1_14' title="bbox 170 2867 1432 2989">
     <span class='ocr_line' id='line_1_38' title="bbox 200 2867 608 2920; baseline 0.005 -14"><span class='ocrx_word' id='word_1_249' title='bbox 200 2869 253 2906; x_wconf 84' lang='grc'><em>30</em></span> <span class='ocrx_word' id='word_1_250' title='bbox 282 2867 446 2908; x_wconf 82' lang='lat' dir='ltr'><strong>Matth.</strong></span> <span class='ocrx_word' id='word_1_251' title='bbox 469 2870 516 2920; x_wconf 85' lang='lat'><em>4,</em></span> <span class='ocrx_word' id='word_1_252' title='bbox 543 2869 608 2908; x_wconf 77' lang='lat'><em>12.</em></span> 
     </span>
     <span class='ocr_line' id='line_1_39' title="bbox 170 2938 1432 2989; baseline -0.001 -13"><span class='ocrx_word' id='word_1_253' title='bbox 170 2947 402 2977; x_wconf 71' lang='lat' dir='ltr'><strong>Ensmnns</strong></span> <span class='ocrx_word' id='word_1_254' title='bbox 436 2950 500 2981; x_wconf 82' lang='lat' dir='ltr'><em>IV.</em></span> <span class='ocrx_word' id='word_1_255' title='bbox 1088 2954 1095 2960; x_wconf 91' lang='lat'><strong>·</strong></span> <span class='ocrx_word' id='word_1_256' title='bbox 1402 2938 1432 2989; x_wconf 78' lang='grc'>8</span> 
     </span>
    </p>
   </div>
   <div class='ocr_carea' id='block_1_14' title="bbox 1986 0 2032 3174">
    <p class='ocr_par' dir='ltr' id='par_1_15' title="bbox 1986 0 2032 3174">
     <span class='ocr_line' id='line_1_40' title="bbox 1986 0 2032 3174; baseline 0 0"><span class='ocrx_word' id='word_1_257' title='bbox 1986 0 2032 3174; x_wconf 95' lang='lat' dir='ltr'><em> </em></span> 
     </span>
    </p>
   </div>
  </div>
 </body>
</html>
