1986 3152
624 110 782 153 ffls'r.
814 108 1064 150 ECCLES.
1098 109 1178 152 lx.
1211 111 1250 150 9.
1638 107 1744 160 435

132 227 309 298 μέγαν
359 225 681 299 θεράποντα
734 223 1019 296 Μωυσέα,
1070 224 1203 291 τούς
1256 225 1407 300 παρὰ
1458 230 1601 282 θεοῦ
1641 225 1742 297 τὴν

133 316 299 382 νίκην
330 308 643 383 ἀραμένους
674 308 818 366 αὐτοὶ
849 309 918 382 δὴ
949 308 1016 366 τὰ
1048 308 1186 366 κατὰ
1217 315 1320 366 τοῦ
1344 309 1512 366 πάλαι
1535 314 1735 367 δυσσε-

133 399 272 466 βοῦς
302 394 588 468 τυράννου
621 388 736 450 ὧδέ
763 416 879 460 πως
910 389 1189 467 άνυμνεῖν
1218 395 1311 450 καὶ
1342 395 1524 466 λέγειν
1547 389 1740 469 ((ᾄσω-

130 501 234 550 μεν
263 483 343 554 τῷ
374 485 584 555 κυρίῳ,
627 478 865 546 ἐνδόξως
895 477 1004 552 γάρ
1046 478 1385 546 δεδόξασται.
1446 483 1620 535 ἵππον
1649 479 1743 534 καὶ

132 561 420 635 ἀναβάτην
452 569 678 638 ἔρριψεν
704 569 783 629 εἰς
813 562 1111 620 θάλασσαν
1130 579 1140 588 ·
1170 563 1383 636 βοηθὸς
1407 564 1502 619 καὶ
1533 580 1739 620 σκεπα-
1765 583 1785 615 5

89 643 91 645 ¹
132 645 265 719 στής
316 670 425 718 μου
477 648 665 720 κύριος
720 646 942 719 ἐγένετό
991 672 1082 719 μοι
1124 653 1203 714 εἰς
1242 643 1588 721 σωτηρίαν·”
1648 648 1743 704 καὶ

126 729 248 798 “τίς
279 731 465 804 ὅμοιός
496 749 582 788 σοι
617 734 677 788 ἐν
708 740 892 803 θεοῖς,
924 731 1115 806 κύριε,
1146 739 1230 797 τίς
1262 732 1448 804 ὅμοιός
1481 750 1596 800 σοι;
1644 736 1740 788 δε-

130 817 468 889 δοξασμένος
501 819 561 872 ἐν
591 810 799 886 ἁγίοις,
839 815 1166 887 θαυμαστὸς
1211 817 1271 871 ἐν
1312 816 1524 887 δόξαις,
1566 821 1742 873 ποιῶν

131 898 389 972 τέρατα.”
445 904 493 956 9.
524 899 704 956 ταῦτά
724 923 783 956 τε
806 900 898 956 καὶ
925 898 1029 956 ὅσα
1059 899 1275 965 τούτοις
1306 897 1527 972 ἀδελφά
1557 923 1618 956 τε
1650 901 1742 955 καὶ

127 988 339 1058 ἐμφερῆ
369 990 799 1051 Κωνσταντῖνος
837 988 913 1060 τῷ
942 983 1290 1056 πανηγεμόνι
1327 985 1420 1040 καὶ
1450 989 1548 1056 τῆς
1578 990 1738 1056 νίκης
1769 1005 1806 1036 10

125 1074 285 1145 αἰτίῳ
335 1073 455 1145 θεῷ
497 1068 689 1135 αὐτοῖς
742 1074 922 1143 ἔργοις
974 1067 1339 1142 άνυμνήσας,
1394 1069 1486 1125 ἐπὶ
1531 1067 1740 1141 Ῥώμης

122 1151 243 1227 μετ’
290 1155 577 1210 ἐπινικίων
621 1153 950 1226 εἰσήλαυνε,
1004 1153 1234 1210 πάντων
1287 1151 1511 1228 ἀθρόως
1566 1151 1741 1210 αὐτὸν

124 1238 237 1310 ἅμα
289 1242 492 1311 κομιδῆ
533 1243 754 1310 νηπίοις
795 1239 889 1294 καὶ
934 1238 1189 1311 γυναιξὶ,
1243 1242 1357 1294 τῶν
1399 1260 1458 1293 τε
1489 1235 1599 1293 άπὸ
1641 1241 1739 1309 τῆς

128 1321 447 1395 συγκλήτου
478 1328 687 1395 βουλῆς
717 1323 946 1379 καὶτῶν
970 1322 1157 1379 ἄλλων
1181 1322 1599 1395 διασημοτάτων
1631 1319 1740 1378 σῦν

127 1408 296 1464 παντὶ
348 1407 505 1483 δήμῳ
563 1402 844 1480 Ῥωμαίων
895 1411 1156 1481 φαιδροῖς
1209 1406 1476 1480 ὄμμασιν,
1538 1405 1737 1472 αὐταῖς
1765 1425 1804 1458 15

129 1503 366 1564 ψυχαῖς,
419 1488 509 1548 οἷα
561 1490 884 1566 λυτρωτὴν,
939 1492 1161 1566 σωτῆρά
1203 1515 1261 1548 τε
1313 1492 1407 1547 καὶ
1448 1489 1742 1565 εὐεργέτην

127 1575 245 1650 μετ’
281 1571 572 1650 εὐφημιῶν
610 1577 704 1632 καὶ
750 1575 1035 1648 ἀπλήστου
1078 1581 1251 1650 χαρᾶς
1291 1571 1740 1648 ὑποδεχομένων.

133 1667 212 1718 10.
270 1656 299 1717 ὁ
342 1659 398 1717 δ’
447 1660 634 1735 ὥσπερ
688 1667 938 1735 ἔμφυτον
987 1660 1089 1734 τὴν
1145 1666 1224 1727 εἰς
1265 1660 1406 1717 θεὸν
1450 1656 1742 1732 εὐσέβειαν

128 1746 493 1819 κεκτημένος,
545 1741 680 1819 μηδ’
714 1745 858 1812 ὅλως
902 1747 992 1802 ἐπὶ
1033 1758 1154 1812 ταῖς
1195 1751 1354 1817 βοαῖς
1383 1741 1741 1801 ὑποσαλευό-

127 1853 323 1904 μενος,
353 1828 483 1903 μηδ’
520 1830 883 1905 ἐπαιρόμενος
912 1843 1030 1897 τοῖς
1063 1833 1339 1900 ἐπαίνοις,
1372 1824 1436 1886 εὗ
1467 1827 1614 1902 μάλα
1643 1834 1740 1901 τῆς
1764 1848 1806 1882 20

131 1918 190 1972 ἐκ
221 1919 364 1972 θεοῦ
402 1913 847 1988 συναισθόμενος
887 1921 1187 1988 βοηθείας,
1240 1912 1443 1971 αὐτίκα
1483 1918 1584 1970 τοῦ
1628 1931 1740 1970 σω-

130 2005 326 2074 τηρίου
379 1998 648 2073 τρόπαιον
701 2000 922 2066 πάθους
961 1996 1076 2057 ὑπὸ
1130 2011 1288 2073 χεῖρα
1333 2003 1479 2065 ἰδίας
1525 1998 1742 2064 εἰκόνος

133 2083 480 2156 ἀνατεθῆναι
530 2084 882 2159 προστάττει·
943 2086 1036 2141 καὶ
1088 2084 1156 2156 δὴ
1207 2084 1269 2140 τὸ
1324 2083 1596 2157 σωτήριον
1640 2087 1742 2139 τοῦ

130 2173 376 2243 σταυροῦ
417 2181 645 2243 σημεῖον
687 2170 777 2226 ἐπὶ
817 2174 886 2244 τῇ
929 2172 1081 2245 δεξιᾷ
1121 2170 1423 2241 κατέχοντα
1463 2167 1638 2224 αὐτὸν
1683 2170 1743 2223 ἐν

130 2259 207 2331 τῷ
246 2251 483 2326 μάλιστα
524 2259 639 2311 τῶν
686 2255 777 2311 ἐπὶ
810 2249 1017 2328 Ῥώμης
1060 2254 1546 2330 δεδημοσιευμένῳ
1586 2252 1740 2328 τόπῳ
1765 2270 1807 2302 25

130 2337 462 2411 στήσαντες,
515 2334 695 2411 αὐτὴν
747 2338 816 2412 δὴ
868 2339 1078 2412 ταύτην
1128 2337 1473 2412 ὑπογραφὴν
1526 2336 1743 2405 ἐντάξαι

132 2423 369 2496 ῥήμασιν
428 2420 620 2489 αὐτοῖς
679 2427 750 2497 τῇ
803 2418 1088 2496 Ῥωμαίων
1149 2422 1495 2494 ἐγκελεύεται
1547 2427 1740 2495 φωνῇ’

134 2513 216 2564 11.
281 2503 496 2580 “του’τῳ
554 2512 633 2584 τῷ
694 2507 1031 2582 σωτηριωδει
1071 2514 1309 2583 σημείῳ,
1368 2511 1446 2582 τῷ
1487 2503 1742 2581 άληθινῷ

132 2594 336 2670 ἐλέγχῳ
378 2598 474 2665 τῆς
519 2590 811 2665 ἀνδρείας,
857 2591 964 2665 τὴν
1005 2592 1168 2649 πόλιν
1212 2590 1374 2664 ὑμῶν
1415 2589 1526 2648 άπὸ
1570 2595 1742 2661 ζυγοῦ

129 2683 230 2735 τοῦ
281 2677 564 2751 τυράννου
618 2681 997 2734 διασωθεῖσαν
1047 2675 1440 2750 ἠλευθέρωσα·
1503 2681 1579 2747 ἔτι
1629 2673 1805 2747 μὴν3ο

245 2875 270 2914 3
301 2871 445 2913 Exod.
469 2874 536 2924 15,
562 2875 600 2916 1.

1377 2937 1486 2988 28²*-
