1986 3152
523 96 681 138 HtsT.
711 95 959 136 ECCLES.
993 96 1078 137 111.
1111 98 1178 137 29.
1203 99 1270 138 30.
1603 94 1701 144 121

97 216 306 274 ἐνδεῶν
355 218 629 287 θεραπείᾳ
680 212 1216 284 προκεχειρισμένων
1267 209 1496 284 ηὔχουν.
1568 208 1598 268 ὅ
1640 234 1704 284 γε

96 295 206 370 μὴν
230 294 619 368 Ἀλεξανδρεὺς
651 296 877 369 Κλήμης
911 299 971 352 ἐν
999 301 1164 370 τρίτῳ
1196 310 1504 369 στρωματεῑ
1530 301 1704 353 ταῦτα

96 384 222 454 περὶ
253 377 425 437 αὐτοῦ
456 379 592 437 κατὰ
622 383 768 448 λέξιν
801 385 1011 452 ιστορεῖ
1036 378 1125 437 2.
1129 375 1381 452 ωραίαν,
1414 382 1574 452 φασὶ,
1607 406 1703 452 γυ-

90 462 290 522 ‘vaona
322 470 463 538 ἔχων
493 488 652 531 ουτος
682 487 816 537 μετα
846 463 949 536 τὴν
979 461 1256 535 ἀνάληψιν
1286 464 1386 535 τὴν
1409 467 1509 521 τοῦ
1532 468 1704 536 σωτῆ-

87 548 219 622 “ρος
243 549 380 622 πρὸς
403 554 516 606 τῶν
546 547 867 605 ἀποστόλων
898 546 1232 613 ὀνειδισθεὶς
1264 555 1596 620 ζηλοτυπίαν
1627 555 1703 614 εἰς

90 632 295 705 “με’σον
316 631 541 705 ἀγαγών
562 630 664 704 τὴν
687 645 925 704 γυναῖκα
949 634 1117 703 γῆμαι
1140 636 1214 707 τῷ
1240 636 1560 708 βουλομένῳ
1587 635 1705 691 ε’πέ-

88 716 341 790 “τρεψεν.
394 716 710 773 ἀκόλουθον
738 714 844 787 γὰρ
878 715 1025 772 εἷναί
1050 733 1188 787 φασι
1216 715 1319 787 τὴν
1350 720 1550 790 πρᾶξιν
1577 716 1705 774 ταύ-

88 797 226 872 “την
259 803 440 874 ἐκείνῃ
471 803 538 874 τῇ
567 804 759 874 φωνῇ,
802 803 867 873 τῇ
908 798 990 855 ὅτι
1021 805 1414 872 παραχρᾶσθαι
1443 805 1508 873 τῇ
1542 804 1704 872 σαρκὶ

91 883 230 941 “δεῑ.
284 885 376 940 καὶ
411 882 478 955 δὴ
510 882 1100 955 κατακολουθήσαντες
1140 886 1216 959 τῷ
1249 886 1598 960 γεγενημένῳ
1630 889 1708 959 τῷ

88 964 183 1025 Ητε
225 970 495 1044 εἰρημένω
546 967 731 1034 ἁπλῶς
771 970 863 1024 καὶ
904 966 1290 1038 ἀβασανίστως
1342 964 1583 1040 ἀναίδην
1625 971 1706 1024 ἐκ·

88 1050 500 1125 “πορνευόυσιν
554 1058 608 1109 οἱ
657 1050 760 1123 τὴν
811 1057 1027 1127 αἵρεσιν
1079 1048 1250 1108 αὐτοῦ
1304 1051 1595 1125 μετιόντες.
1657 1057 1704 1109 3.

89 1132 483 1209 “πυνθάνομαι
526 1135 574 1193 δ’
626 1137 730 1208 ἐγω
783 1136 882 1193 τὸν
920 1134 1205 1193 Νικόλαον
1256 1141 1496 1212 μηδεμιᾷ
1549 1139 1706 1211 ἑτέρα

91 1216 261 1325 eewocQ'
307 1245 380 1293 ην
424 1227 590 1294 ἔγημε
622 1225 930 1295 κεχρῆσθαι
959 1223 1212 1292 γυναικὶ,
1253 1245 1367 1278 των
1399 1243 1458 1277 τε
1490 1225 1707 1277 ἐκείνου

91 1303 339 1361 “τέκνων
379 1329 474 1371 τας
515 1329 616 1378 μεν
653 1311 886 1406 θηλείας
938 1303 1314 1377 καταγηράσαι
1367 1307 1704 1378 παρθένους,

87 1383 383 1488 ἶᾶφθορον
415 1390 476 1446 δε
509 1395 790 1461 διαμειναι
819 1389 915 1446 τὸν
943 1387 1087 1446 υιόν.
1152 1389 1231 1446 ὠν
1260 1388 1434 1454 οὕτως
1467 1388 1707 1462 ἐχόντων

90 1468 376 1546 “ἀποβολὴ
408 1471 626 1538 πάθους
656 1474 728 1545 ἠν
758 1472 790 1546 ἡ
825 1479 902 1540 είς
932 1475 1102 1546 μέσον
1130 1497 1242 1529 των
1265 1471 1591 1530 ἀποστόλων
1614 1476 1708 1545 τῆς

89 1556 599 1630 “ζηλοτυπουμένης
643 1557 965 1630 ἐγκύκλησις
995 1555 1285 1629 γυναικὸς,
1327 1560 1420 1614 καὶ
1451 1556 1483 1630 ἡ
1516 1556 1708 1630 ἐγκρά-

91 1637 245 1698 “teca
274 1647 387 1698 τῶν
417 1640 913 1713 περισπουδάστων
943 1641 1165 1713 ἡδονῶν
1194 1641 1254 1698 τὸ
1277 1641 1708 1715 “παραχρᾶσθαι

47 1750 50 1752 ’
90 1720 195 1828 ἶτῇ
225 1724 408 1798 σαρκὶ’
464 1728 773 1783 ἐδίδασκεν.
834 1725 900 1782 οὐ
942 1725 1046 1799 γὰρ
1088 1725 1240 1799 οἶμαι
1283 1725 1539 1798 ἐβούλετο
1571 1725 1709 1782 κατὰ

93 1805 231 1881 “τὴν
269 1814 366 1866 τοῦ
408 1814 651 1884 σωτῆρος
694 1809 922 1883 ἐντολὴν
964 1813 1094 1867 δυσὶ
1139 1816 1351 1881 κυρίοις
1394 1809 1704 1881 δουλεύειν,

91 1892 326 1996 ἶὴδονῇ.
344 1896 435 1951 καὶ
475 1899 667 1970 κυρίω.
728 1899 776 1951 4.
821 1897 1044 1966 λέγουσι
1077 1892 1129 1951 δ’
1164 1895 1266 1952 οὐν
1296 1897 1388 1951 καὶ
1419 1893 1515 1951 τὸν
1545 1902 1708 1950 Ματ-

93 1976 268 2035 “θίαν
298 1975 441 2035 οὕτω
475 1978 724 2049 διδάξαι,
768 1981 930 2052 σαρκὶ
973 2003 1075 2051 μεν
1105 1977 1380 2052 μάχεσθαι
1411 1981 1503 2035 καὶ
1534 2001 1707 2051 παρα-

93 2057 402 2134 “χροῖσθαι,
445 2064 619 2135 μηδὲν
661 2060 801 2138 αὐτῇ
833 2061 968 2136 πρὸς
998 2060 1210 2136 ἡδονὴν
1243 2062 1558 2134 ἐνδιδόντα,
1603 2076 1706 2131 ψυ-

89 2143 232 2219 “χὴν
286 2143 342 2202 δ’
386 2145 574 2215 αὔξειν
616 2146 707 2203 διὰ
745 2154 982 2214 πίστεως
1023 2150 1115 2204 καὶ
1161 2144 1465 2220 γνώσεως.”
1537 2149 1708 2203 ταῦτα

98 2231 200 2302 μὲν
240 2223 344 2288 οὖν
382 2234 508 2304 περὶ
549 2237 662 2288 τῶν
702 2231 840 2289 κατὰ
879 2232 1007 2298 τοὺς
1049 2234 1424 2305 δηλουμένους
1475 2230 1707 2304 χρόνους

102 2318 561 2387 παραβραβεῦσαι
600 2317 703 2389 τὴν
754 2314 1026 2388 ἀλήθειαν
1079 2315 1566 2390 ἐγκεχειρηκότων,
1623 2314 1708 2371 λό-

25 2411 32 2424 ’
102 2420 203 2469 γου
233 2421 296 2468 γε
325 2398 435 2470 μὴν
464 2402 673 2457 θᾶττον
705 2406 781 2466 εἰς
810 2401 870 2457 τὸ
902 2403 1165 2468 παντελὲς
1188 2398 1602 2472 ἀπεσβηκότων,
1636 2406 1707 2456 εἰ·

102 2480 312 2553 ρήσθω.

228 2576 374 2624 ΧΧΧ
421 2575 552 2641 [Nic.
582 2579 638 2626 H.
669 2579 722 2627 E.
751 2579 818 2635 11,
845 2578 971 2645 44]..
1011 2565 1068 2626 ὀ
1112 2571 1297 2642 μέντοι
1339 2567 1597 2641 Κλήμης,
1642 2558 1709 2623 οὗ

102 2648 195 2715 τὰς
219 2648 408 2720 φωνὰς
433 2649 632 2723 ἀρτίως
655 2649 995 2725 ἀνέγνωμεν,
1011 2667 1124 2719 τοῖς
1149 2656 1562 2727 προειρημένοις
1587 2654 1706 2722 ἑξῆς

217 2844 242 2882 2
274 2842 484 2884 Clemens
508 2842 671 2884 Strom.
693 2846 741 2895 3,
764 2846 804 2884 4.
827 2857 868 2898 p.
891 2847 986 2886 522.

1727 568 1752 601 5

1731 989 1777 1021 10

1731 1409 1777 1442 15

1730 1829 1777 1860 20·

1731 2253 1779 2287 25

1731 2671 1779 2702 30
