1986 3152
594 87 751 130 HIST.
780 87 1029 129 ECCLES.
1063 90 1137 129 VI.
1171 92 1210 132 2.
1608 89 1710 139 ‘241

96 210 360 280 προνοίας
405 209 482 269 εἰς
523 201 624 274 τὴν
666 210 941 260 πλείστων
983 201 1259 276 ὠφέλειαν
1293 203 1383 261 διά
1414 209 1510 277 τῆς
1541 202 1715 262 αὐτοῦ

95 287 299 365 μητρὸς
360 286 618 362 ε’μποδών
677 285 826 364 αὐτῷ
885 290 982 360 τῆς
1042 295 1358 362 προθυμίας
1427 288 1709 361 ἐνστάσης.

93 379 145 432 5.
193 371 331 445 αὕτη
374 375 512 445 γοῦν
551 369 616 427 τά
656 372 758 443 μὲν
796 375 986 445 πρώτα
1027 371 1212 445 λόγοις
1256 372 1579 431 ἱκετεύουσα
1616 377 1712 444 τῆς

101 458 227 531 περὶ
268 456 441 514 αὐτὸν
474 459 738 530 μητρικῆς
772 458 1076 523 διαθέσεως
1107 456 1283 530 φειδῶ
1315 464 1510 530 λαβεῖν
1540 481 1710 528 παρε-

97 541 284 614 κάλει,
329 539 705 615 σφοδρότερον
753 538 802 596 δ’
844 544 1190 599 ἐπιτείναντα
1230 543 1582 615 θεασαμένη,
1621 540 1712 599 ὅτε

95 625 264 698 γνοὺς
305 623 508 682 ἁλόντα
553 626 651 681 τὸν
681 627 889 696 πατέρα
922 631 1279 701 δεσμωτηρίῳ
1311 625 1711 699 φυλάττεσθαι,

91 708 227 776 ὅλος
261 713 468 782 ἐγίνετο
499 712 595 780 τῆς
620 710 744 780 περὶ
769 707 830 764 τὸ
856 707 1159 781 μαρτύριον
1183 705 1374 781 ὁρμῆς,
1405 709 1506 782 τὴν
1530 715 1713 768 πᾶσαν

112 791 286 851 αὐτοῦ
326 793 762 864 ἀποκρυψαμένη
804 794 1012 864 ἐσθῆτα
1050 802 1191 850 οἴκοι
1235 796 1426 866 μένειν
1465 793 1714 866 ἀνάγκην

99 883 322 951 ἐπῆγεν.
385 882 432 934 6.
467 872 495 933 ὁ
529 877 619 949 δὲ,
666 871 739 943 ὥς
770 873 939 933 οὐδὲν
969 874 1105 933 ἄλλο
1135 876 1396 951 πράττειν
1428 876 1576 954 αὐτῷ
1607 901 1714 935 πα-

99 966 225 1035 ρῆν,
255 965 350 1034 τῆς
381 967 699 1034 προθυμίας
729 955 871 1031 ὑπὲρ
902 959 1005 1033 τὴν
1034 957 1256 1034 ἡλικίαν
1283 964 1710 1036 ε’πιτεινομένης,

97 1046 200 1120 οὐχ
243 1044 358 1114 οἶός
387 1070 444 1103 τε
477 1041 556 1103 ὧν
585 1043 841 1118 ἠρεμεῖν,
888 1047 1250 1119 διαπέμπεται
1280 1049 1358 1123 τῷ
1386 1048 1554 1118 πατρὶ
1583 1070 1713 1119 προ-

98 1129 544 1204 τρεπτικωτάτην
584 1132 711 1203 περὶ
751 1136 1060 1203 μαρτυρίου
1092 1129 1367 1199 συντάξας
1399 1131 1711 1203 ἐπιστολὴν,

103 1219 163 1273 ἐν
206 1207 244 1288 ᾗ
275 1214 410 1272 κατὰ
441 1217 589 1283 λέξιν
621 1238 768 1272 αυτω
800 1227 1063 1312 παραινεῖ
1099 1213 1311 1289 εἔπεχε,
1354 1213 1428 1288 μὴ
1461 1213 1539 1272 δι’
1573 1214 1713 1288 ἡμᾶς

91 1297 263 1357 “άλλο
304 1326 355 1357 τι
396 1297 731 1402 φρονῆσῃς”.
803 1302 964 1356 τοῦτο
1006 1304 1227 1373 πρῶτον
1266 1303 1363 1371 τῆς
1397 1297 1712 1373 Ώριγένους

99 1388 357 1458 παιδικῆς
390 1383 672 1457 ἀγχινοίας
702 1385 795 1439 καὶ
826 1385 952 1454 περὶ
983 1381 1086 1456 τὴν
1115 1386 1447 1455 θεοσέβειαν
1476 1405 1711 1456 γνησιω-

99 1467 262 1541 τάτης
297 1471 602 1534 διαθέσεως
627 1466 983 1541 ἀνάγραπτον
1007 1474 1144 1525 ἔστω
1169 1468 1476 1543 τεκμήριον.
1541 1472 1586 1525 7.
1622 1470 1713 1524 καὶ

100 1553 204 1627 γὰρ
250 1551 357 1625 ἤδη
408 1555 499 1609 καὶ
548 1557 661 1609 τῶν
707 1555 802 1624 τῆς
846 1558 1080 1619 πίστεως
1132 1551 1314 1624 λόγων
1364 1551 1432 1610 οὐ
1484 1550 1715 1626 σμικράς

99 1636 355 1710 ἀφορμάς
415 1639 818 1709 καταβέβλητο,
878 1650 997 1702 ταῖς
1047 1644 1231 1703 θείαις
1283 1650 1524 1711 γραφαῖς
1578 1639 1715 1705 ἐξέτι

100 1720 298 1788 παιδὸς
359 1723 744 1794 ε’νησκημένος.
834 1719 901 1777 οὐ
959 1727 1191 1795 μετρίως
1250 1725 1389 1793 γοῦν
1443 1723 1535 1778 καὶ
1589 1723 1716 1796 περὶ

101 1811 274 1863 ταῦτα
305 1804 599 1879 πεπόνητο,
632 1808 732 1862 τοῦ
762 1803 963 1877 πατρὸς
997 1803 1146 1881 αὐτῷ
1174 1806 1308 1879 πρὸς
1331 1811 1396 1880 τῇ
1421 1809 1532 1862 τῶν
1559 1807 1714 1878 ἐγκυ-
1739 1824 1757 1853 2

103 1897 277 1948 κλίων
327 1895 553 1966 παιδείᾳ
603 1892 694 1947 καὶ
741 1889 956 1947 τούτων
1006 1886 1072 1946 οὐ
1119 1890 1256 1946 κατά
1296 1890 1574 1963 πάρεργον
1613 1890 1715 1962 τὴν

103 1980 377 2048 φροντίδα
418 1976 805 2048 πεποιημένου.
871 1979 918 2031 8.
967 1977 1019 2042 ἐξ
1064 1971 1305 2040 ἅπαντος
1349 1977 1485 2047 γοῦν
1525 1973 1714 2046 αὐτὸν,

103 2059 209 2133 πρὸ
249 2065 344 2131 τῆς
384 2065 497 2116 τῶν
518 2058 855 2132 Ἑλληνικῶν
884 2057 1228 2132 μαθημάτων
1258 2061 1512 2132 μελέτης,
1556 2061 1716 2131 ἐνῆγε

104 2159 216 2210 τοῖς
249 2149 415 2216 ἱεροῖς
447 2147 805 2202 ε’νασκεῖσθαι
832 2142 1225 2216 παιδεύμασιν,
1260 2142 1594 2216 ε’κμαθήσεις
1626 2145 1716 2198 καὶ

103 2226 442 2300 ἀπαγγελίας
492 2227 696 2302 ἡμέρας
751 2226 981 2300 ἑκάστης
1026 2226 1197 2285 αὐτὸν
1239 2226 1712 2302 εἰσπραττόμενος.
1741 2265 1758 2274 -

103 2317 154 2369 9.
188 2309 290 2369 οὐκ
321 2309 689 2387 ἀπροαιρέτως
723 2313 783 2370 δὲ
813 2315 985 2370 ταῦτα
1017 2316 1228 2385 ἐγίνετο
1258 2316 1333 2388 τῷ
1365 2314 1542 2383 παιδὶ,
1578 2309 1718 2368 ἀλλά

106 2398 197 2453 καὶ
228 2393 371 2468 ἄγαν
402 2396 797 2470 προθυμότατα
823 2399 949 2470 περὶ
975 2401 1146 2454 ταῦτα
1168 2401 1452 2470 πονοῦντι,
1485 2395 1557 2462 ὡς
1581 2395 1712 2470 μηδ’

107 2483 360 2553 ἐξαρκεῖν
399 2479 546 2557 αὐτῷ
587 2481 683 2548 τὰς
717 2480 894 2547 ἁπλᾶς
925 2483 1017 2538 καὶ
1048 2488 1376 2556 προχείρους
1405 2484 1518 2539 τῶν
1553 2485 1719 2552 ἱερῶν

108 2564 288 2636 λόγων
322 2566 618 2639 ἐντεύξεις,
660 2573 839 2637 ζητεῖν
881 2567 948 2622 δέ
983 2590 1034 2622 τι
1073 2569 1242 2623 πλέον
1279 2568 1370 2623 καὶ
1402 2567 1718 2638 βαθυτέρας

107 2646 215 2721 ’ἤδη
257 2652 310 2717 ἐξ
353 2652 570 2707 ἐκείνου
610 2658 1097 2723 πολυπραγμονεῖν
1136 2657 1408 2724 θεωρίας,
1454 2648 1594 2707 ὥστε
1625 2651 1715 2706 καὶ

110 2732 402 2806 πράγματα
433 2737 692 2808 παρέχειν
720 2738 798 2810 τῷ
838 2736 1002 2807 πατρὶ
1044 2741 1102 2792 τί
1138 2732 1243 2808 ἀρα
1287 2738 1468 2793 ε’θέλοι
1511 2736 1717 2806 δηλοῦν

108 2816 169 2874 τὸ
214 2824 309 2890 τῆς
354 2818 739 2876 θεοπνεύστου
769 2823 984 2892 γραφῆς
1015 2815 1550 2891 ἀναπυνθανόμενος
1582 2815 1715 2888 βού-

196 2925 423 2954 F-USEBIUS
450 2928 512 2956 IV.
1310 2913 1374 2963 16

1735 560 1755 592 5

1738 981 1776 1011 10

1738 1401 1777 1432 15

1740 2665 1780 2695 30
