1986 3152
286 138 388 188 27ss
960 133 1204 173 Evsssssn

280 258 406 322 βίου
448 254 547 306 τοῦ
589 247 722 306 καθ’
758 247 899 320 ἡμᾶς
944 250 1097 319 ἱεροῦ
1128 246 1403 322 μάρτυρος
1433 244 1788 322 ἀναγραφῆς,
1829 251 1890 306 ἐν

279 335 313 407 ᾖ
357 333 457 405 τὴν
500 335 626 405 περὶ
666 331 731 389 τὰ
772 342 902 389 θεῖα
943 329 1199 404 σπουδὴν
1239 334 1339 388 τοῦ
1370 337 1674 404 Παμφίλου
1714 328 1889 406 ὁπόση

279 442 356 483 τις
388 415 604 488 γεγόνει
634 419 1036 489 παριστῶντες,
1068 421 1164 487 τῆς
1195 421 1569 488 συναχθείσης
1599 413 1748 494 αὐτῷ
1778 420 1891 474 τῶν

281 525 339 557 τε
377 498 696 573 Ὠριγένους
739 502 831 556 καὶ
872 502 985 557 τεᾶν
1023 497 1208 556 ἄλλων
1251 502 1715 573 ἐκκλησιαστικῶν
1753 520 1890 573 συγ-

239 587 542 658 5γραφέων
585 582 950 656 βιβλιοθήκης
990 583 1116 649 τοὺς
1157 589 1394 649 πίνακας
1435 585 1788 659 παρεθέμην,
1835 589 1890 652 ἐξ

280 661 359 726 ὦν
389 668 494 745 ὅτῳ
526 676 693 741 φίλον
733 666 998 742 πάρεστιν
1039 670 1396 726 ἐντελέστατα
1435 671 1547 724 τῶν
1572 665 1890 740 Ὠριγένους

277 751 469 810 πόνων
518 753 584 810 τά
638 758 715 819 εἰς
767 748 908 826 ἡμᾶς
962 750 1201 809 ἐλθόντα
1254 756 1574 824 διαγνῶναι.
1657 754 1788 810 νυνὶ
1828 753 1891 809 δὲ

279 839 580 908 πορευτέον
611 839 701 894 ἐπὶ
730 836 832 908 τὴν
861 839 955 910 τῆς
990 841 1232 910 ἱστορίας
1262 833 1624 894 ἀκολουθίαν.

407 932 622 981 XXXIII.
681 931 810 996 [Nic.
838 932 897 984 H.
926 932 981 980 E.
1011 933 1049 980 V
1075 928 1185 996 22]
1282 918 1570 992 Βήρυλλος
1628 920 1657 977 ὁ
1715 923 1895 997 μικρῷ

219 1025 258 1057 10
282 1004 534 1077 πρόσθεν
565 1006 945 1077 δεδηλωμένος
968 1007 1231 1075 Βοστριὸν
1260 1007 1355 1077 τῆς
1382 1002 1641 1077 Ἀραβίας
1675 1007 1889 1062 ἐπίσκο-

279 1112 407 1161 πος,
450 1089 546 1146 τὸν
579 1086 1027 1162 ἐκκλησιαστικὸν
1057 1090 1456 1160 παρεκτρέπων
1486 1087 1728 1160 κανόνα,
1764 1090 1893 1157 ξένα

279 1172 402 1230 τινὰ
431 1176 525 1246 τῆς
556 1179 793 1238 πίστεως
825 1175 1216 1246 παρεισφέρειν
1242 1175 1516 1244 ἐπειρᾶτο,
1548 1171 1647 1229 τὸν
1670 1179 1892 1245 σωτῆρα

282 1259 372 1314 καὶ
425 1256 620 1329 κύριον
665 1253 826 1328 ἡμῶν
877 1259 1061 1328 λέγειν
1100 1262 1319 1328 τολμῶν
1357 1254 1433 1356 μὴ
1473 1255 1894 1329 προϋφεστάναι

281 1338 398 1397 κατ’
447 1346 599 1397 ἰδίαν
640 1339 831 1406 οὐσίας
874 1340 1226 1413 περιγραφὴν
1269 1338 1373 1414 πρὸ
1412 1343 1509 1410 τῆς
1551 1346 1629 1407 εἰς
1667 1337 1896 1413 ἀνθρώ-

220 1442 260 1474 15
283 1448 420 1491 πους
454 1428 772 1498 ἐπιδημίας,
805 1426 946 1497 μηδε
975 1423 1087 1498 μὴν
1117 1423 1359 1497 θεότητα
1391 1429 1542 1482 ἰδίαν
1573 1431 1736 1498 ἔχειν,
1768 1422 1888 1481 ἀλλ’

283 1512 782 1582 ἐμπολιτευομένην
822 1508 972 1585 αὐτῷ
1012 1507 1191 1582 μόνην
1230 1507 1332 1581 τὴν
1366 1507 1654 1583 πατρικήν.
1720 1513 1770 1566 2.
1806 1511 1896 1566 ἐπὶ

282 1592 456 1671 τούτῳ
509 1600 785 1651 πλείστων
827 1592 1142 1650 ἐπισκόπων
1183 1591 1427 1666 ζητήσεις
1469 1595 1561 1651 καὶ
1605 1591 1897 1666 διαλόγους

284 1676 419 1750 πρὸς
448 1676 544 1734 τὸν
574 1676 753 1751 ἀνδρα
785 1681 1191 1751 πεποιημένων,
1223 1676 1352 1751 μεθ’
1386 1680 1590 1750 ἑτέρων
1619 1686 1897 1750 παρακλη-

285 1764 407 1828 θεὶς
433 1759 718 1834 Ὡριγένης
762 1761 972 1819 κάτεισι
1012 1786 1116 1835 μεν
1147 1768 1225 1828 εἰς
1256 1760 1479 1834 ὁμιλίαν
1508 1761 1574 1818 τὰ
1604 1765 1793 1832 πρῶτα
1821 1764 1899 1838 τῷ

223 1864 264 1895 20
287 1846 481 1919 ἀνδρὶ,
513 1854 637 1903 τίνα
667 1851 813 1904 νοῦν
843 1853 955 1919 ἔχοι
986 1844 1466 1919 ἀποπειρώμενος,
1500 1844 1572 1913 ὡς
1606 1843 1658 1903 δ’
1694 1851 1836 1918 ἔγνω
1867 1842 1896 1902 ὅ

287 1956 338 1987 τι
369 1933 460 1987 καὶ
493 1933 669 2003 λέγοι,
713 1928 960 1999 εὐθύνας
991 1929 1064 2004 μὴ
1095 1927 1534 2004 ὀρθοδοξοῦντα,
1567 1935 1810 2006 λογισμῷ
1839 1953 1899 1988 τε

289 2020 482 2082 πείσας
521 2017 616 2071 καὶ
655 2013 935 2083 ἀποδείξει
974 2012 1273 2087 ἀναλαβών
1304 2012 1504 2087 αὐτὸν,
1544 2018 1613 2088 τῇ
1643 2016 1770 2088 περὶ
1798 2018 1897 2071 τοῦ

291 2097 564 2170 δόγματος
607 2101 896 2171 ἐφίστησιν
935 2096 1201 2174 ἀληθεία,
1257 2102 1347 2156 ἐπί
1386 2123 1446 2157 τε
1485 2098 1586 2171 τὴν
1625 2101 1899 2174 προτέραν

288 2178 417 2254 ὑγιῆ
461 2181 629 2250 δόξαν
668 2181 1092 2254 ἀποκαθίστησι.
1154 2187 1202 2240 3.
1237 2185 1329 2239 καὶ
1370 2185 1601 2257 φέρεταί
1640 2207 1702 2255 γε
1734 2184 1900 2240 εἰσέτι

228 2283 269 2314 25
291 2270 401 2323 νῦν
442 2271 693 2338 ε”γγραφα
731 2269 830 2323 τοῦ
873 2290 930 2323 τε
970 2267 1262 2339 Βηρύλλου
1314 2269 1404 2323 καὶ
1456 2271 1555 2339 τῆς
1608 2265 1681 2324 δι’
1729 2264 1901 2325 αὐτὸν

291 2354 590 2423 γενομένης
622 2349 886 2421 συνόδου,
918 2346 1059 2422 ὁμοῦ
1089 2349 1185 2417 τάς
1213 2347 1530 2424 ᾨριγένους
1560 2351 1699 2425 πρὸς
1730 2348 1902 2409 αὐτὸν

293 2433 536 2506 ζητήσεις
577 2436 667 2490 καὶ
707 2432 801 2499 τὰς
844 2440 1133 2507 λεχθείσας
1167 2438 1254 2491 ἐπὶ
1285 2441 1379 2508 τῆς
1411 2434 1580 2494 αὐτοῦ
1611 2444 1901 2510 παροικίας

295 2520 593 2590 διαλέξεις,
633 2516 836 2575 ἕκαστοί
874 2542 932 2575 τε
971 2523 1082 2576 τῶν
1122 2520 1246 2577 τότε
1287 2522 1693 2593 πεπραγμένων
1723 2522 1899 2592 περιέ·

295 2626 474 2675 χοντα.
537 2607 584 2658 4.
618 2604 708 2658 καὶ
749 2600 887 2659 ἄλλα
926 2604 1028 2676 μὲν
1066 2595 1170 2661 οὖν
1213 2611 1386 2678 μυρία
1416 2603 1734 2677 ’.Ωριγένους
1775 2607 1900 2677 πέρι

232 2702 273 2735 30
297 2685 483 2760 μνήμῃ
524 2685 896 2756 παραδιδόασι
935 2691 1046 2745 τῶν
1086 2686 1220 2746 καθ’
1253 2685 1393 2762 ἡμᾶς
1433 2694 1489 2747 οἱ
1516 2686 1898 2762 πρεσβύτεροι,

297 2767 332 2826 ὁὶ
362 2773 453 2827 καὶ
484 2769 753 2843 παρήσειν
782 2795 872 2844 μοι
905 2775 1077 2844 δοκῶ,
1110 2771 1176 2829 οὐ
1206 2779 1301 2846 τῆς
1334 2771 1638 2846 ἐνεστώσης
1670 2772 1900 2846 ἐχόμενα

297 2862 693 2930 πραγματείας·
743 2852 846 2912 ὅσα
878 2856 939 2912 δὲ
969 2854 1243 2929 ἀναγκαῖα
1273 2862 1385 2915 τῶν
1414 2859 1540 2931 περὶ
1573 2857 1744 2915 αὐτὸν
1776 2863 1899 2914 δια-
