1986 3152
287 101 391 152 206
958 99 1203 138 EUSEBH

279 213 534 286 “δωρεάν
579 223 772 286 εἴληφε
811 213 959 286 παρὰ
998 218 1167 284 θεοῦ,
1213 210 1431 284 δωρεὰν
1469 215 1560 269 καὶ
1595 209 1891 271 διακονεῑ.”

285 306 332 357 6.
375 302 467 355 καὶ
501 302 560 354 ἐν
591 302 758 373 ἑτέρῳ
791 298 853 354 δὲ
881 296 1032 373 τόπῳ
1061 293 1091 354 ὁ
1123 294 1287 362 αὐτὸς
1318 295 1523 368 γράφει
1546 292 1772 363 “καθώς
1803 297 1895 354 καὶ

278 379 536 439 “πολλῶν
577 380 853 454 ἀκούομεν
893 378 1160 454 ἀδελφῶν
1202 384 1262 437 ἐν
1291 384 1358 454 τῇ
1391 384 1652 455 ἐκκλησίᾳ
1682 404 1895 454 προφη-

279 463 438 523 “uude
479 472 785 538 χαρίσματα
819 464 1086 538 ἐχόντων,
1127 466 1220 520 καὶ
1251 470 1632 530 παντοδαπαῖς
1663 464 1895 523 λαλούν-

242 547 427 611 5“των
470 549 560 607 διὰ
598 553 698 606 τοῦ
738 549 1050 622 πνεύματος
1092 547 1392 621 γλώσσαις,
1447 551 1538 606 καὶ
1580 548 1645 605 τὰ
1685 548 1898 623 κρύφια

277 631 426 691 “τῶν
467 632 791 704 ἀνθρώπων
833 640 909 700 εἰς
953 633 1202 707 φανερὸν
1239 631 1491 704 ἀγόντων
1534 635 1622 690 ἐπὶ
1652 636 1729 709 τῷ
1759 651 1895 706 συμ-

278 715 561 791 “φέροντι,
595 721 686 775 καὶ
717 719 783 775 τὰ
814 717 1089 792 μυστήρια
1113 720 1211 775 τοῦ
1233 721 1372 775 θεοῦ
1400 712 1896 790 ἐκδιηγουμένων.”

283 807 455 860 ταῦτα
497 806 588 860 καὶ
631 806 758 875 περὶ
787 806 887 860 τοῦ
930 802 1203 875 διαφορὰς
1235 800 1588 875 χαρισμάτων
1616 804 1775 874 μέχρι
1805 803 1898 859 καὶ

283 891 395 944 των
432 891 792 960 δηλουμένων
822 885 1039 960 χρόνων
1069 886 1218 958 παρὰ
1249 900 1363 953 τοῖς
1395 883 1565 953 ἀξίοις
1598 892 1894 958 διαμεῖναι.

221 998 263 1030 10
409 982 528 1032 vlu.
590 982 719 1048 [Nic.
749 984 807 1032 H.
839 983 891 1031 E.
922 983 1004 1039 lv,
1038 979 1142 1047 14.]
1203 967 1350 1027 Ἐπεὶ
1384 971 1446 1026 δὲ
1476 968 1770 1043 ἀρχόμενοι
1800 974 1898 1042 τῆς

285 1063 659 1128 πραγματείας
710 1053 1014 1127 ὑπόσχεσιν
1065 1053 1415 1126 πεποιήμεθα
1465 1053 1898 1127 παραθήσεσθαι

285 1140 422 1196 κατὰ
465 1138 659 1210 καιρὸν
690 1140 938 1206 εἰπόντες
969 1137 1063 1205 τὰς
1093 1142 1205 1195 τῶν
1235 1138 1482 1211 ἀρχαίων
1515 1142 1897 1210 ἐκκλησιαστι-

284 1229 399 1280 κῶν
431 1227 826 1296 πρεσβυτέρων
856 1246 915 1278 τε
947 1225 1038 1279 καὶ
1070 1224 1440 1295 συγγραφέων
1470 1221 1680 1324 φῳνάς,
1715 1226 1775 1279 έν
1806 1219 1894 1287 αἷς

283 1332 377 1374 τας
409 1310 535 1379 περὶ
566 1332 678 1363 των
712 1305 1066 1380 ἐνδιαθήκων
1095 1331 1330 1380 γραφων
1362 1312 1438 1372 εἰς
1469 1305 1669 1372 αὐτους
1703 1315 1897 1364 κατελ-

221 1417 262 1448 15
284 1390 497 1457 θούσας
549 1390 884 1464 παραδόσεις
936 1395 1124 1464 γραφῇ
1176 1390 1632 1463 παραδεδώκασι,
1683 1390 1898 1448 τούτων

286 1478 345 1533 δε
377 1479 467 1533 καὶ
499 1472 528 1532 ὁ
559 1483 860 1549 Εἰρηναῖος
889 1470 980 1548 ἦν,
1013 1477 1148 1548 φέρε
1179 1478 1269 1532 καὶ
1302 1475 1396 1541 τὰς
1429 1472 1602 1531 αυτοῦ
1632 1474 1896 1583 παραθῳῗ-

283 1570 430 1633 μεθα
470 1563 656 1627 λέξεις.
728 1565 780 1618 2.
822 1564 914 1616 καὶ
954 1584 1172 1630 πρωτας
1205 1584 1268 1631 γε
1298 1559 1393 1625 τὰς
1425 1562 1551 1628 περὶ
1583 1565 1694 1617 τῶν
1727 1563 1895 1631 ιερῶν

285 1645 652 1716 εὐαγγελίων,
686 1642 862 1711 οὕτως
895 1644 1124 1716 ἐχούσας
1149 1640 1214 1701 “ὁ
1254 1644 1357 1717 μὲν
1399 1642 1467 1716 δὴ
1501 1652 1794 1709 Ματθαῖος
1835 1647 1896 1700 ἐν

277 1725 426 1795 “tots
450 1725 722 1801 Ἑβραίοις
761 1735 827 1802 τῇ
872 1734 988 1803 ἰδίᾳ
1030 1726 1217 1785 αὐτῶν
1251 1731 1517 1804 διαλέκτῳ
1549 1730 1639 1784 καὶ
1673 1726 1896 1800 γραφὴν

218 1838 259 1868 20
278 1809 608 1884 τ(ἐξήνεγκεν
640 1811 996 1886 εὐαγγελίου,
1029 1817 1127 1870 τοῦ
1158 1816 1376 1883 Πέτρου
1408 1815 1499 1868 καὶ
1528 1816 1627 1868 τοῦ
1659 1811 1895 1870 Παύλου

277 1894 376 1954 “ε’ν
410 1893 584 1972 Ῥώμῃ
639 1895 1140 1970 εὐαγγελιζομένων
1185 1900 1277 1954 καὶ
1328 1894 1743 1969 θεμελιούντων
1793 1894 1896 1966 τὴν

276 1977 624 2052 ἐἐκκλησίαν
686 1986 734 2039 3.
777 1981 914 2055 μετὰ
957 1983 1019 2038 δὲ
1058 1980 1159 2048 τὴν
1197 1980 1410 2038 τούτων
1441 1983 1632 2048 ἔξοδον
1662 1979 1896 2051 Μάρκος

275 2060 341 2120 “ὁ
392 2065 645 2137 μαθητὴς
698 2069 789 2122 καὶ
845 2065 1181 2138 ἑρμηνευτὴς
1221 2069 1442 2135 Πέτρου
1487 2068 1579 2121 καὶ
1624 2062 1788 2130 αὐτὸς
1827 2063 1894 2121 τοὶ

276 2145 422 2205 “inb
461 2152 681 2218 Πέτρου
723 2149 1109 2222 κηρυσσόμενα
1153 2148 1441 2222 ἐγγράφως
1483 2145 1616 2220 ἡμῖν
1654 2150 1894 2219 παραδέ-

218 2229 490 2303 25“δωκε,
523 2235 614 2289 καὶ
648 2237 866 2299 Λουκᾶς
898 2235 986 2305 δὲ,
1019 2230 1047 2290 ὁ
1079 2231 1389 2299 ἀκόλουθος
1421 2231 1671 2303 Παύλου,
1703 2231 1760 2289 τὸ
1792 2229 1892 2289 ὑπ’

275 2313 530 2374 “ε’κείνου
581 2317 997 2390 κηρυσσόμενον
1048 2315 1371 2389 εὐαγγέλιον
1425 2319 1484 2372 ἐν
1524 2323 1702 2392 βίβλῳ
1741 2318 1894 2374 κατέ-

277 2396 460 2458 “θετο.
524 2406 573 2457 4.
621 2409 806 2459 ἔπειτα
843 2399 1127 2474 Ἰωάννης,
1172 2398 1199 2457 ὁ
1244 2400 1497 2473 μαθητὴς
1537 2407 1634 2458 τοῦ
1673 2408 1892 2474 κυρίου,

278 2481 340 2541 “ό
385 2488 475 2541 καὶ
524 2488 611 2542 ἐπὶ
654 2486 713 2542 τὸ
756 2489 959 2558 στῆθος
1001 2485 1171 2542 αὐτοῦ
1215 2484 1542 2557 ἀναπεσὼν,
1597 2487 1688 2541 καὶ
1731 2483 1894 2551 αὐτὸς

276 2565 546 2636 ἐἐξέδωκε
586 2569 645 2626 τὸ
686 2568 1040 2642 εὐαγγέλιον,
1088 2574 1147 2627 ἐν
1183 2567 1390 2646 Ἐφέσῳ
1431 2573 1524 2642 τῆς
1550 2568 1734 2637 Ἀσίας
1777 2575 1892 2625 δια-

219 2679 263 2712 30
278 2650 570 2726 “τρίβων.”
631 2659 678 2711 ἵ).
721 2660 892 2711 ταῦτα
923 2656 1024 2727 μὲν
1054 2651 1158 2712 οὖν
1191 2658 1250 2711 ἐν
1280 2663 1445 2730 τρίτῳ
1475 2660 1570 2726 τῆς
1604 2656 1893 2726 εἰρημένης
1919 2721 1937 2725 ³

401 2852 424 2888 2
457 2850 575 2889 Iren.
606 2848 659 2899 V,
694 2849 733 2899 6,
770 2851 807 2888 1.
842 2862 883 2900 p.
917 2850 1012 2888 299.
1160 2850 1212 2888 18
1243 2850 1359 2889 Iren.
1392 2849 1474 2898 ΙΙΙ,
1510 2850 1550 2899 1,
1587 2849 1622 2887 1.
1654 2860 1698 2899 p.
1733 2846 1826 2887 174.
