1986 3152
264 115 369 166 414
941 115 1192 157 EUSEBII

392 241 498 291 ΧΙΙ.
541 227 678 287 Ὅσα
710 229 765 286 δ’
802 232 890 287 ε’πὶ
921 232 1136 298 τούτοις
1164 231 1303 288 κατά
1333 231 1432 288 τὸν
1465 234 1525 288 ἐν
1554 233 1705 308 μέσῳ
1735 233 1871 305 χρό-

265 339 366 373 νον
399 318 818 388 ἐπιτελεσθῆναι
849 317 1164 389 συμβέβηκε
1192 315 1331 373 κατὰ
1363 315 1496 382 τοῦς
1525 322 1638 373 τῶν
1671 319 1868 389 ἐκκλη-

267 405 406 457 σιῶν
439 405 821 474 προεστῶτας,
879 401 953 467 ῶς
994 399 1119 457 ἀντὶ
1160 402 1441 475 ποιμένων
1478 405 1593 457 τῶν
1632 405 1873 473 λογικῶν

263 490 363 541 τοῦ
405 490 653 559 Χριστοῦ
705 485 1029 560 προβάτων,
1084 476 1164 542 ῶν
1203 484 1309 542 οῦκ
1353 486 1640 559 ἐνθέσμως
1692 486 1871 559 πρού-

221 589 241 620 5
266 587 507 641 στησαν,
539 570 804 643 καμήλων
835 568 1044 642 ἀλόγου
1069 571 1162 627 καὶ
1191 575 1261 645 τῇ
1290 575 1392 627 τοῦ
1423 570 1673 644 σώματος
1703 570 1875 643 φύσει

265 654 638 712 σκολιωτάτου
682 655 824 732 ζῴου
856 655 1192 730 φροντιστὰς
1225 651 1434 721 αῦτοῦς
1467 651 1707 730 ῶσπερεὶ
1735 655 1869 712 τού-
1932 669 1955 686 “

261 763 373 795 των
413 735 605 807 ἀξίους
645 735 678 812 ἡ
721 747 853 797 θεία
887 746 1267 815 κατακρίνασα
1308 745 1436 813 δίκη
1475 740 1873 813 προεστήσατο,

259 824 409 891 ὅπως
441 848 501 882 τε
530 830 836 896 βασιλικῶν
866 830 1055 882 ἵππων
1081 826 1313 898 ἐνόχους
1335 825 1678 900 παραστάσει
1706 848 1870 883 κατε-

262 915 521 981 δίκασεν,
565 908 671 966 ὅσα
699 933 758 966 τε
787 916 903 967 τῶν
936 915 1106 983 ἱερῶν
1137 915 1389 982 σκευῶν,
1430 916 1544 967 τῶν
1578 913 1871 982 ἐκκλησια-

199 1011 239 1043 10
264 1000 467 1051 στικῶν
521 997 684 1052 ἕνεκα
723 1002 1054 1068 κειμηλίων,
1107 1000 1166 1051 015
1205 994 1363 1052 αὐτοὶ
1393 994 1533 1070 πρὸς
1572 999 1687 1052 τῶν
1731 995 1870 1052 κατὰ

261 1078 493 1154 καιρούς
532 1084 834 1151 βασιλικῶν
875 1079 1188 1153 ἐπιτρόπων
1237 1103 1295 1136 τε
1346 1081 1440 1135 καὶ
1481 1078 1768 1153 ἀρχόντων
1809 1081 1869 1136 ἐν

260 1165 458 1237 ὕβρεσι
488 1160 862 1237 καὶ-ἀτιμίαις
891 1166 986 1220 καὶ
1015 1164 1280 1235 βασάνοις
1326 1162 1731 1236 ἀνηντλήκασι,
1771 1163 1870 1231 τάς

259 1272 315 1305 τε
348 1250 440 1305 ἐπὶ
470 1248 686 1315 τούτοις
726 1252 841 1306 τῶν
879 1253 1106 1306 πολλῶν
1135 1254 1462 1324 φιλαρχίας,
1505 1247 1769 1323 ἀκρίτους
1809 1271 1871 1306 τε

260 1335 354 1390 καὶ
386 1334 696 1407 ἐκθέσμους
727 1340 1098 1408 χειροτονίας,
1130 1334 1224 1390 καὶ
1252 1333 1319 1390 τά
1351 1336 1412 1390 ἐν
1442 1332 1633 1400 αὐτοῖς
1664 1328 1868 1406 ὁμολο-

196 1436 235 1467 15
260 1432 452 1491 γηταῖς
494 1425 796 1492 σχίσματα,
851 1419 955 1477 ὅσα
994 1443 1054 1476 τε
1095 1423 1154 1476 οἱ
1186 1421 1306 1476 νέοι
1358 1418 1679 1485 στασιώδεις
1731 1419 1869 1476 κατὰ

259 1506 372 1561 τῶν
401 1508 499 1576 τῆς
532 1506 824 1576 ἐκκλησίας
854 1503 1137 1572 λειψάνων
1179 1503 1272 1561 διά
1305 1508 1557 1577 σπουδῆς
1590 1504 1868 1577 ἐμηχανή-

259 1607 448 1661 σαντο,
480 1589 772 1663 καινότερα
798 1603 1011 1656 καινοῖς
1031 1593 1556 1663 ἐπινεωτερίζοντες,
1587 1590 1681 1645 καὶ
1705 1585 1869 1662 ἀφει-

258 1679 370 1739 δῶς
400 1686 521 1740 ταῖς
550 1679 652 1731 τοῦ
686 1678 936 1748 διωγμοῦ
976 1687 1292 1749 συμφοραῖς
1325 1677 1744 1748 ἐπεντρίβοντες
1773 1674 1868 1730 καὶ

256 1758 399 1815 κακά
432 1772 623 1826 κακοῖς
665 1762 1099 1832 ἐπιτειχίζοντες,
1152 1764 1327 1816 ταῦτα
1369 1759 1554 1816 πάντα
1596 1759 1866 1831 παρήσειν

193 1860 233 1892 20
256 1867 347 1916 μοι
378 1848 556 1916 δοκῶ,
599 1842 879 1902 ἀνοίκειον
913 1847 1136 1921 ἐμαυτῷ
1178 1851 1400 1916 κρίνας,
1441 1844 1867 1920 παραιτουμένῳ

256 1952 315 1985 τε
356 1930 450 1986 καὶ
491 1924 898 2002 ἀποφεύγοντι,
953 1927 1027 1996 ῶς
1068 1928 1121 1986 δ’
1167 1923 1276 1987 οῦν
1313 1931 1408 1986 καὶ
1449 1927 1741 2005 ἀρχομένῳ
1771 1951 1863 2002 μοι

256 2023 497 2087 εἴρηται,
538 2013 643 2087 τὴν
683 2016 811 2087 περὶ
849 2015 1066 2072 τούτων
1105 2015 1388 2087 διήγησιν,
1442 2010 1586 2070 ἀλλά
1617 2013 1725 2086 γάρ
1757 2013 1864 2071 ὅσα

257 2096 430 2170 σεμνοὶ
460 2100 554 2154 καὶ
585 2098 810 2172 εὔφημα
839 2099 978 2156 κατὰ
1007 2099 1108 2156 τὸν
1140 2099 1294 2172 ἱερὸν
1336 2098 1535 2170 λόγον,
1581 2100 1676 2154 καὶ
1708 2107 1763 2154 εἴ
1785 2121 1865 2164 τις

256 2180 423 2256 ἀρετὴ
452 2184 547 2238 καὶ
579 2188 834 2255 ἔπαινος,
875 2188 1051 2241 ταῦτα
1082 2185 1264 2254 λέγειν
1293 2206 1353 2239 τε
1382 2183 1476 2239 καὶ
1505 2182 1743 2255 γράφειν
1771 2183 1867 2239 καὶ

192 2283 231 2314 25
255 2279 472 2332 πισταῖς
525 2265 719 2334 ἀκοαῖς
771 2269 1113 2341 παρέχεσθαι
1164 2267 1499 2325 οἰκειότατον
1550 2262 1863 2340 ἡγούμενος

256 2356 324 2426 τῇ
355 2355 468 2408 τῶν
497 2358 844 2425 θαυμαστῶν
873 2353 1176 2428 μαρτύρων
1207 2357 1440 2428 ἱστορία.
1501 2353 1595 2408 καὶ
1624 2357 1694 2427 τῇ
1726 2351 1860 2425 μετὰ

254 2436 464 2509 ταύτην
507 2434 828 2511 οὐρανόθεν
867 2436 1004 2511 ἡμῖν
1050 2441 1382 2513 ἐπιφανείσῃ
1427 2436 1621 2512 εἰρήνῃ
1652 2437 1864 2510 κοσμή-

255 2540 372 2580 σειν
400 2545 492 2595 μοι
521 2527 670 2579 δοκῶ
699 2528 801 2579 τοῦ
832 2522 1041 2589 παντὸς
1072 2522 1246 2594 λόγου
1277 2522 1380 2596 τὴν
1410 2522 1776 2596 περιγραφήν.
1933 2574 1940 2575 ι

381 2618 508 2668 XIII.
546 2606 825 2681 Ἕβδομον
850 2613 969 2675 ε”τος
993 2613 1095 2665 τοῦ
1125 2606 1258 2665 καθ’
1285 2603 1447 2681 ἡμῶν
1472 2605 1688 2680 ἀγῶνος
1717 2605 1864 2678 ἠνύ-
1939 2650 1942 2651 ⁷

191 2707 231 2740 30
256 2715 372 2766 ετο,
416 2699 513 2749 καί
553 2714 669 2759 πως
707 2691 887 2767 ἠρέμα
927 2699 1041 2751 τῶν
1070 2692 1207 2750 καθ’
1242 2691 1384 2767 ἡμᾶς
1413 2690 1596 2765 ἡσυχῆ
1624 2691 1686 2749 τὸ
1720 2689 1860 2749 ἀπε-
1930 2692 1959 2742 ζ

255 2784 482 2852 ρίεργον
535 2778 877 2851 εἰληφότων,
943 2785 1022 2845 είς
1074 2777 1280 2850 ὄγδοόν
1330 2801 1390 2835 τε
1449 2777 1862 2850 διαγενομένων

255 2869 404 2935 ἔτος,
456 2862 600 2937 ἀμφὶ
640 2863 707 2920 vo}
753 2866 813 2920 ἐν
843 2869 1197 2938 Παλαιστίνῃ
1238 2868 1450 2936 χαλκοῦ
1488 2865 1727 2936 μέταλλα
1758 2859 1861 2917 οὐκ
