2032 3174
550 143 710 188 HIST.
742 143 992 189 ECGLES.
1024 144 1086 191 11.
1116 147 1156 190 4.
1193 147 1235 190 5.
1628 143 1694 196 51

82 268 210 322 νίου
239 267 588 337 τετραρχίας,
630 260 766 336 πρὸς
797 258 884 328 αἷς
922 260 1039 335 μετ’
1077 259 1143 321 οὐ
1175 261 1357 320 πολυν
1388 260 1540 339 αὐτῷ
1572 259 1698 336 χρό-

82 371 184 407 νον
212 348 304 404 καὶ
327 345 430 418 τὴν
452 345 708 418 Ηρώδου
731 351 1059 421 τετραρχίαν
1082 352 1496 420 παραδίδωσιν,
1529 345 1697 423 ἀϊδίῳ

82 435 236 507 φυγῇ
266 430 362 488 τὸν
383 430 643 505 Ηρώδην
674 422 858 504 (ουτος
891 429 941 487 δ’
979 423 1050 503 ἦν
1080 427 1108 488 ὁ
1141 431 1279 489 κατά
1302 431 1362 489 τὸ
1387 431 1568 498 πάθος
1598 455 1698 488 του

83 515 354 590 σωτῆρος)
399 515 504 574 σὺν
556 518 648 572 καὶ
699 518 766 589 τῇ
805 518 1032 587 γυναικὶ
1067 511 1372 588 Ἡρωδιάδι
1421 522 1700 573 πλείστων

84 605 245 660 ἕνεκα
277 599 547 674 ζημιώσας
580 603 789 657 αἰτιῶν.
831 597 1039 672 μάρτυς
1065 598 1325 674 Ἰώσηπος
1350 603 1442 658 καὶ
1464 598 1692 658 τούτων.
1720 628 1740 660 5

82 691 130 744 2.
166 710 302 744 κατα
335 685 403 758 δὴ
433 688 629 743 τοῦτον
661 690 852 741 Φίλων
878 686 1215 757 ἐγνωρίζετο,
1248 693 1524 752 πλείστοις
1556 682 1698 757 ἀνὴρ

84 768 150 829 οὐ
180 769 352 844 μόνον
382 773 495 826 τῶν
524 767 832 842 ἡμετέρων,
866 764 1005 824 ἀλλα
1036 772 1126 826 καὶ
1158 794 1271 828 των
1301 763 1409 826 ἀπο
1440 774 1536 842 τῆς
1567 772 1702 837 ἔξω-

82 865 190 912 θεν
219 850 557 927 ὁρμωμένων
587 858 840 919 παιδείας
885 852 1294 926 ἐπισημότατος.
1367 853 1427 911 τὸ
1466 854 1569 927 μὲν
1599 853 1703 910 οὖν

85 941 242 1014 γένος
266 934 544 995 ἀνέκαθεν
566 936 819 1011 Εβραιος
844 929 930 1010 ἦν,
954 961 1067 995 των
1094 935 1146 995 δ’
1177 935 1263 995 ἐπ’
1282 936 1701 1011 Ἀλεξανδρείας

85 1027 144 1083 ἐν
174 1024 316 1081 τέλει
350 1025 642 1095 διαφανων
683 1018 914 1088 οὐδενὸς
945 1028 1163 1096 χείρων.
1221 1027 1269 1081 3.
1304 1026 1433 1098 περὶ
1463 1047 1566 1096 μεν
1596 1023 1701 1079 οὐν
1724 1051 1764 1083 10

83 1132 149 1166 τα
178 1118 311 1166 θεια
342 1110 434 1165 καὶ
465 1105 669 1180 πάτρια
700 1105 1000 1181 μαθήματα
1031 1104 1166 1166 ὅσον
1207 1131 1265 1166 τε
1306 1111 1398 1165 καὶ
1431 1104 1702 1180 ὁπηλίκον

83 1192 457 1265 εἰσενήνεκται
498 1190 672 1250 πόνον
723 1199 865 1269 ἔργω
907 1195 1043 1250 πᾶσι
1086 1197 1278 1266 δῆλος·
1338 1195 1428 1250 καὶ
1477 1194 1605 1265 περὶ
1636 1215 1702 1247 τα

84 1277 361 1352 φιλόσοφα
395 1278 455 1334 δὲ
485 1279 579 1334 καὶ
612 1279 904 1348 ἐλευθέρια
928 1280 1024 1349 τῆς
1061 1281 1272 1346 ἔξωθεν
1303 1282 1556 1343 παιδείας
1588 1272 1702 1341 οἷός

86 1387 166 1430 τις
196 1363 266 1434 ἠν
296 1360 465 1419 οὐδεν
508 1366 600 1418 δεῖ
638 1363 848 1434 λέγειν,
893 1359 983 1418 ὅτε
1025 1365 1116 1419 καὶ
1156 1362 1393 1436 μάλιστα
1431 1359 1534 1434 τὴν
1564 1384 1702 1418 κατα

85 1445 362 1504 Πλάτωνα
393 1447 483 1503 καὶ
515 1444 865 1518 Πυθαγόραν
907 1445 1187 1520 ἐζηλωκως
1233 1445 1459 1519 ἀγωγὴν
1491 1452 1702 1518 διενεγ-
1726 1473 1766 1505 15

87 1545 209 1589 κεῖν
240 1553 486 1598 απαντας
515 1530 643 1597 τοὺς
675 1529 805 1587 καθ’
846 1526 1047 1590 εαυτὸν
1081 1536 1392 1604 ιστορεῖται.

212 1629 266 1676 V.
331 1626 459 1691 [Nic.
488 1627 545 1675 H.
575 1626 628 1674 E.
659 1626 716 1682 ΙΙ,
746 1623 817 1690 9.]
893 1618 1000 1672 Καὶ
1038 1614 1106 1688 δὴ
1137 1614 1203 1673 τά
1234 1640 1371 1673 κατα
1402 1614 1576 1673 Γάῑον
1606 1607 1705 1671 οὗ-

85 1724 175 1767 τος
201 1696 487 1766 Ἰουδαίοις
513 1697 803 1772 συμβάντα
834 1701 1000 1757 πέντε
1026 1706 1263 1772 βιβλιοις
1294 1704 1702 1773 παραδίδωσιν,

38 1782 41 1784 ’
87 1780 227 1858 ὁμοῦ
258 1782 360 1857 τὴν
391 1791 566 1841 Γαΐου
600 1783 820 1851 διεξιών
850 1783 1330 1858 φρενοβλάβειαν,
1374 1780 1525 1841 ὦσὰν
1565 1778 1704 1841 θεὸν

87 1867 284 1927 ἑαυτὸν
334 1866 811 1942 ἀναγορεύσαντος
850 1871 942 1926 καὶ
984 1876 1156 1944 μυρία
1209 1872 1334 1943 περὶ
1378 1867 1480 1941 τὴν
1525 1866 1704 1942 ἀρχὴν
1726 1896 1768 1929 20

88 1956 483 2028 ἐνυβρίσαντος
502 1999 516 2027 ,
549 1952 644 2019 τάς
674 1977 733 2011 τε
764 1952 882 2011 κατ’
921 1952 1091 2013 αὐτὸν
1118 1951 1404 2012 Ἰουδαίων
1433 1961 1707 2010 ταλαιπω-

89 2046 238 2113 ρίας,
288 2040 377 2096 καὶ
426 2036 496 2112 ἢν
536 2037 699 2106 αὐτὸς
752 2038 1103 2113 στειλάμενος
1154 2041 1243 2097 ἐπὶ
1288 2041 1384 2111 τῆς
1428 2033 1710 2111 Ῥωμαίων

89 2121 300 2190 πόλεως
351 2119 495 2197 ὑπὲρ
539 2130 651 2182 τῶν
706 2122 843 2181 κατὰ
893 2122 994 2197 τὴν
1042 2121 1462 2199 Ἀλεξάνδρειαν
1505 2119 1710 2196 ὁμοεθ-

86 2211 203 2265 νοόν
246 2207 537 2282 ἐποιήσατο
580 2216 911 2283 πρεσβείαν,
953 2212 1045 2267 καὶ
1087 2206 1234 2276 ὅπως
1277 2210 1364 2266 ἐπὶ
1395 2211 1495 2266 τοῦ
1532 2214 1710 2266 Γαΐου

0 2358 1 2364 ¹
88 2291 359 2360 καταστὰς
402 2290 545 2366 ὑπὲρ
585 2298 697 2351 τῶν
739 2301 990 2367 πατρίων
1029 2293 1216 2367 νόμων
1256 2290 1425 2351 οὐδέν
1457 2318 1509 2351 τι
1540 2294 1709 2350 πλέον
1731 2320 1772 2352 25

88 2379 323 2448 γέλωτος
354 2379 445 2435 καὶ
478 2382 802 2452 διασυρμῶν
834 2377 1211 2453 ἀπηνέγκατο,
1243 2380 1446 2453 μικροῦ
1472 2383 1592 2435 δεῖν
1616 2378 1708 2432 καὶ

88 2460 186 2518 τὸν
216 2463 342 2534 περὶ
371 2466 467 2534 τῆς
499 2467 635 2535 ζωῆς
666 2460 903 2531 ἀνατλὰς
935 2469 1220 2522 κίνδυνον.
1275 2469 1323 2522 2.
1350 2464 1620 2537 μέμνηται
1646 2461 1708 2517 δὲ

90 2547 181 2603 καὶ
212 2543 422 2604 τούτων
452 2544 481 2603 ὁ
508 2543 766 2621 Ἰώσηπος
793 2552 852 2606 ἐν
874 2545 1330 2625 ὀκτωκαιδεκάτῳ
1360 2554 1456 2621 τῆς
1481 2545 1708 2622 ἀρχαιο-

91 2637 309 2704 λογίας,
352 2630 488 2688 κατά
528 2635 676 2700 λέξιν
713 2636 886 2691 ταῦτα
925 2635 1159 2707 γράφων
1183 2630 1315 2690 “mxl
1350 2633 1418 2706 δὴ
1465 2631 1709 2695 στάσεως

84 2709 183 2773 “gv
202 2713 588 2794 Ἀλεξανδρεία
601 2721 902 2792 γενομένης
918 2718 1205 2777 Ἰουδαίων
1221 2742 1298 2790 τε,
1330 2726 1388 2775 οἳ
1410 2718 1702 2787 ἐνοικοῦσι,
1731 2742 1772 2772 30

206 2910 231 2950 5
261 2909 312 2950 A.
336 2911 372 2953 Ι.
395 2911 562 2962 XVIII,
585 2914 624 2960 6,
650 2914 715 2953 10.
889 2915 942 2954 29
973 2913 1024 2954 Α.
1047 2914 1082 2954 Ι.
1109 2912 1281 2963 XVIII,
1305 2912 1346 2960 8,
1373 2913 1411 2950 1.

1307 2977 1381 3028 4*
