1986 3152
282 121 386 171 250
957 116 1206 158 EUSEBH

282 234 609 306 Νικοπόλει,
654 232 755 304 τὴν
797 233 857 288 δὲ
901 235 960 288 ἐν
1002 234 1168 308 ἑτέρῳ
1199 237 1396 309 τοιῷδε
1426 231 1590 310 τόπῳ.
1653 237 1700 291 3.
1737 239 1797 291 ἒν
1828 257 1891 306 γε

280 319 388 391 μὴν
429 332 541 384 τοῖς
585 319 837 384 ἑξαπλοῖς
877 318 990 372 τῶν
1031 320 1268 388 ψαλμῶν
1295 314 1430 389 μετὰ
1460 315 1556 384 τοὶς
1589 316 1889 391 ἐπισήμους

280 405 546 473 τέσσαρας
579 399 822 466 ἐκδόσεις
855 397 920 456 οὗ
948 398 1121 472 μόνον
1145 401 1416 473 πέμπτην,
1449 398 1587 458 ἀλλὰ
1611 404 1702 458 καὶ
1726 405 1890 474 ἕκτην

281 488 372 542 καὶ
425 485 670 557 ἑβδόμην
719 486 994 557 παραθεὶς
1051 486 1374 557 ἑρμηνείαν,
1429 487 1516 541 ἐπὶ
1556 489 1681 558 μιᾶς
1723 479 1891 553 αὖθις

239 595 259 625 5
284 576 646 642 σεσημείωται
679 565 751 634 ὡς
795 572 853 625 ἐν
882 564 1098 642 Ἱεριχοῖ
1124 564 1437 642 ηὑρημένης
1471 571 1529 626 ἐν
1552 573 1724 646 πίθῳ,
1756 570 1892 627 κατὰ

280 652 405 721 τούς
437 652 668 729 χρόνους
697 650 1032 710 Ἀντωνίνου
1063 657 1161 709 τοῦ
1192 657 1320 710 υἱοῦ
1347 651 1620 726 Σεβήρου.
1680 657 1727 710 4.
1762 653 1889 711 ταύ-

281 763 375 805 τας
429 739 488 795 δὲ
541 734 758 805 ἁπάσας
806 739 894 794 ε’πὶ
934 735 1136 794 ταυτὸν
1177 736 1538 810 συναγαγών,
1597 737 1796 796 διελών
1835 761 1893 795 τε

282 821 417 894 πρὸς
470 825 678 893 κῶλον,
732 823 822 878 καὶ
877 820 1274 895 ἀντιπαραθεὶς
1319 819 1579 894 ἀλλήλαις
1623 820 1758 894 μετὰ
1803 825 1892 879 καὶ
1934 840 1936 843 “

283 904 451 979 αὐτῆς
490 913 586 978 τῆς
611 903 884 978 Ἑβραίων
924 903 1299 978 σημειώσεως,
1341 904 1407 962 τά
1437 912 1549 963 τῶν
1580 908 1895 980 λεγομένων

220 1015 260 1045 10
284 988 416 1063 ἡμῖν
469 993 719 1058 {gamain
769 987 1082 1063 ἀντίγραφα
1123 992 1544 1062 καταλέλοιπεν,
1597 996 1752 1058 ἰδίως
1794 989 1894 1064 τὴν

278 1073 510 1131 Ἀκύλου
543 1077 632 1131 καὶ
661 1073 969 1148 Συμμάχου
1001 1076 1090 1130 καὶ
1125 1079 1498 1141 Θεοδοτίωνος
1531 1079 1752 1132 ἔκδοσιν
1782 1072 1894 1147 ἅμα

284 1164 348 1232 τῇ
399 1161 510 1214 τω”ν
563 1157 941 1230 ἑβδομήκοντα
997 1161 1053 1215 ἐν
1100 1172 1213 1225 τοῖς
1264 1167 1588 1231 τετραπλοῖς
1638 1162 1893 1216 ἐπικατα-
1935 1187 1940 1195 ’

283 1241 571 1308 σκευάσας.

410 1338 553 1386 xvfl.
609 1337 736 1402 [Nic.
770 1338 826 1386 Η.
857 1338 908 1385 Ε.
941 1340 991 1394 v,
1028 1334 1131 1402 12]
1217 1331 1340 1383 Τῶν
1381 1349 1443 1398 γε
1483 1324 1593 1399 μὴν
1626 1330 1895 1400 ἑρμηνευ-

223 1433 262 1464 15
286 1417 396 1467 τῶν
438 1409 624 1467 αὐτῶν
669 1408 735 1482 δὴ
778 1409 989 1467 τούτων
1032 1412 1212 1467 ἰστέον
1247 1409 1570 1482 Ἐβιωναῖον
1609 1410 1707 1468 τὸν
1737 1410 1897 1484 Σύμ-

283 1519 458 1568 μαχον
488 1497 792 1567 γεγονέναι.
859 1499 1067 1568 αἵρεσις
1101 1497 1164 1551 δέ
1194 1499 1343 1552 ἐστιν
1373 1490 1542 1566 ἡτῶν
1557 1493 1897 1568 Ἐβιωναίων
1951 1518 1954 1520 ·

285 1577 429 1636 οὕτω
463 1581 774 1652 καλουμένη
806 1585 918 1636 τῶν
948 1578 1046 1637 τὸν
1070 1578 1308 1652 Χριστὸν
1341 1582 1393 1647 ἐξ
1421 1577 1618 1654 Ἰωσὴφ
1651 1581 1742 1637 καὶ
1772 1588 1897 1637 Μα-

287 1670 408 1736 ρίας
439 1667 727 1735 γεγονέναι
759 1662 1112 1736 φασκόντων,
1143 1663 1310 1732 ψιλόν
1332 1687 1391 1721 τε
1414 1664 1718 1738 ἄνθρωπον
1741 1661 1896 1721 ὑπει-

287 1747 544 1820 ληφότων
578 1747 768 1820 αὐτὸν,
801 1749 892 1805 καὶ
915 1746 1011 1805 τὸν
1036 1747 1207 1822 νόμον
1232 1751 1429 1822 χρῆναι
1445 1746 1898 1822 Ἰουδαϊκώτερον

224 1855 263 1885 20
288 1830 585 1905 φυλάττειν
617 1831 1146 1906 ἀπισχυριζομένων,
1183 1830 1256 1898 ὥς
1287 1855 1395 1889 που
1427 1835 1518 1889 καὶ
1552 1835 1610 1889 ἐκ
1639 1837 1734 1903 τῆς
1767 1832 1897 1904 πρό-

288 1927 428 1974 σθεν
482 1922 722 1990 ἷστορίας
777 1923 1039 1990 ἔγνωμεν.
1122 1918 1216 1973 καὶ
1266 1915 1631 1990 ὑπομνήματα
1687 1918 1748 1974 δὲ
1799 1921 1897 1974 τοῦ

291 1999 599 2074 Συμμάχου
645 2005 809 2058 εἰσέτι
850 2004 956 2058 νῦν
997 2003 1222 2074 φέρεται
1263 2004 1322 2058 ἐν
1362 2008 1444 2067 οἷς
1488 2007 1642 2059 δοκεῖ
1673 2001 1807 2076 πρὸς
1838 1999 1898 2058 τὸ

290 2108 425 2140 κατα
458 2093 764 2143 Ματθαῖον
794 2082 1216 2158 ἀποτεινόμενος
1252 2083 1576 2158 εὐαγγέλιον
1604 2109 1706 2158 την
1740 2091 1946 2158 δεδη-
1928 2091 1942 2124 '-

291 2171 543 2240 λωμένην
590 2174 804 2240 αἰρεσιν
846 2168 1154 2243 κρατύνειν.
1237 2172 1410 2225 ταῦτα
1451 2170 1511 2225 δε
1549 2167 1578 2226 ὁ
1613 2163 1947 2251 ’.Ωριγένηςζ

229 2272 269 2304 25
294 2276 427 2324 μετα
459 2254 549 2308 καὶ
582 2250 766 2310 αλλων
799 2259 874 2318 εἰς
906 2252 999 2319 τὰς
1030 2251 1245 2327 γραφάς
1279 2276 1586 2326 ερμηνειων
1615 2260 1714 2310 τοῦ
1745 2258 1945 2356 Συμ-ξζ

290 2360 467 2409 μαχου
499 2342 754 2410 σημαίνει
785 2337 932 2409 παροὶ
959 2335 1262 2410 Ἰουλιανῆς
1291 2361 1438 2404 τινος
1472 2340 1788 2411 εἰληφέναι,
1829 2331 1943 2416 {iv}

292 2426 389 2476 καί
423 2438 557 2493 φησι
596 2420 726 2494 παρ’
766 2419 939 2478 αὐτου
968 2420 1275 2495 Συμμαχου
1313 2446 1406 2489 τας
1449 2428 1678 2494 βίβλους
1713 2423 1933 2480 διαδέ-ῖ

295 2510 515 2571 ξασθαι.

463 2600 628 2649 XVIII
686 2598 815 2664 [Nic.
846 2600 902 2648 H
932 2601 984 2649 E.
1013 2602 1073 2658 V,
1107 2598 1211 2667 12]
1303 2588 1391 2648 Ἐν
1429 2589 1603 2648 τούτω
1646 2593 1738 2648 καὶ
1771 2590 1943 2664 'Au-¹

232 2696 272 2726 30
295 2671 548 2746 βρόσιος,
610 2672 675 2728 τοὶ
735 2677 829 2746 τῆς
893 2672 1273 2732 Οὐαλεντίνου
1333 2699 1561 2749 φρονων
1618 2693 1898 2747 αιρεσεως,

294 2757 429 2830 πρὸς
480 2761 575 2829 τῆς
628 2755 736 2813 ὑπὸ
776 2756 1097 2831 Ὠριγένους
1144 2761 1589 2832 πρεσβευομένης
1634 2631 1959 2869 ἀληθείαςέ

295 2844 603 2915 ἐλεγχθεὶς,
655 2843 746 2898 καὶ
794 2840 946 2900 ωσαν
984 2841 1093 2900 ὑπὸ
1134 2841 1314 2916 φωτὸς
1353 2846 1760 2916 καταυγασθεὶς
1799 2861 1932 3059 τηυξ
