1986 3152
282 95 381 147 172
951 95 1201 137 EUSEBII

280 212 413 268 καθ’
465 209 755 283 Ἑβραίους
798 208 1128 282 εὐαγγελίου
1180 211 1272 266 καὶ
1311 213 1408 267 τοῦ
1455 213 1745 282 Συριακοῦ
1795 213 1887 268 καὶ

281 300 435 360 ἰδίως
468 297 527 350 ἐκ
557 298 654 366 τῆς
677 292 966 365 Ἑβραΐδος
999 295 1290 351 διαλέκτου
1319 291 1444 350 τινὰ
1484 300 1740 365 τίθησιν,
1792 298 1885 366 ἐμ-

279 385 501 450 φαίνων
534 380 587 446 ἐξ
610 377 882 450 Ἐβραίων
913 376 1111 435 ἑαυτὸν
1141 381 1596 449 πεπιστευκέναι,
1629 380 1719 434 καὶ
1749 375 1887 436 ἄλλα

283 463 344 518 δὲ
375 457 527 519 ὦσάν
560 459 955 534 ἐξΊουδαϊκῆς
984 460 1241 536 ἀγράφου
1282 459 1643 535 παραδόσεως
1682 486 1886 535 μνημο-

237 568 257 598 5
280 544 446 603 νεύει.
510 551 557 604 9.
592 544 657 603 οὐ
689 544 855 618 μόνος
882 547 943 604 δὲ
973 538 1155 619 οὗτος,
1187 543 1326 603 ἀλλὰ
1358 548 1448 603 καὶ
1475 552 1773 620 Εἰρηναῖος
1796 549 1888 604 καὶ

276 630 304 686 ὁ
348 634 453 696 πᾶς
504 633 616 688 τῶν
667 626 915 703 ἀρχαίων
966 630 1130 705 χορὸς
1180 629 1492 703 πανάρετον
1542 636 1747 703 σοφίαν
1793 628 1888 697 τὰς

277 720 610 787 Σολομῶνος
641 720 936 790 παροιμίας
968 713 1219 772 ἐκάλουν.
1292 718 1383 772 καὶ
1423 717 1692 788 περὶτῶν
1733 723 1886 786 λεγο·
1945 707 1949 710 ”

276 801 462 871 μένων
504 801 565 856 δὲ
605 796 950 872 ἀποκρύφων
993 797 1387 872 διαλαμβάνων
1436 801 1522 856 ἐπὶ
1564 802 1676 856 τῶν
1716 797 1887 856 αὐτοῦ

277 882 494 956 χρόνων
535 882 672 957 πρός
718 908 887 941 τινων
938 886 1231 957 αἰρετικῶν
1283 881 1714 941 ἀναπεπλάσθαι
1763 882 1887 941 τινὰ

215 988 254 1019 10
276 966 489 1025 τούτων
530 972 752 1042 ἱστορεῖ.
825 967 964 1024 ἀλλά
1003 968 1110 1041 γὰρ
1145 966 1230 1040 ἐφ’
1269 971 1457 1042 ἕτερον
1499 965 1607 1041 ἤδη
1647 974 1889 1041 μεταβα-

276 1054 418 1108 τέον.

406 1145 755 1211 XX111.·[Nic.
798 1147 854 1195 H.
895 1147 947 1195 E.
978 1147 1049 1203 IV,
1091 1145 1167 1212 8.]
1246 1139 1355 1194 Καὶ
1397 1134 1615 1209 πρῶτόν
1655 1160 1717 1208 γε
1758 1139 1888 1206 περὶ

277 1224 588 1275 Διονυσίου
619 1221 827 1291 φατέον
867 1217 951 1276 ὅτι
983 1242 1041 1276 τε
1071 1225 1167 1293 τῆς
1207 1223 1267 1277 ἐν
1297 1227 1565 1298 Κορίνθῳ
1599 1227 1888 1293 παροικίας

281 1301 380 1359 τὸν
419 1306 515 1375 τῆς
560 1305 858 1376 ἐπισκοπῆς
892 1307 1257 1378 ἐγκεχείριστο
1287 1303 1528 1377 θρόνον,
1569 1306 1662 1360 καὶ
1692 1302 1764 1370 ὦς
1794 1310 1890 1377 τῆς

219 1406 260 1438 15
286 1388 490 1444 ἐνθέου
531 1394 862 1460 φιλοπονίας
902 1386 969 1446 οὐ
1011 1386 1199 1462 μόνοις
1235 1402 1349 1456 τοῖς
1379 1385 1477 1446 ὑπ’
1515 1385 1713 1461 αὐτὸν,
1762 1385 1886 1446 ἀλλ’

274 1468 381 1543 ἤδη
414 1473 505 1528 καὶ
535 1486 649 1539 τοῖς
683 1473 771 1528 ἐπὶ
802 1476 898 1542 τῆς
929 1471 1250 1546 ἀλλοδαπῆς
1280 1470 1549 1546 ἀφθόνως
1583 1471 1884 1545 ἐκοινώνει,

273 1555 689 1629 χρησιμώτατον
731 1555 940 1614 ἅπασιν
981 1557 1182 1615 ἑαυτὸν
1223 1557 1490 1624 καθιστὰς
1532 1555 1593 1615 ἓν
1632 1555 1719 1624 αἷς
1747 1554 1886 1615 ὑπε-

273 1643 516 1696 τυποῦτο
547 1649 874 1707 καθολικαῖς
915 1640 1050 1715 πρὸς
1092 1641 1187 1709 τὰς
1231 1639 1524 1715 ἐκκλησίας
1556 1642 1883 1708 επιστολαῖς.

272 1727 320 1780 2.
357 1747 439 1780 ων
472 1723 623 1781 ἐστιν
653 1723 686 1797 ἡ
718 1750 821 1798 μεν
851 1725 987 1800 πρὸς
1018 1731 1519 1831 Λακεδαιμονίους,
1551 1723 1883 1801 όρθοδοξίας

208 1826 250 1858 20
274 1807 633 1881 κατηχητική,
682 1809 906 1883 εἰρήνης
950 1835 1010 1868 τε
1041 1813 1133 1867 καὶ
1177 1809 1426 1877 ενώσεως
1470 1806 1883 1885 υποθετικὴ,ἡ

275 1893 336 1948 δε
367 1892 502 1966 πρὸς
530 1890 863 1966 Ἀθηναίους
896 1894 1203 1968 διεγερτικὴ
1234 1901 1468 1962 πίστεως
1498 1897 1590 1952 καὶ
1620 1899 1715 1967 τῆς
1746 1893 1882 1952 κατά

270 1975 330 2032 τὸ
364 1977 688 2049 εὐαγγέλιον
718 1985 1022 2051 πολιτείας,
1067 1970 1130 2050 ἧς
1170 1978 1618 2052 ὀλιγωρήσαντας
1651 1981 1878 2053 ἐλέγχει,

271 2055 425 2117 ωσάν
455 2084 654 2134 μικρου
690 2067 810 2119 δειν
841 2061 1184 2131 ἀποστάντας
1226 2069 1324 2120 τοῦ
1365 2063 1566 2136 λόγου,
1611 2066 1663 2131 ἐξ
1705 2086 1881 2164 ουπερ

270 2143 367 2200 τὸν
418 2162 738 2218 προεστωτα
790 2145 976 2203 αὐτων
1015 2145 1308 2204 Πούπλιον
1352 2150 1701 2221 μαρτυρῆσαι
1743 2147 1883 2204 κατά

207 2245 247 2277 2⁵
270 2225 397 2293 τους
441 2227 563 2285 τότε
605 2231 814 2301 συνέβη
855 2230 1146 2303 διωγμούς.
1231 2236 1278 2287 3.
1313 2232 1605 2305 Κοδράτου
1648 2231 1708 2287 δὲ
1748 2230 1885 2304 μετὰ

269 2311 366 2368 τὸν
395 2311 825 2386 μαρτυρήσαντα
848 2313 1140 2371 Πούπλιον
1163 2316 1531 2382 καταστάντος
1555 2311 1743 2372 αὐτῶν
1769 2319 1882 2373 ἐπι-

276 2394 487 2453 σκόπου
541 2399 838 2470 μέμνηται,
892 2402 1280 2473 ἐπιμαρτυρῶν
1322 2396 1394 2467 ὦς
1437 2398 1524 2456 διὰ
1562 2402 1658 2472 τῆς
1709 2396 1883 2458 αὐτοῦ

269 2485 525 2552 σπουδῆς
558 2485 1047 2555 ἐπισυναχθέντων
1077 2485 1170 2540 καὶ
1199 2487 1294 2556 τῆς
1325 2491 1560 2551 πίστεως
1591 2480 1882 2552 ἀναζωπύ-

270 2583 434 2638 ρησιν
465 2564 776 2639 εἰληχότων.
842 2573 1001 2639 δηλοῖ
1041 2564 1095 2624 δ’
1131 2570 1219 2624 ἐπὶ
1257 2567 1469 2635 τούτοις
1511 2567 1583 2635 ὡς
1625 2569 1717 2625 καὶ
1747 2579 1879 2625 Διο-

208 2664 248 2696 30
271 2646 461 2715 νύσιος
501 2645 530 2706 ὁ
569 2648 957 2726 Ἀρεοπαγίτης
994 2647 1103 2708 ὑπὸ
1155 2656 1254 2710 τοῦ
1295 2651 1606 2710 ἀποστόλου
1646 2650 1880 2710 Παύλου
1927 2717 1940 2721 ἱ

268 2737 603 2806 προτραπεὶς
656 2736 744 2792 ἐπὶ
797 2734 899 2806 τὴν
949 2742 1138 2793 πίστιν
1178 2735 1314 2794 κατά
1353 2735 1419 2794 τά
1466 2740 1525 2794 ἐν
1563 2750 1682 2802 ταῖς
1721 2734 1878 2809 Πρά-

271 2818 385 2883 ξεσι
419 2821 779 2892 δεδηλωμένα
810 2823 1023 2892 πρῶτος
1055 2825 1149 2892 τῆς
1176 2817 1444 2893 Ἀθήνησι
1468 2826 1758 2895 παροικίας
1775 2818 1879 2891 τὴν
