1986 3152
242 980 279 1010 10

297 92 402 143 244
974 84 1220 125 EUSEBH

296 230 411 270 νοις
451 205 672 276 χωρῶν·
717 197 857 256 ῶστε
899 196 1006 271 ἤδη
1048 194 1220 255 αύτὸν
1251 197 1547 272 προσιόντα
1578 202 1904 275 θαρσαλέως

298 291 388 345 καὶ
431 286 558 352 τοὺς
589 283 869 358 μάρτυρας
898 281 1034 355 μετὰ
1066 285 1271 354 πολλῆς
1300 289 1608 357 παρρησίας
1637 283 1904 358 φιλήματι

298 367 781 444 προσαγορεύοντα
816 365 1078 433 πολλάκις
1111 368 1396 439 ἐπιμανεὶς
1426 362 1455 423 ὁ
1490 370 1549 424 ἐν
1578 367 1762 446 κύκλῳ
1793 372 1906 427 τῶν

300 457 483 512 ἐθνῶν
536 456 704 525 δῆμος
755 453 991 524 σμικροῦ
1037 455 1156 508 δεῖν
1198 453 1553 524 κατέλευσεν,
1609 459 1660 509 εἰ
1695 454 1768 526 μὴ
1809 457 1904 526 τῆς

298 545 457 605 θείας
503 540 682 604 δεξιᾶς
722 541 939 608 βοηθοῦ
971 533 1227 602 καθάπαξ
1259 535 1552 608 τυγχάνων
1582 536 1906 609 παραδόξως

299 627 701 695 διεδίδρασκεν.
763 624 810 677 5.
854 618 888 692 ἡ
921 617 977 676 δ’
1012 616 1150 691 αῦτὴ
1182 624 1312 676 θεία
1344 621 1435 676 καὶ
1465 615 1723 693 οὐράνιος
1754 619 1908 694 χάρις

297 706 491 764 ἄλλοτε
521 704 688 762 πάλιν
712 706 801 761 καὶ
827 702 1014 776 πάλιν,
1047 705 1138 760 καὶ
1162 700 1290 761 οὐδ’
1318 709 1468 760 ἔστιν
1493 702 1682 772 ὁσάκις
1709 710 1905 778 εἰπεῖν,

297 795 392 864 τῆς
432 788 574 862 ἅγαν
614 790 741 861 περὶ
781 786 878 846 τὸν
909 790 1151 862 Χριστοῦ
1188 786 1354 860 λόγον
1383 795 1700 862 προθυμίας
1730 813 1789 847 τε
1817 790 1909 846 καὶ

299 881 607 948 παρρησίας
649 877 838 931 ἕνεκεν
873 876 1176 946 τηνικαῦτα
1208 873 1708 946 ἐπιβουλευόμενον
1735 871 1912 931 αὐτὸν

305 958 647 1033 διεφύλαττε.
708 963 964 1022 τοσοῦτος
996 956 1047 1014 δ’
1078 949 1147 1029 ἦν
1178 954 1283 1029 ἄρα
1314 960 1427 1014 τῶν
1449 954 1751 1015 άπίστωυὸ
1778 958 1912 1032 πρὸς

302 1042 472 1100 αὐτὸν
491 1041 742 1115 πόλεμος,
764 1037 836 1108 ῶς
856 1043 946 1098 καὶ
965 1041 1279 1114 συστροφὰς
1303 1045 1726 1115 ποιησαμένους,
1751 1059 1912 1116 στρα-

300 1126 494 1193 τιῶτας
537 1124 686 1202 αὐτῷ
726 1127 851 1199 περὶ
891 1125 986 1183 τὸν
1028 1126 1211 1197 οἶκον,
1256 1133 1397 1183 ἔνθα
1428 1129 1755 1199 κατέμενεν,
1799 1129 1913 1182 ἐπι-

302 1229 529 1284 στησαι,
584 1209 675 1267 δια
725 1207 785 1266 τὸ
835 1214 1051 1282 πλῆθος
1091 1213 1204 1266 τῶν
1244 1207 1310 1265 τοὶ
1349 1213 1445 1282 τῆς
1489 1213 1638 1282 ἱεράς
1679 1216 1915 1278 πίστεως

303 1298 730 1369 κατηχουμένων
781 1292 912 1364 παρ’
959 1291 1123 1370 αύτῷ.
1203 1299 1248 1350 6.
1293 1292 1438 1350 οὕτω
1481 1295 1540 1351 δε
1581 1293 1846 1368 ὁσημέραι
1884 1292 1914 1351 ὁ

262 1410 280 1430 o
305 1377 424 1437 κατ’
460 1376 638 1436 αὐτοῦ
670 1378 906 1451 διωγμὸς
941 1377 1185 1446 ἐξεκάετο
1232 1375 1304 1444 ῶς
1345 1381 1535 1452 μηκέτι
1578 1393 1780 1454 χωρειν
1819 1375 1915 1435 αῦ-

303 1463 399 1522 τόν
429 1464 530 1536 τὴν
560 1468 745 1520 πᾶσαν
768 1461 949 1534 πόλιν,
983 1470 1168 1529 οἴκους
1190 1486 1294 1535 μεν
1319 1465 1372 1530 ἐξ
1396 1471 1569 1520 οἴκων
1592 1460 1934 1536 αμείβοντα,

305 1547 658 1622 πανταχόθεν
711 1547 772 1604 δὲ
826 1546 1226 1619 ἐλαυνόμενον,
1280 1551 1375 1620 τῆς
1427 1546 1682 1620 πληθύος
1723 1550 1917 1605 ’ἕνεκεν

305 1636 417 1690 τῶν
449 1630 524 1689 δι’
560 1630 733 1689 αὐτοῦ
762 1634 831 1704 τῇ
859 1639 990 1707 θεία
1022 1631 1366 1704 προσιόντων
1398 1637 1754 1708 διδασκαλίᾳ·
1801 1633 1917 1689 ἐπεὶ

307 1719 399 1773 καὶ
439 1716 503 1773 τὰ
547 1717 683 1773 κατὰ
715 1718 915 1786 πρᾶξιν
946 1722 1078 1791 ἔργα
1110 1714 1258 1791 αὐτῷ
1291 1715 1666 1790 γνησιωτάτης
1696 1724 1918 1790 φιλοσο-

245 1820 287 1851 ‘20
312 1807 442 1873 φίας
504 1799 905 1874 κατορθώματα
965 1793 1030 1858 εῦ
1077 1799 1223 1873 μάλα
1274 1799 1571 1873 θαυμαστά
1622 1813 1916 1876 περιεῖχεν.

311 1891 338 1906 ,-

321 1910 356 1942 ι.
402 1882 521 1942 οἷον
561 1890 699 1957 γοῦν
737 1884 834 1942 τὸν
876 1883 1071 1958 λόγον,
1114 1883 1331 1942 τοιόνδε
1369 1888 1507 1957 φασὶ
1547 1883 1644 1942 τὸν
1686 1883 1916 1959 τρόπον·

310 1972 402 2025 καὶ
433 1966 552 2026 οἷον
583 1969 679 2027 τὸν
707 1969 939 2042 τρόπον,
972 1967 1190 2027 τοιόνδε
1221 1967 1318 2028 τὸν
1349 1968 1515 2042 λόγον
1547 1971 1917 2027 ἐπεδείκνυτο.

312 2051 396 2109 διὸ
443 2052 510 2125 δὴ
552 2052 786 2125 μάλιστα
828 2056 1229 2127 συναιρομένης
1260 2052 1410 2130 αὐτῷ
1445 2052 1731 2127 δυνάμεως
1761 2058 1920 2120 θείας

310 2142 544 2208 μυρίους
591 2141 788 2209 ἐνῆγεν
831 2139 920 2193 ἐπὶ
960 2136 1056 2194 τὸν
1097 2136 1272 2195 αὐτοῦ
1315 2141 1488 2210 ζῆλον.
1554 2142 1600 2195 8.
1637 2137 1827 2210 ἐπειδὴ
1860 2137 1931 2195 δὲ·

249 2237 291 2269 25
315 2219 459 2294 ἐτόρα
498 2221 756 2292 φοιτητὰς
800 2218 908 2293 ἤδη
939 2228 1163 2288 πλειόυς
1194 2221 1549 2295 προσιόντας,
1591 2219 1739 2299 αὐτῷ
1770 2219 1921 2298 μόνῳ

312 2311 408 2377 τῆς
450 2308 548 2361 τοῦ
588 2316 846 2378 κατηχεῖν
887 2309 1172 2379 διατριβῆς
1202 2303 1312 2362 ὑπὸ
1343 2312 1668 2381 Δημητρίου
1698 2309 1799 2364 τοῦ
1827 2309 1922 2379 τῆς

316 2392 604 2461 ἐκκλησίας
651 2393 993 2462 προεστῶτος
1041 2393 1531 2464 ἐπιτετραμμένης,
1582 2387 1923 2464 ἀσύμφωνον

314 2471 657 2547 ἡγησάμενος
708 2471 810 2546 τὴν
849 2477 960 2531 τῶν
1002 2478 1396 2548 γραμματικῶν
1436 2474 1617 2548 λόγων
1659 2480 1923 2532 διδασκα-

316 2563 443 2614 λίαν
484 2561 552 2630 τῇ
592 2555 726 2631 πρὸς
765 2556 829 2614 τά
859 2568 989 2615 θεῖα
1020 2558 1365 2632 παιδεύματα
1395 2556 1651 2631 ἀσκήσει,
1691 2557 1764 2632 μὴ
1793 2565 1922 2631 μελ-

251 2659 294 2692 30
318 2640 488 2713 λήσας
539 2640 957 2714 ἄπορρήγνυσιν
1006 2640 1103 2700 ὂέτε
1155 2643 1415 2716 ἀνωφελῆ
1466 2645 1557 2700 καὶ
1601 2656 1713 2709 τοῖς
1757 2647 1937 2715 ἱεροῖς>

316 2726 640 2799 μαθήμασιν
691 2730 952 2783 ἐναντίαν
1001 2726 1102 2799 τὴν
1150 2734 1259 2785 τῶν
1307 2731 1699 2802 γραμματικῶν
1744 2725 1955 2799 λόγων“’

318 2809 622 2887 διατριβήν.
707 2816 752 2868 9.
804 2811 920 2867 εἶτα
960 2816 1200 2888 λογισμῷ
1242 2811 1576 2885 καθήκοντι,
1630 2807 1702 2880 ῶς
1741 2807 1812 2868 ἂν
1846 2806 1953 2886 μὴ
