2032 3174
318 134 382 184 12
999 132 1245 173 EUSEBII

318 251 498 310 πάντα
530 251 666 308 κατὰ
697 248 793 307 τὸν
823 248 998 306 τύπον
1029 248 1125 306 τὸν
1158 250 1449 355 δειχθέντα
1473 267 1560 306 σοι
1593 252 1651 307 ἐν
1673 253 1749 327 τῷ
1780 247 1928 325 ὅρει”

319 333 692 411 παραδιδούς,
725 330 981 408 ἀρχιερέα
1011 338 1181 404 θεοῦ,
1226 333 1299 399 ὡς
1332 335 1464 406 ἐνῆν
1493 332 1728 406 μάλιστα
1760 340 1933 393 δυνα-

318 419 442 492 τὸν,
475 417 781 491 ἄνθρωπον
813 422 1177 491 ἐπιφημίσας,
1219 423 1416 474 τοῦτον
1448 418 1689 492 Χριστὸν
1729 444 1935 492 αναγο-

320 503 486 578 ρεῦει.
549 506 640 560 καὶ
670 501 844 577 ταύτῃ
877 526 939 575 γε
967 505 1036 576 τῇ
1058 500 1194 559 κατὰ
1212 501 1313 574 τὴν
1343 501 1765 576 ἀρχιερωσύνην
1787 501 1932 580 ἀξίᾳ,

276 612 295 644 5
321 595 505 646 πᾶσαν
537 585 966 663 ὑπερβαλλούσῃ
1007 583 1138 661 παρ’
1174 584 1322 662 αὐτῷ
1366 585 1470 658 τὴν
1512 589 1571 643 ἐν
1610 585 1935 661 ἀνθρώποις

320 678 654 748 προεδρίαν,
701 674 790 729 ε’πὶ
820 676 948 745 τιμῇ
989 672 1079 728 καὶ
1113 669 1244 744 δόξῃ
1283 670 1343 728 τὸ
1374 673 1472 728 τοῦ
1502 675 1748 745 Χριστοῦ
1777 694 1935 745 περι-

318 763 546 830 τίθησιν
568 755 756 830 ὄνομα.
801 752 975 822 οὕτως
998 753 1104 829 ἄρα
1127 755 1224 813 τὸν
1236 753 1479 856 Χριστὸν
1494 754 1657 813 θεῖόν
1679 780 1730 812 τι
1753 760 1934 830 χρῆμα

318 840 598 915 ἠπίστατο.
673 844 720 897 3.
753 838 781 897 ὁ
817 837 870 895 δ’
905 837 1069 907 αὐτὸς
1109 842 1200 897 καὶ
1242 838 1341 912 τὴν
1383 844 1480 898 τοῦ
1506 836 1684 913 Ἰησοῦ
1724 858 1932 914 προση-

319 931 514 999 γορίαν
546 916 610 983 εῦ
639 922 785 998 μάλα
816 923 1087 997 πνεύματι
1117 930 1259 1000 θείῳ
1300 921 1549 996 προϊδών
1587 925 1756 982 πάλιν
1786 925 1934 992 τινὸς

255 1032 296 1064 10
324 1012 600 1110 ἐξαιρέτου
632 1014 935 1081 προνομίας
966 1011 1055 1065 καὶ
1098 1007 1306 1081 ταύτην
1336 1006 1490 1076 ἀξιοῖ.
1564 1006 1766 1066 οὔποτε
1796 1013 1937 1081 γοῦν

320 1094 591 1169 πρότερον
625 1094 956 1166 ἐκφωνηθὲν
988 1098 1064 1159 εἰς
1095 1090 1434 1194 ἀνθρώπους
1460 1095 1593 1167 πρὶν
1615 1088 1650 1166 ῆ
1682 1095 1936 1151 Μωυσέα

320 1182 647 1251 γνωσθῆναι
688 1176 748 1235 τὸ
787 1181 886 1234 τοῦ
913 1173 1092 1250 Ἰησοῦ
1133 1176 1424 1251 πρόσρημα
1464 1176 1641 1254 τούτῳ
1681 1181 1934 1250 Μωυσῆς

321 1261 521 1339 πρώτω
554 1265 646 1319 καὶ
675 1260 827 1338 μόνω
868 1268 1253 1335 περιτίθησιν,
1294 1257 1361 1319 ὂν
1391 1286 1526 1319 κατα
1558 1285 1734 1320 τυπον
1765 1253 1931 1330 αὖθις

321 1349 413 1404 καὶ
444 1345 726 1420 σύμβολον
758 1351 898 1418 ἕγνω
938 1345 1075 1419 μετὰ
1115 1343 1217 1418 τὴν
1247 1342 1422 1403 αὐτοῦ
1450 1344 1713 1418 τελευτὴν
1745 1351 1934 1404 διαδε-

255 1455 296 1487 15
319 1431 550 1504 ξάμενον
599 1430 699 1504 τὴν
750 1429 887 1487 κατὰ
927 1428 1152 1487 πάντων
1192 1426 1381 1504 ἀρχήν.
1464 1435 1511 1489 4.
1556 1427 1623 1487 οῦ
1663 1429 1936 1505 πρότερον

318 1522 457 1587 γοῦν
498 1514 595 1573 τὸν
635 1513 809 1572 αὐτοῦ
851 1512 1112 1587 διάδοχον
1152 1520 1218 1589 τῇ
1249 1517 1348 1572 τοῦ
1374 1511 1555 1588 Ἰησοῦ
1595 1517 1935 1589 κεχρημένον

319 1606 696 1675 προσηγορίᾳ,
746 1597 976 1672 ὀνόματι
1019 1598 1080 1654 δὲ
1133 1600 1300 1675 ἑτέρῳ
1342 1603 1417 1675 τῷ
1461 1597 1653 1672 Αῦσῇ,
1703 1596 1838 1674 ὅπερ
1881 1604 1941 1657 οἱ

318 1683 687 1756 γεννήσαντες
718 1679 869 1759 αὐτῷ
897 1685 1166 1754 τέθειντο,
1200 1680 1563 1755 καλούμενον,
1587 1681 1800 1755 Ἰησοῦν
1831 1683 1935 1740 αῦ-

320 1767 411 1835 τὸς
457 1765 813 1841 ἀναγορεύει,
868 1767 1032 1840 γέρας
1073 1762 1259 1840 ὥσπερ
1311 1774 1493 1840 τίμιον
1544 1765 1747 1833 παντὸς
1787 1766 1934 1825 πολῦ

258 1876 299 1907 20
321 1859 507 1926 μεῖζον
545 1855 835 1924 βασιλικοῦ
879 1848 1213 1923 διαδήματος
1256 1849 1499 1924 τοῦνομα
1540 1850 1690 1929 αὐτῷ
1722 1851 1931 1927 δωροῦ-

320 1961 483 2009 μενος
502 1981 517 2009 ,
548 1935 631 1994 ὅτι
664 1933 732 2008 δὴ
763 1936 855 1992 καὶ
887 1932 1049 2001 αὐτὸς
1079 1932 1108 1991 ὃ
1139 1938 1237 1991 τοῦ
1264 1941 1432 2005 Ναυῆ
1456 1935 1669 2009 Ἰησοῦς
1699 1942 1796 1994 τοῦ
1827 1955 1932 1995 σω-

322 2027 483 2094 τῆρος
514 2019 673 2129 ῆμῶν
703 2019 805 2091 τὴν
837 2017 1022 2076 εἰκόνα
1060 2023 1243 2092 ἔφερε,
1276 2023 1371 2076 τοῦ
1394 2019 1570 2093 μόνου
1593 2021 1728 2094 μετὰ
1750 2030 1933 2079 Μωυ-

322 2107 421 2162 σέα
452 2107 544 2161 καὶ
576 2102 632 2161 τὸ
657 2106 1024 2177 συμπέρασμα
1039 2106 1134 2175 τῆς
1168 2100 1242 2159 δι’
1266 2107 1483 2162 ἐκείνου
1513 2111 1933 2178 παραδοθείσης

323 2191 662 2273 συμβολικῆς
693 2193 976 2261 λατρείας,
1008 2191 1102 2259 τῆς
1133 2185 1380 2259 αληθοῦς
1413 2191 1504 2245 καὶ
1534 2188 1933 2261 καθαρωτατης

256 2294 298 2327 25
323 2271 609 2345 εὐσεβείας
639 2271 740 2344 τὴν
771 2270 947 2345 ἀρχὴν
978 2273 1390 2344 διαδεξαμένου.
1463 2277 1512 2330 5.
1548 2275 1639 2329 καὶ
1680 2274 1933 2346 Μωυσῆς

319 2381 423 2430 μεν
462 2355 634 2430 ταύτῃ
679 2378 754 2428 πη
789 2358 918 2413 δυσὶ
948 2368 1062 2423 τοῖς
1103 2352 1223 2412 κατ’
1259 2355 1429 2414 αὐτὸν
1468 2354 1634 2431 αρετῇ
1674 2359 1765 2414 καὶ
1799 2356 1933 2431 δόξῃ

320 2439 469 2515 παρὰ
492 2439 670 2498 πάντα
693 2439 788 2498 τὸν
812 2439 946 2498 λαὸν
969 2441 1346 2513 προφέρουσιν
1365 2439 1705 2515 ἀνθρώποις,
1730 2447 1806 2518 τῷ
1828 2443 1933 2515 μὲν

320 2522 588 2600 ἀρχιερεῖ,
621 2529 695 2602 τῷ
729 2525 791 2581 δὲ
821 2522 940 2597 μετ’
978 2521 1150 2581 αὐτὸν
1180 2523 1533 2602 ἡγησομένῳ,
1564 2523 1667 2598 τὴν
1696 2530 1794 2584 τοῦ
1826 2545 1930 2583 σω-

322 2613 484 2683 τῆρος
515 2605 674 2683 ἡμῶν
698 2607 877 2682 Ἰησοῦ
905 2614 1147 2683 Χριστοῦ
1178 2617 1555 2684 προσηγορίαν
1587 2611 1672 2667 ἐπὶ
1705 2613 1835 2683 τιμῇ
1862 2613 1932 2684 τῇ

240 2718 299 2751 -3ο
321 2699 551 2768 μεγίστῃ
583 2695 969 2767 περιτέθειται.
1020 2699 1066 2750 6.
1094 2697 1285 2766 σαφῶς
1312 2695 1373 2751 δὲ
1396 2696 1486 2752 καὶ
1518 2698 1576 2751 οἰ
1591 2691 1727 2766 μετὰ
1754 2696 1934 2751 ταῦτα

322 2782 600 2852 προφῆται
651 2777 914 2850 ὀνομαστὶ
965 2777 1062 2835 τὸν
1115 2777 1354 2850 Χριστὸν
1405 2783 1934 2850 προαναφωνοῦσιν,

323 2861 463 2936 ὁμοῦ
486 2862 587 2935 τὴν
611 2866 924 2936 μέλλουσαν
942 2869 1167 2919 ἔσεσθαι
1192 2861 1309 2919 κατ’
1334 2861 1504 2920 αὐτοῦ
1528 2861 1809 2935 συσκευῆν
1830 2867 1933 2919 τοῦ
