1986 3152
267 115 371 168 375
939 114 1190 156 Ensssssu

269 235 358 298 ξος
402 230 506 303 μὲν
549 229 723 286 τᾶλλα
776 229 1001 306 πλούτῳ
1053 251 1111 285 τε
1157 229 1250 285 καὶ
1295 230 1442 300 γένει
1491 230 1583 286 καὶ
1628 235 1874 306 παιδείᾳ,

268 315 451 370 πάντα
494 336 558 384 γε
599 312 711 386 μὴν
757 312 992 386 δεύτερα
1034 313 1406 386 σωφροσύνης
1436 315 1758 387 τεθειμένη,
1798 312 1876 386 ἢν

267 399 360 454 καὶ
391 397 567 454 πολλὰ
598 396 904 470 λιπαρήσας
945 410 1154 454 κτεῖναι
1195 397 1301 470 μὲν
1342 399 1569 470 ἑτοίμως
1599 398 1873 471 θνήσκειν

268 487 509 554 ἔχουσαν
538 479 643 554 οὐχ
675 478 789 547 οἷός
818 504 877 538 τε
905 475 978 554 ἦν
996 525 1010 553 ,
1051 486 1148 554 τῆς
1190 484 1490 554 ἐπιθυμίας
1519 488 1735 554 μᾶλλον
1764 489 1876 540 τοῦ

225 571 460 639 ὃθυμοῦ
503 565 957 639 κατακρατούσης
1015 561 1221 637 αὐτοῦ,
1275 570 1433 640 φυγῇ
1486 566 1548 622 δὲ
1599 566 1877 639 ζημιώσας

267 650 447 722 πάσης
498 648 758 722 άφείλετο
808 654 905 722 τῆς
946 645 1161 716 ου’σίας.
1246 654 1325 706 16.
1385 656 1578 723 μυρίαι
1622 649 1677 706 δ’
1712 650 1880 708 ἄλλαι

267 734 407 807 πρὸς
448 739 564 791 τῶν
603 732 730 791 κατ’
777 738 945 799 ἔθνος
991 732 1281 807 ἀρχόντων
1327 740 1592 807 πορνείας
1637 733 1879 807 ἀπειλὴν

266 817 400 891 μηδ’
447 817 686 877 άκοῦσαι
727 819 1100 890 δεδυνημέναι
1149 823 1264 875 πᾶν
1305 817 1454 884 εἶδος
1484 818 1750 890 βασάνων
1779 819 1878 876 καὶ

267 900 663 975 στρεβλώσεων
692 902 785 958 καὶ
809 902 1210 1005 θανατηφόρου
1237 902 1514 968 κολάσεως
1533 900 1871 976 ὑπέστησαν.

203 1008 244 1039 10
267 987 590 1059 θαυμασταὶ
629 987 733 1059 μὲν
775 988 881 1043 οὐν
923 988 1017 1043 καὶ
1059 989 1254 1058 αὑται,
1308 985 1615 1061 ὑπερφυῶς
1655 1010 1719 1073 γε
1759 986 1878 1060 μὴν

265 1070 698 1143 θαυμασιωτάτη
747 1069 781 1143 ἡ
826 1071 914 1127 ἐπὶ
950 1069 1154 1143 Ῥώμης
1208 1069 1575 1143 ευγενεστάτη
1626 1075 1702 1147 τῷ
1754 1070 1879 1128 ὄντι

267 1156 359 1211 καὶ
391 1152 822 1228 σωφρονεστάτη
861 1153 1006 1226 γυνὴ
1049 1159 1275 1226 πασῶν,
1321 1151 1408 1221 αἶς
1455 1156 1811 1228 ἐμπαροινεῖν
1841 1153 1877 1211 ὁ

267 1241 443 1295 ἐκεῖσε
472 1238 750 1311 τύραννος
775 1240 1088 1306 Μαξέντιος
1118 1236 1184 1294 τά
1208 1237 1370 1311 ὅμοια
1389 1242 1687 1315 Μαξιμίνῳ
1719 1243 1879 1311 δρῶν

269 1325 538 1396 ἐπειρᾶτο.
612 1326 692 1378 17.
741 1320 814 1389 ὡς
855 1321 963 1395 γάρ
996 1321 1320 1389 έπιστάντας
1359 1328 1434 1398 τῷ
1478 1332 1613 1400 οἴκῳ
1644 1322 1776 1389 τούς
1805 1322 1875 1379 τοὶ

205 1426 244 1458 1⁵
267 1412 492 1464 τοιαῦτα
521 1412 599 1482 τῷ
621 1407 883 1484 τυράννῳ
908 1408 1378 1479 διακονουμένους
1403 1406 1674 1479 ἐπύθετο,
1706 1406 1871 1480 (Χρι-

268 1489 463 1563 στιανὴ
506 1491 691 1548 δὲκαὶ
723 1491 865 1564 αὕτη
895 1485 1022 1564 ἦν),
1074 1491 1175 1547 τόν
1214 1514 1274 1548 τε
1314 1488 1496 1565 ἄνδρα
1539 1490 1636 1548 τὸν
1678 1491 1877 1563 αὐτῆς,

267 1577 358 1632 καὶ
387 1581 563 1632 ταῦτα
587 1571 869 1648 Ῥωμαίων
899 1575 1034 1633 ὄντα
1066 1581 1340 1648 ἔπαρχον,
1380 1581 1483 1632 τοῦ
1515 1577 1678 1642 δέους
1709 1579 1878 1633 ἕνεκα

268 1659 539 1731 λαβόντας
570 1659 726 1731 ἄγειν
759 1657 939 1733 αὐτὴν
960 1661 1347 1733 ἐπιτρέψαντα,
1381 1665 1459 1726 εἰς
1484 1659 1702 1734 βραχύν
1725 1658 1875 1717 ὑπο·

268 1745 744 1817 παραιτησαμένη,
788 1742 862 1810 ὥς
904 1742 975 1801 ἄν
1017 1743 1086 1816 δὴ
1119 1751 1566 1817 κατακοσμηθείη
1596 1743 1657 1801 τὸ
1691 1749 1876 1817 σῶμα,

204 1845 245 1877 20
269 1837 498 1885 εἴσεισιν
531 1830 622 1885 ἐπὶ
651 1834 753 1885 τοῦ
783 1835 1053 1902 ταμιείου,
1084 1829 1178 1884 καὶ
1201 1837 1522 1901 μονωθεῖσα
1546 1832 1703 1901 ξίφος
1736 1827 1872 1884 καθ’

271 1914 468 1984 ἑαυτῆς
508 1913 783 1984 πήγνυσι,
833 1912 1096 1970 θανοῦσά
1147 1935 1205 1969 τε
1247 1918 1580 1986 παραχρῆμα
1629 1912 1729 1969 τὸν
1769 1913 1879 1986 μὲν

268 1996 473 2069 νεκρὸν
524 2010 640 2063 τοῖς
691 2010 1044 2071 προαγωγοῖς
1094 1997 1523 2070 καταλιμπάνει,
1578 2003 1757 2070 ἔργοις
1813 1995 1873 2054 δ’

269 2076 461 2145 αὐτοῖς
493 2079 710 2152 ἁπάσης
740 2086 933 2153 φωνῆς
963 2082 1385 2153 γεγωνοτέροις,
1417 2078 1500 2137 ὅτι
1527 2081 1704 2154 μόνον
1733 2105 1875 2153 χρη-

268 2163 458 2235 μάτων
489 2162 761 2235 άήττητόν
790 2188 848 2221 τε
878 2166 972 2221 καὶ
1002 2163 1332 2237 ἀνώλεθρον
1361 2162 1396 2235 ἡ
1428 2164 1577 2238 παρὰ
1610 2173 1866 2237 Χριστια-

205 2263 246 2295 25
270 2259 388 2313 νοῐς
429 2246 596 2319 ἀρετὴ
637 2249 919 2320 πέφυκεν,
972 2253 1052 2314 εἰς
1100 2247 1312 2314 πάντας
1353 2247 1698 2319 ἀνθρώπους
1742 2248 1879 2314 τούς

267 2353 325 2387 τε
366 2336 476 2387 νῦν
515 2330 681 2398 ὄντας
722 2332 815 2387 καὶ
866 2331 999 2398 τούς
1048 2331 1184 2404 μετὰ
1235 2337 1411 2388 ταῦτα
1463 2333 1878 2406 γενησομένους

272 2417 514 2487 ἐξέφηνε.
589 2419 669 2472 18.
725 2415 968 2489 τοσαύτη
1008 2420 1148 2488 δῆτα
1192 2422 1385 2483 κακίας
1426 2416 1572 2490 φορά
1622 2415 1726 2488 ὑφ’
1773 2420 1877 2474 ἕνα

269 2500 362 2555 καὶ
403 2498 503 2555 τὸν
545 2498 723 2556 αὐτὸν
765 2502 1090 2573 συνηνέχθη
1130 2499 1352 2572 καιρὸν,
1407 2501 1548 2573 πρὸς
1599 2506 1712 2558 τῶν
1767 2501 1878 2558 δύο

267 2583 563 2656 τυράννων
610 2582 888 2657 ἀνατολὴν
931 2585 1025 2641 καὶ
1067 2585 1232 2642 δυ’σιν
1275 2585 1643 2657 διειληφότων
1673 2608 1871 2658 κατερ-

206 2683 246 2715 30
270 2675 563 2737 γασθεῖσα.
635 2673 718 2734 τίς
760 2667 813 2724 δ’
858 2667 929 2725 ἂν
969 2668 1073 2741 τὴν
1111 2673 1226 2725 τῶν
1255 2670 1538 2726 τοσούτων
1568 2669 1875 2742 διερευνώ-

267 2774 432 2824 μενος
464 2757 649 2808 αἰτίαν
681 2753 927 2820 διστάξαι
965 2752 1040 2826 μὴ
1083 2751 1210 2825 οὐχὶ
1238 2752 1338 2809 τὸν
1369 2753 1502 2809 καθ’
1537 2751 1695 2826 ἡμῶν
1738 2757 1870 2809 διω-
1934 2750 1939 2752 ’

277 2837 422 2909 γμόν
453 2833 886 2909 ἆποφήνασθαι;
929 2837 1017 2894 ὅτε
1048 2860 1111 2909 γε
1180 2837 1371 2893 άλιστα
1404 2835 1470 2894 ov’
1503 2838 1777 2912 πρότερον
1806 2836 1876 2893 τοὶ
