1986 3152
242 65 346 116 254
913 61 1162 102 EUSEBH

234 179 446 253 “κυρίῳ
487 185 717 250 χαίρειν.
792 174 1003 247 ἐλαφροὶ
1043 198 1132 246 μοι
1172 176 1262 230 καὶ
1295 178 1478 247 κοῦφα
1507 173 1573 232 τοὶ
1606 173 1779 249 δεσμοὶ
1811 174 1847 233 ὁ

235 260 462 334 “κυ’ριος
495 265 716 331 ἐποίησε
747 258 884 315 κατὰ
915 258 1011 315 τὸν
1041 256 1235 328 καιρὸν
1264 262 1359 330 τῆς
1393 263 1629 332 εἱρκτῆς,
1661 270 1845 318 πυθο-

231 341 415 420 “μένω
445 368 537 416 μοι
567 347 661 415 τῆς
692 338 852 415 ἁγίας
888 341 1044 414 ὑμῶν
1067 347 1178 399 τῶν
1205 339 1532 415 Ἀντιοχέων
1557 347 1848 417 ἐκκλησίας

249 425 404 485 κατὰ
443 426 544 500 τὴν
582 434 749 484 θείαν
789 426 1057 500 πρόνοιαν
1081 424 1490 499 Ἀσκληπιαδην
1530 426 1627 484 τὸν
1658 431 1840 500 ἐπιτη-

197 538 217 568 5
231 511 551 570 “δειότατον
581 535 680 568 κατ
687 508 888 578 ’ἀξίαν
918 511 1019 582 τὴν
1043 516 1230 567 πίστιν
1252 516 1347 583 τῆς
1375 513 1721 601 ἑπισκοπῆς’
1698 535 1844 584 εγκε-

230 594 626 670 “χειρισμένον.
629 591 661 612 ”
721 600 770 651 6.
804 593 1009 667 ταύτην
1043 595 1103 651 δε
1133 595 1235 667 τὴν
1268 594 1561 666 ἐπιστολὴν
1592 596 1846 692 σημαίνει

241 680 331 737 δια
363 678 679 753 Κλήμεντος
720 675 1149 751 απεσταλκέναι,
1190 678 1325 753 πρὸς
1369 683 1445 756 τῷ
1477 681 1619 736 τέλει
1649 682 1850 737 τοῦτον

238 763 470 838 γράφων
500 762 596 821 τὸν
625 762 830 834 τρόπον
847 760 1052 820 “rafim
1079 764 1140 820 δὲ
1162 762 1319 837 ὑμῖν,
1352 762 1539 837 κύριοί
1555 788 1662 837 μου
1686 760 1847 820 ἀδελ-

231 845 394 921 “φοὶ,
445 848 511 905 τὰ
563 847 852 922 γράμματα
904 846 1197 905 ἀπέστειλα
1251 846 1341 904 διὰ
1389 846 1703 921 Κλήμεντος
1746 853 1847 905 τοῦ

176 931 543 1006 ιο“μακαρίου
586 934 996 1006 πρεσβυτέρου,
1037 930 1239 1007 ἀνδρὸς
1283 934 1543 1005 ἐναρέτου
1574 934 1665 989 καὶ
1698 937 1845 989 δοκί-

231 1016 397 1090 “μου,
428 1015 494 1074 ὃν
525 1027 639 1074 ἴστε
670 1019 759 1073 καὶ
791 1012 948 1089 ὑμεῖς
982 1018 1073 1073 καὶ
1106 1015 1514 1088 ἐπιγνώσεσθε,
1546 1012 1605 1082 ὃς
1636 1019 1728 1074 καὶ
1760 1019 1845 1073 ε’ν-

229 1100 413 1158 “θοὲδε
454 1100 648 1174 παρεὸν
689 1098 826 1157 κατὰ
855 1100 956 1172 τὴν
986 1099 1256 1173 πρόνοιαν
1288 1103 1379 1157 καὶ
1411 1100 1715 1172 ἐπισκοπὴν
1745 1103 1843 1156 τοῦ

230 1181 541 1241 “δεσπότου
583 1182 903 1257 ἐπεστήριξέ
939 1208 997 1241 τε
1029 1187 1119 1240 καὶ
1152 1183 1355 1256 ηὔξησε
1385 1183 1486 1255 τὴν
1515 1187 1617 1241 τοῦ
1646 1190 1849 1257 κυρίου

230 1265 612 1340 “ε’κκλησίαν.”

179 1371 217 1402 15
365 1364 469 1412 XII.
524 1363 654 1428 [Nic.
684 1364 738 1412 H.
768 1364 819 1412 E.
850 1365 903 1421 V,
932 1362 1003 1428 3.]
1090 1355 1199 1410 Τοῦ
1242 1352 1300 1409 δὲ
1342 1358 1711 1425 Σαραπίωνος
1751 1355 1846 1425 τῆς

238 1439 364 1511 περὶ
407 1435 602 1508 λόγους
643 1433 926 1508 ασκήσεως
969 1438 1058 1493 καὶ
1090 1434 1230 1493 αλλα
1260 1460 1363 1509 μεν
1395 1435 1539 1503 εἰκὸς
1571 1435 1847 1505 σώζεσθαι

237 1520 364 1595 παρ’
405 1522 607 1595 ἑτέροις
639 1519 1023 1594 ὑπομνήματα,
1058 1527 1135 1588 εἰς
1163 1519 1305 1594 ἡμᾶς
1338 1522 1400 1578 δὲ
1431 1519 1572 1594 μόνα
1603 1523 1846 1593 κατῆλθε

235 1604 301 1662 τοὶ
340 1606 474 1676 πρὸς
505 1615 818 1678 Δομνῖνον,
864 1605 1248 1663 ἐκπεπτωκότα
1290 1603 1422 1683 τινὰ,
1443 1604 1591 1676 παρὰ
1620 1605 1716 1662 τὸν
1747 1608 1846 1662 τοῦ

239 1693 486 1762 διωγμοῦ
516 1687 709 1763 καιρὸν
739 1686 846 1746 ἀπὸ
877 1696 972 1761 τῆς
1005 1696 1082 1757 εἰς
1106 1687 1348 1764 Χριστὸν
1370 1693 1604 1755 πίστεως
1631 1691 1718 1746 ἐπὶ
1742 1689 1846 1761 τὴν

173 1796 213 1827 20
234 1771 543 1847 Ἰουδαϊκὴν
575 1778 1062 1846 ἐθελοθρησκείαν,
1095 1776 1185 1831 καὶ
1216 1773 1281 1830 τοὶ
1314 1771 1448 1847 πρὸς
1479 1772 1721 1831 Πόντιον
1752 1775 1847 1830 καὶ

236 1858 513 1932 Καρικὸν,
562 1859 1044 1930 ἐκκλησιαστικοὺς
1086 1856 1325 1931 ἄνδρας,
1367 1859 1457 1915 καὶ
1502 1855 1662 1914 ἄλλαι
1709 1856 1846 1932 πρὸς

236 1945 453 2015 ἑτέρους
487 1947 791 2000 ἐπιστολαί·
845 1946 891 1998 2.
927 1941 1110 2017 ἕτερός
1141 1965 1199 2000 τε
1229 1943 1662 2015 συντεταγμένος
1695 1938 1846 2018 αὐτῷ

237 2024 395 2098 λόγος
438 2029 563 2100 περὶ
603 2029 703 2083 τοῦ
743 2028 1045 2099 λεγομένου
1077 2027 1212 2084 κατὰ
1244 2028 1463 2101 Πέτρον
1493 2023 1843 2098 εὐαγγελίου,

236 2106 301 2166 ὃν
325 2116 615 2182 πεποίηται
639 2107 959 2211 ἆπελέγχων
982 2110 1047 2166 τὰ
1071 2115 1290 2179 ψευδῶς
1317 2114 1377 2170 ἐν
1393 2109 1542 2186 αὐτῷ
1564 2111 1844 2182 εἰρημένα,

174 2212 215 2245 25
241 2192 331 2250 δια
361 2218 510 2260 τινας
545 2197 604 2250 ἐν
633 2198 699 2267 τῇ
730 2193 867 2250 κατὰ
892 2190 1128 2251 Ρωσσὸν
1157 2201 1418 2269 παροικία
1449 2192 1723 2268 προφάσει
1747 2197 1844 2266 τῆς

238 2282 526 2351 εἰρημένης
565 2280 782 2351 γραφῆς
829 2283 904 2343 εἰς
938 2276 1288 2351 ἕτεροδόξους
1323 2284 1680 2345 διδασκαλίας
1710 2275 1843 2335 ἄπο-

237 2369 540 2430 κείλαντας
621 2361 718 2435 ἀφ’
772 2353 837 2432 ἧς
890 2363 1119 2433 εὔλογον
1170 2370 1431 2436 βραχείας
1483 2364 1844 2434 παραθέσθαι

237 2449 426 2518 λέξεις,
461 2445 533 2504 δι’
565 2471 643 2503 ων
673 2445 743 2518 ἣν
778 2446 887 2519 εἶχε
919 2450 1043 2520 περὶ
1076 2452 1174 2504 τοῦ
1205 2454 1427 2519 βιβλίου
1458 2446 1688 2519 γνώμην
1711 2469 1841 2520 προ·

235 2538 461 2604 τίθησιν
498 2528 641 2588 οὕτω
680 2530 911 2605 γράφων
950 2535 996 2588 3.
1033 2527 1225 2604 “fiuetg
1264 2530 1398 2605 γὰρ,
1443 2530 1706 2604 ἀδελφοὶ,
1749 2532 1843 2587 καὶ

173 2633 214 2665 30
230 2610 484 2718 “Πέτρον
530 2617 620 2671 καὶ
669 2614 795 2682 τούς
835 2613 1035 2682 ἄλλους
1076 2614 1413 2682 ἀποστόλους
1453 2613 1841 2687 ἀποδεχόμεθα

229 2695 342 2800 ἓως
366 2698 623 2772 Χριστὸν,
655 2698 719 2756 τὰ
754 2696 861 2756 δέ’
836 2699 1063 2771 ονόματι
1095 2698 1280 2757 αὐτῶν
1311 2705 1737 2772 ψευδεπίγραφοι
1769 2722 1842 2764 ως

229 2778 514 2857 “ἐ’μπειροι
544 2782 981 2858 παραιτούμεθα,
1014 2784 1377 2857 γινώσκοντες
1408 2783 1490 2841 ὅτι
1520 2807 1584 2840 τα
1618 2786 1841 2840 τοιαῦτα
