1986 3152
565 113 647 153 DE
680 112 862 154 MART.
895 112 1182 157 PALAEST.
1213 114 1292 155 XI.
1630 113 1736 165 409

129 230 406 299 ἐξετάζων.
478 233 558 287 13.
607 225 682 295 ὦς
714 227 768 286 δ’
805 232 895 286 ἐπὶ
926 230 1096 287 πλέον
1126 229 1343 303 μάστιξι
1372 230 1473 287 τὸν
1503 238 1734 288 νεανίαν

125 314 435 387 καταξήνας
493 319 782 380 παντοίαις
839 337 898 371 τε
954 315 1404 389 τιμωρησάμενος
1472 316 1735 388 βασάνοις

127 398 557 471 ἀπαράλλακτον
605 398 709 470 τὴν
761 403 1022 456 ἔνστασιν
1080 388 1195 456 τῶν
1254 399 1526 474 πρότερον
1580 400 1733 478 αὐτῷ

127 483 419 556 ῥηθέντων
471 485 766 554 ἐγίνωσκε,
821 482 924 555 τὴν
977 484 1067 540 ἐπὶ
1107 482 1336 562 θανάτῳ
1386 484 1508 541 κατ’
1555 484 1734 542 αὐτοῦ

126 566 432 639 κεφαλικὴν
487 568 706 641 ἐκφέρει
757 573 964 640 ψῆφον.
1036 568 1316 642 τοσαύτην
1368 569 1472 642 μὲν
1525 564 1632 626 οὖν
1661 569 1772 626 τά5

125 650 265 707 κατὰ
295 655 499 708 τοῦτον
530 655 989 725 δραματουργίαν
1032 653 1248 727 εἰλήχει.
1309 655 1402 710 καὶ
1443 653 1574 720 τούς
1615 662 1734 711 λοι-

52 784 60 791 ,
126 734 268 801 πούς
299 735 362 792 δὲ
390 748 506 801 τοῖς
547 743 955 808 παραπλησίοις
998 734 1193 805 ἄθλοις
1236 739 1591 811 ἐγγυμνάσας
1638 738 1735 796 τὸν

128 819 320 893 ὅμοιον
382 817 717 876 ἀπαλλάττει
774 820 998 894 τρόπον.
1095 822 1181 878 14.
1242 820 1343 878 εἶτ’
1407 821 1733 895 ἀποκαμών,

126 903 394 976 διαγνούς
444 927 503 961 τε
555 909 632 969 εἰς
675 906 856 977 μάτην
907 914 1271 978 τιμωρεῖσθαι
1321 906 1451 972 τούς
1504 907 1734 981 ἄνδρας,

126 992 430 1062 ἐπιθυμίας
460 989 632 1064 κόρον
656 988 849 1061 λαβών
874 991 964 1046 ἐπὶ
987 989 1118 1056 τούς
1143 987 1287 1063 ἀμφὶ
1311 990 1409 1047 τὸν
1434 991 1735 1064 Πάμφιλον
1758 1012 1798 1044 10

125 1076 395 1148 μέτεισιν,
428 1070 827 1147 ἀναδιδαχθείς
867 1097 926 1131 τε
967 1069 1040 1140 ὦς
1070 1074 1179 1147 ἤδη
1210 1076 1303 1132 καὶ
1337 1074 1613 1149 πρότερον
1647 1075 1737 1132 διά

130 1158 397 1231 βασάνων
464 1154 810 1232 ἀμετάθετον
870 1162 1217 1227 ἐνεδείξαντο
1278 1159 1381 1232 τὴν
1431 1155 1577 1234 ὑπὲρ
1639 1165 1737 1231 τῆς

125 1249 365 1309 πίστεως
403 1249 758 1317 προθυμίαν,
802 1243 1155 1317 ἀνερωτήσας
1198 1250 1251 1301 εἰ
1286 1243 1395 1318 ἄρα
1426 1246 1591 1301 εἰσέτι
1629 1242 1735 1301 κᾶν

124 1332 235 1385 νῦν
289 1336 679 1401 πειθαρχοῖεν,
734 1327 1030 1402 δεξάμενός
1082 1352 1140 1386 τε
1191 1325 1331 1385 αὐτὸ
1371 1329 1546 1402 μόνον
1597 1326 1730 1402 παρ’

126 1411 250 1480 ἑνὸς
296 1412 530 1469 ἑκάστου
582 1412 683 1484 τὴν
733 1420 1064 1470 τελευταίαν
1117 1411 1306 1470 αὐτῶν
1356 1418 1452 1486 τῆς
1492 1413 1632 1470 κατὰ
1672 1412 1731 1470 τὸ
1757 1434 1797 1466 15

124 1496 438 1571 μαρτύριον
480 1495 778 1570 ὁμολογίας
818 1497 1045 1570 φωνὴν,
1084 1497 1187 1570 τὴν
1226 1495 1405 1570 αὐτὴν
1444 1511 1560 1564 τοῖς
1591 1520 1732 1568 προ-

126 1583 302 1657 τέροις
335 1582 526 1653 ἐπάγει
557 1588 843 1656 τιμωρίαν.
918 1587 999 1639 15.
1045 1583 1262 1640 τούτων
1304 1584 1394 1640 ἐπὶ
1427 1585 1598 1655 πέρας
1630 1581 1732 1655 ἀχ-

120 1669 343 1724 θέντων
384 1665 668 1741 μειράκιον
707 1672 804 1739 τῆς
847 1672 1118 1740 οἰκετικῆς
1148 1666 1404 1741 ὑπάρχον
1433 1672 1534 1724 τοῦ
1566 1677 1733 1740 Παμ-

125 1758 296 1824 φίλου
327 1757 666 1826 θεραπείας,
699 1748 791 1808 οἷα
821 1758 1025 1827 γνησία
1057 1750 1350 1827 ἀνατροφῇ
1381 1753 1477 1808 καὶ
1507 1757 1732 1826 παιδεία

122 1841 225 1892 τοῦ
254 1836 584 1908 τηλικούτου
617 1838 1040 1910 συνησκημένον
1072 1833 1310 1910 ἀνδρὸς,
1348 1834 1422 1903 ὡς
1457 1842 1599 1908 ἔγνω
1629 1835 1731 1908 τὴν
1754 1862 1796 1894 20

122 1920 262 1977 κατὰ
293 1925 396 1977 τοῦ
428 1921 703 1977 δεσπότου
739 1927 963 1994 ψῆφον,
1005 1919 1113 1978 ἀπὸ
1146 1923 1315 1995 μέσης
1345 1927 1442 1993 τῆς
1474 1918 1733 1994 πληθύος

123 2004 372 2080 ἀναβοᾷ,
425 2010 499 2079 γῇ
529 2005 596 2062 τὰ
629 2005 854 2079 σώματα
886 2010 1278 2080 παραδοθῆναι
1321 2005 1508 2073 ἀξιῶν.
1565 2010 1646 2061 16.
1701 2000 1730 2062 ὁ

123 2085 183 2146 δ’
216 2085 322 2146 ούκ
354 2089 689 2164 ἄνθρωπος,
723 2088 863 2146 ἀλλά
894 2090 1007 2165 θὴρ
1039 2091 1133 2147 καὶ
1164 2100 1221 2147 εἰ
1243 2114 1292 2146 τι
1313 2090 1491 2164 θηρὸς
1523 2087 1730 2165 ἀγριώ-

123 2198 287 2248 τερον
305 2219 320 2247 ,
351 2176 488 2248 μήτε
517 2179 594 2251 τῷ
624 2177 722 2247 τῆς
751 2173 966 2248 ἡλικίας
991 2173 1297 2248 ἀπονείμας
1327 2178 1435 2252 νέῳ
1469 2174 1731 2247 συγγνω-

120 2282 263 2331 μην,
318 2258 456 2316 αὐτὸ
508 2259 686 2332 μόνον
726 2257 801 2326 ὡς
844 2260 1124 2335 ἐρωτήσας
1167 2259 1551 2333 ὁμολογοῦντα
1593 2268 1731 2334 Χρι-
1753 2283 1795 2316 25

123 2342 354 2400 στιανόν
385 2349 628 2416 ἔμαθεν,
673 2343 859 2419 ὥσπερ
899 2343 1016 2402 ὑπό
1055 2368 1203 2412 τινος
1243 2338 1484 2419 τρωθεὶς
1515 2347 1731 2416 βέλους,

121 2427 352 2500 οἰδήσας
394 2427 496 2485 τὸν
534 2428 752 2502 θυμὸν,
806 2429 910 2504 ὅλῃ
943 2430 1178 2503 δυνάμει
1217 2443 1332 2496 τοῖς
1373 2436 1732 2502 βασανισταῖς

121 2518 365 2587 χρῆσθαι
405 2510 524 2568 κατ’
573 2511 755 2569 αὐτοῦ
794 2514 1133 2587 προστάττει.
1206 2518 1286 2570 15.
1336 2510 1410 2581 ὥς
1451 2512 1504 2570 δ’
1546 2517 1727 2571 ε’πικε·

122 2598 431 2671 λευομένου
462 2597 628 2654 θύειν
659 2595 1007 2655 ἀνανεύοντα
1041 2599 1215 2671 ἑώρα,
1248 2597 1448 2656 οὐκέθ’
1485 2597 1557 2665 ὥς
1589 2598 1728 2671 σάρ-

120 2705 219 2748 κας
243 2681 583 2756 ἀνθρώπου,
609 2679 736 2738 ἀλλ’
770 2681 804 2755 ἢ
829 2689 1030 2750 λίθους
1053 2681 1088 2756 ἢ
1115 2683 1255 2751 ξύλα
1279 2683 1316 2755 ἥ
1338 2707 1388 2740 τι
1409 2688 1522 2740 τῶν
1541 2680 1728 2739 ἄλλων
1749 2706 1792 2738 30

122 2763 390 2840 ἀψύχων,
417 2767 572 2840 ἄχρις
595 2764 788 2824 αὐτῶν
809 2766 1018 2825 ὀστέων
1040 2769 1132 2824 καὶ
1153 2773 1266 2824 τῶν
1291 2770 1351 2824 ἐν
1376 2768 1542 2840 βάθει
1558 2768 1647 2823 καὶ
1668 2768 1728 2822 έν

121 2865 319 2926 μυχοῖς
337 2853 674 2925 σπλάγχνων
698 2853 1034 2926 παραμόνως
1052 2855 1482 2920 καταξαίνεσθαι
1498 2850 1726 2908 κελεύει.
