2032 3174
301 140 335 192 8
974 138 1220 180 EUSEssn

302 252 456 329 γῆς.”
523 260 605 311 15.
639 251 720 321 οἷς
754 257 989 326 ἐπιλέγει
1012 249 1238 326 “κύριος
1271 255 1451 311 ἕκτισέ
1477 279 1543 327 με
1566 251 1742 329 άρχὴν
1764 252 1918 314 ὁδῶν

304 338 477 397 αὐτοῦ
519 344 595 405 εἰς
639 344 771 412 ἔργα
812 336 1012 409 αὐτοῦ,
1056 336 1161 412 πρὸ
1207 342 1304 395 τοῦ
1335 342 1535 407 αἰῶνος
1577 342 1923 412 ἐθεμελίωσέ

303 447 369 497 με
404 427 463 481 ἐν
493 420 654 498 άρχῄ,
686 421 792 497 πρὸ
823 426 921 479 τοῦ
943 421 1044 494 τὴν
1065 425 1173 494 γῆν
1197 425 1440 496 ποιῆσαι,
1465 423 1570 495 πρὸ
1595 428 1694 482 τοῦ
1718 431 1912 498 προελ-

304 519 434 567 θεῖν
463 507 557 574 τὰς
588 505 764 579 πηγάς
794 509 905 563 τών
934 505 1186 578 ὑδάτων,
1228 507 1334 579 πρὸ
1377 510 1476 564 τοῦ
1505 505 1604 582 ὅρη
1637 511 1916 582 ἑδρασθῆ·

262 619 282 651 5
306 618 424 664 ναι,
466 592 571 665 πρὸ
605 593 665 648 δὲ
707 589 932 648 πάντων
963 593 1187 662 βουνων
1226 594 1400 667 γεννᾷ
1426 615 1509 664 με.
1572 588 1740 664 ἡνίκα
1770 591 1915 665 ἡτοί-

304 685 435 750 μαζε
465 677 560 734 τὸν
591 673 862 749 οὐρανὸν,
895 674 1270 749 συμπαρήμην
1301 673 1449 753 αὐτῷ
1469 721 1483 747 ,
1516 678 1607 733 καὶ
1633 701 1706 744 ως
1726 673 1916 778 ἀσφα-

306 770 418 828 λεῖς
451 763 626 818 ἐτίθει
658 783 834 866 πηγάς
864 765 959 831 τῆς
990 755 1089 816 ὑπ’
1125 756 1395 833 οὐρανὸν,
1430 758 1575 833 ἤμην
1605 758 1738 835 παρ’
1766 758 1920 838 αὐτῷ

304 843 629 918 ἁρμόζουσα.
705 844 811 916 ἐγώ
859 841 1005 916 ἥμην
1048 835 1081 918 ᾐ
1119 847 1476 918 προσέχαιρε,
1527 843 1658 902 καθ’
1705 841 1923 919 ἡμέραν

308 931 370 986 δε
399 926 793 1002 ηυφραινόμην
826 927 1063 985 ἐνώπιον
1094 925 1266 985 αὐτοῦ
1298 932 1357 986 ἐν
1387 932 1552 986 παντὶ
1582 932 1783 1005 καιρῷ,
1825 929 1916 987 ὅτε

242 1041 283 1071 10
308 1012 648 1086 ηὐφραίνετο
679 1011 780 1086 τὴν
810 1013 1145 1085 οἰκουμένην
1168 1010 1554 1080 συντελέσαςΫ
1598 1019 1679 1070 16.
1707 1012 1790 1070 ὅτι
1814 1037 1922 1086 μεν

306 1098 409 1155 οὐν
447 1097 655 1172 προῆν,
698 1099 790 1154 καὶ
829 1099 977 1154 τισὶν
1023 1102 1073 1153 εί
1110 1099 1201 1154 καὶ
1232 1096 1304 1170 μὴ
1343 1111 1458 1165 τοῖς
1489 1101 1659 1155 πᾶσιν
1698 1096 1726 1154 ὁ
1757 1107 1918 1165 θεῖος

307 1181 467 1254 λόγος
508 1185 869 1254 ἐπεφαίνετο,
921 1178 1091 1238 ταῦθ’
1134 1177 1269 1254 ἡμῖν
1311 1180 1385 1248 ὡς
1428 1185 1487 1239 ἐν
1532 1185 1796 1258 βραχέσιν
1839 1188 1917 1239 εἰ-

308 1266 523 1339 ρήσθω.

437 1355 516 1407 17.
562 1355 629 1407 Τί
667 1347 734 1421 δὴ
773 1341 875 1406 οὖν
913 1345 1036 1421 οὐχὶ
1079 1347 1333 1423 καθάπερ
1376 1352 1583 1421 τανῦν,
1625 1352 1716 1406 καὶ
1747 1348 1917 1406 πάλαι

243 1459 284 1490 15
309 1433 577 1507 πρότερον
619 1441 694 1500 εἰς
735 1432 945 1500 πάντας
988 1430 1326 1506 ἀνθρώπους
1357 1434 1448 1490 καὶ
1489 1435 1658 1491 πᾶσιν
1690 1438 1923 1492 ἔθνεσιν

308 1517 663 1591 ἐκηρύττετο,
709 1508 818 1575 ὦδε
857 1513 927 1574 ἂν
967 1518 1180 1589 γένοιτο
1221 1515 1515 1590 πρόδηλον.
1587 1515 1689 1575 οὐκ
1729 1509 1800 1591 ἦν
1830 1540 1921 1575 πω

306 1617 508 1677 χωρεῖν
538 1598 652 1668 οἷός
683 1625 742 1659 τε
772 1601 873 1674 τὴν
903 1607 1001 1658 τοῦ
1025 1605 1266 1674 Χριστοῦ
1296 1600 1589 1673 πάνσοφον
1619 1604 1712 1658 καὶ
1743 1601 1918 1660 πανά-

308 1710 468 1759 ρετον
501 1691 866 1743 διδασκαλίαν
895 1683 924 1741 ὃ
957 1685 1125 1742 πάλαι
1155 1688 1268 1742 τῶν
1298 1681 1603 1759 άνθρώπον
1634 1691 1767 1757 βίος.
1834 1690 1914 1743 18.

310 1768 487 1837 εὐθυς
527 1771 627 1843 μὲν
669 1767 773 1842 γάρ
816 1771 875 1826 ἐν
906 1766 1046 1843 ἆρχῇ
1077 1766 1211 1841 μετά
1250 1767 1351 1841 τὴν
1380 1768 1607 1843 πρώτην
1650 1773 1709 1827 ἐν
1739 1794 1919 1842 μακα-

243 1879 284 1911 20
309 1862 447 1929 ριόις
481 1851 623 1926 ζωὴν
653 1851 681 1910 ὁ
713 1855 926 1926 πρῶτος
957 1850 1284 1926 ἅνθρωπος,
1317 1847 1479 1926 ἦττον
1509 1858 1603 1925 τῆς
1634 1860 1794 1922 θείας
1827 1858 1919 1912 ἐν-

307 1941 467 2012 τολῆς
497 1944 825 2012 φροντίσας,
859 1942 937 2004 εἰς
965 1940 1184 1994 τουτονὶ
1213 1936 1310 1994 τὸν
1348 1936 1561 2011 θνητὸν
1592 1941 1683 1995 καὶ
1726 1941 1917 2012 ἐπίκη-

308 2047 407 2095 ρον
431 2028 558 2095 βίον
582 2024 991 2093 καταπέπτωκε,
1025 2023 1116 2077 καὶ
1139 2019 1239 2093 τὴν
1263 2021 1535 2094 ἐπάρατον
1558 2025 1787 2095 ταυτηνὶ
1811 2027 1922 2095 γῆν

307 2112 403 2179 τῆς
434 2104 602 2163 πάλαι
635 2109 835 2164 ἐνθέου
864 2107 1077 2179 τρυφῆς
1099 2103 1614 2179 άντικατηλλάξατο,
1646 2112 1779 2164 οἵτε
1809 2106 1919 2164 ἀπὸ

307 2188 508 2248 τούτου
538 2189 640 2262 τὴν
671 2186 804 2247 καθ’
837 2190 976 2263 ἡμᾶς
1007 2187 1303 2262 σύμπασαν
1333 2189 1742 2265 πληρώσαντες,
1775 2192 1922 2248 πολὺ

243 2299 286 2331 25
309 2281 527 2348 χείρους
567 2273 945 2346 ἆναφανέντες
991 2271 1141 2340 ε’κτός
1185 2272 1307 2340 ἑνός
1346 2296 1455 2331 που
1495 2276 1586 2331 καὶ
1631 2277 1915 2346 δευτέρου,

308 2357 563 2433 θηριώδη
593 2357 716 2415 τινὰ
745 2357 950 2428 τρόπον
980 2360 1070 2414 καὶ
1111 2363 1239 2430 βίον
1268 2355 1508 2430 ἀβίωτον
1540 2358 1915 2433 ἐπανῄρηντο·

312 2448 390 2500 19.
425 2439 563 2499 άλλά
607 2445 698 2499 καὶ
740 2440 867 2499 οὔτε
896 2440 1061 2500 πόλιν
1100 2439 1226 2500 οὔτε
1256 2448 1566 2543 πολιτείαν,
1607 2440 1673 2501 οὐ
1703 2445 1919 2517 τέχνας,

309 2550 410 2584 ουκ
454 2525 754 2600 ἐπιστήμας
801 2529 890 2584 ἐπὶ
931 2529 1069 2583 νοῦν
1122 2525 1445 2600 ἐβάλλοντο,
1501 2525 1688 2600 νόμων
1727 2552 1785 2585 τε
1825 2529 1919 2584 καὶ

310 2610 695 2683 δικαιωμάτων
726 2612 818 2667 καὶ
849 2611 1073 2685 προσέτι
1095 2608 1290 2685 ἀρετῆς
1312 2614 1401 2668 καὶ
1425 2617 1755 2684 φιλοσοφίας
1785 2609 1919 2668 οὐδὲ

245 2720 286 2752 30
308 2692 573 2768 ὀνόματος
602 2708 872 2768 μετεῖχον,
904 2694 1140 2768 νομάδες
1174 2696 1235 2752 δε
1268 2693 1352 2753 ἐπ’
1376 2700 1623 2770 ἐρημίαις
1653 2692 1742 2752 οἷά
1772 2718 1920 2762 τινες
1978 2729 1987 2737 ·

310 2777 487 2852 άγριοι
515 2782 602 2836 καὶ
628 2778 860 2851 ἀπηνεῖς
886 2783 1098 2852 διῆγον,
1131 2803 1259 2847 τους
1289 2805 1391 2852 μεν
1417 2784 1475 2838 ἐκ
1498 2778 1719 2853 φύσεως
1751 2798 1916 2850 προσ-

309 2862 541 2936 ήκοντας
593 2861 918 2936 λογισμούς,
973 2864 1038 2921 τά
1088 2887 1147 2921 τε
1208 2864 1399 2936 λογικὰ
1452 2867 1543 2922 καὶ
1598 2861 1773 2937 ἥμερα
1822 2867 1919 2935 τῆς
