1986 3152
591 98 748 140 HIST.
773 97 1020 139 ECCLES.
1052 98 1126 140 IV.
1158 100 1196 142 8.
1604 97 1704 149 145

97 221 296 288 σοφίας
328 212 587 286 ἐραστὴς,
630 220 708 272 ἔτι
738 238 798 271 τε
827 228 942 280 τοῖς
972 213 1106 287 παρ’
1141 212 1404 287 Ἕλλησιν
1434 212 1704 288 ἀσκούμε-

96 323 190 366 νος
215 301 522 372 ἐνδιέτριβε
554 297 758 371 λόγοις.
814 305 1069 372 σημαίνει
1095 299 1156 356 δὲ
1180 302 1270 356 καὶ
1298 297 1461 366 αὐτὸς
1485 302 1704 356 τουτονὶ

95 381 192 441 τὸν
238 381 466 458 χρόνον,
523 386 584 440 ἐν
622 387 688 458 τῇ
734 382 870 457 πρὸς
905 380 1237 441 Ἀντωνῖνον
1284 382 1552 459 ἀπολογίᾳ
1595 376 1704 441 ὦδε

368 463 397 486 ‘ff

94 465 328 540 γράφων
413 464 516 525 οὐκ
555 465 762 524 ἄτοπον
816 468 877 524 δὲ
918 471 1326 541 ἐπιμνησθῆναι
1383 472 1442 526 ἐν
1492 467 1704 535 τούτοις

89 547 417 625 “ἡγου’μεθα
447 554 541 609 καὶ
566 548 846 609 Ἀντινόου
876 556 974 608 τοῦ
1005 558 1111 609 νῦν
1142 554 1473 652 γενομένου,
1515 547 1582 609 ὃν
1612 553 1704 608 καὶ

87 631 365 702 “anavus-
410 660 483 702 ως
523 635 691 735 θεόνῗ
708 634 799 691 διὰ
828 633 1011 707 φόβον
1040 638 1226 707 σέβειν
1259 634 1544 709 ὥρμηντο,
1587 639 1707 693 ἐπι-

88 715 386 793 “σταμενοι
425 726 506 785 τίς
545 742 604 775 τε
654 711 725 791 ἦν
778 721 869 776 καὶ
908 718 1089 776 πόθεν
1128 716 1393 793 ὑπῆρχεν.
1404 717 1433 738 ”
1494 725 1542 777 4.
1575 716 1604 776 ὁ
1649 718 1701 776 δ’

96 796 262 871 αὐτὸς
302 805 395 860 καὶ
434 807 533 859 τοῦ
572 801 692 860 τότε
735 801 871 859 κατα
904 801 1197 861 Ἰουδαίων
1228 807 1470 876 πολέμου
1501 828 1706 876 μνημο-

96 885 278 945 νεύων
308 891 480 945 ταῦτα
511 893 879 961 παρατίθεται
915 882 1046 946 ’θκαὶ
1077 887 1182 960 γὰρ
1217 890 1276 945 ἐν
1305 892 1381 964 τῷ
1413 894 1522 944 νῦν
1553 911 1707 960 γενο·

90 966 273 1048 “fh-{veja
293 970 583 1048 Ἰουδαϊκω
609 974 830 1048 πολέμῳ
847 970 1282 1045 Βαρχωχέβας,’
1259 997 1287 1028 ο
1312 978 1408 1045 τῆς
1421 969 1707 1030 Ἰουδαίων

87 1052 482 1122 ’(ἆποστασεως
543 1052 874 1128 αρχηγέτης,
941 1054 1311 1130 Χριστιανους
1372 1055 1576 1129 μόνους
1631 1062 1709 1124 εἰς

93 1135 389 1215 “τιμωρίας
432 1138 647 1212 δεινας,
692 1146 743 1205 εἰ
777 1139 851 1214 μὴ
894 1139 1153 1213 αρνοῑντο
1188 1139 1406 1213 Ἰησοῦν
1443 1139 1539 1198 τὸν
1571 1149 1710 1213 Χρι-

88 1219 258 1282 “στὸν
300 1227 391 1281 καὶ
430 1231 844 1297 βλασφημοῖεν,
887 1227 1141 1283 ἐκέλευεν
1170 1222 1458 1297 ἅγεσθαι.”
1551 1230 1599 1282 5.
1647 1228 1707 1282 ἐν

96 1307 280 1384 ταύτῷ
315 1310 376 1366 δὲ
406 1311 499 1365 καὶ
529 1307 632 1381 τὴν
662 1307 771 1366 ἀπὸ
795 1312 891 1381 τῆς
913 1308 1235 1381 Ἑλληνικῆς
1266 1315 1594 1382 φιλοσοφίας
1619 1312 1708 1366 ἐπὶ

95 1392 198 1466 τὴν
245 1395 577 1465 θεοσέβειαν
626 1392 938 1466 μεταβολὴν
978 1390 1179 1465 αὐτοῦ,
1229 1391 1312 1450 ὅτι
1353 1392 1427 1466 μὴ
1470 1392 1704 1466 ἀλόγως,

96 1476 232 1550 μετὰ
264 1483 498 1550 κρίσεως
542 1477 591 1532 δ’
630 1476 780 1553 αὐτῷ
811 1475 1028 1550 γεγόνει
1062 1481 1246 1550 δηλῶν
1290 1480 1463 1535 ταῦτα
1502 1477 1707 1551 γράφει

88 1557 218 1618 “καὶ
243 1561 349 1635 γὰρ
374 1561 539 1628 αὐτὸς
565 1560 671 1633 ἐγὼ
696 1575 807 1628 τοῖς
831 1561 1132 1629 Πλάτωνος
1155 1568 1366 1637 χαίρων
1387 1561 1705 1635 διδάγμασι,

89 1640 598 1719 “διαβαλλομένους
628 1642 850 1703 ἀκούων
882 1645 1280 1720 Χριστιανοὺς,
1325 1642 1474 1720 ὁρῶν
1522 1648 1583 1703 δὲ
1614 1650 1706 1704 καὶ

53 1758 56 1760 ·
91 1726 378 1803 “οέφόβους
429 1727 565 1803 πρὸς
616 1728 868 1787 θάνατον
919 1732 1011 1787 καὶ
1053 1729 1234 1788 πάντα
1272 1729 1339 1787 τὰ
1380 1731 1708 1804 νομιζόμενα

92 1810 368 1887 “φοβερὰ,
414 1812 678 1872 ἐνενόουν
708 1811 991 1872 ἀδύνατον
1023 1814 1166 1872 εἶναι
1199 1819 1259 1872 ἐν
1298 1822 1464 1891 κακία
1495 1818 1587 1872 καὶ
1617 1840 1705 1889 φι-

90 1896 363 1974 “ληδονίᾳ
414 1922 688 1971 υπαρχειν
740 1895 960 1966 αυτούς.
1044 1905 1126 1965 τίς
1176 1898 1282 1974 γὰρ
1331 1898 1633 1972 φιλήδονος
1673 1924 1707 1972 η

91 1977 159 2002 ee,

128 1983 366 2058 ακρατὴς
397 1985 489 2040 καὶ
521 1981 896 2084 ἀνθρωπείων
926 2003 1152 2058 σαρκων
1194 1982 1369 2057 βοραν
1398 1982 1707 2058 ἡγούμενος

90 2061 348 2140 “οἰγαθὸν
380 2066 597 2125 δύναιτ’
631 2092 702 2125 αν
729 2067 982 2126 θάνατον
1012 2065 1387 2140 ασπαζεσθαι,
1419 2067 1566 2135 ὅπως
1596 2071 1708 2125 τῶν

109 2148 335 2210 ἑαυτοῦ
375 2158 676 2228 στερηθείη
722 2155 1065 2226 ἐπιθυμιων,
1107 2151 1232 2209 ἀλλ’
1276 2151 1380 2210 οὐκ
1413 2156 1472 2210 ἐκ
1503 2151 1708 2219 παντὸς

94 2230 226 2338 Ξζῆν
254 2235 342 2294 ἀεὶ
381 2235 484 2310 τὴν
515 2236 722 2295 ἐνθαδε
762 2238 953 2310 βιοτην
983 2238 1076 2294 καὶ
1108 2237 1417 2295 λανθάνειν
1446 2237 1577 2304 τοὺς
1607 2236 1708 2311 ἄρ-

92 2315 327 2422 Ξχοντας
361 2324 633 2425 ἐπειρᾶτο,
665 2345 771 2395 ουχ
801 2320 885 2378 ότι
919 2322 1123 2379 ἑαυτὸν
1146 2321 1480 2395 κατήγγελλε
1503 2346 1711 2395 φονευ-

92 2398 519 2478 “θησόμενον;”
566 2411 614 2462 6.
649 2413 726 2463 ἔτι
769 2402 886 2463 δ’ὁ
919 2403 1083 2472 αὐτὸς
1125 2410 1362 2481 ἱστορεῖ,
1408 2405 1710 2480 δεξαμενον

103 2487 199 2547 τὸν
230 2487 529 2564 Ἀδριανὸν
569 2513 718 2563 παρα
750 2497 1062 2564 Σερεννίου
1092 2494 1431 2563 Γρανιανοῦ,
1462 2500 1705 2564 λαμπρο-

102 2595 267 2630 τατου
297 2569 630 2648 ἡγουμένου,
659 2599 951 2649 γραμματα
972 2571 1114 2648 ὑπερ
1138 2580 1507 2648 Χριστιανῶν,
1531 2578 1708 2647 περιέ-

103 2679 268 2728 χοντα
299 2682 372 2724 ως
403 2682 470 2714 ου
505 2664 722 2716 δίκαιον
754 2668 839 2732 εἰή
866 2662 954 2716 ἐπὶ
984 2661 1181 2733 μηδενὶ
1209 2659 1520 2733 ἐγκλήματι,
1552 2667 1708 2731 βοαῖς

214 2853 239 2891 9
270 2852 433 2893 lustin.
466 2851 601 2904 Apol.
633 2853 668 2894 I.
702 2865 740 2893 e.
774 2855 841 2893 31.
962 2854 1012 2892 17
1043 2853 1206 2894 Iustin.
1238 2853 1370 2906 Apol.
1401 2854 1463 2894 ΙΙ.
1494 2866 1532 2896 e.
1567 2855 1631 2891 12.

187 2933 414 2962 nnsmzms
440 2935 503 2964 ιν.
1301 2920 1367 2970 10

1730 999 1770 1030 10

1731 1421 1770 1452 15

1731 1843 1771 1874 20

1731 2263 1771 2294 25

1731 2685 1772 2716 30
