1986 3152
266 115 370 167 350
939 112 1189 153 EUSEBH

268 230 336 301 δὴ
379 235 554 285 ταῦτα
598 229 772 300 μόνα,
827 227 924 293 τὰς
966 233 1107 301 ἕρεις
1147 228 1242 284 καὶ
1283 227 1381 295 τὰς
1423 227 1651 296 ἀπειλὰς
1682 229 1778 285 τόν
1813 252 1875 287 τε

266 319 432 385 ζῆλον
454 314 546 368 καὶ
569 311 630 368 τὸ
658 311 797 384 πρὸς
821 309 1098 383 ἀλλήλους
1124 317 1286 384 ἔχθος
1310 335 1368 368 τε
1392 314 1484 368 καὶ
1506 327 1667 385 μῖσος
1693 314 1870 370 ἐπαύ-

262 401 483 467 ξοντες,
527 392 616 452 οἷά
658 418 718 451 τε
758 400 1100 470 τυραννίδας
1138 395 1234 461 τὰς
1275 403 1569 470 φιλαρχίας
1611 398 1873 471 ἐκθύμως

266 485 703 550 διεκδικοῦντες,
744 480 865 536 τότε
910 477 1010 552 δὴ,
1050 479 1174 536 τότε
1217 479 1354 536 κατὰ
1396 480 1499 553 τὴν
1537 481 1877 553 φάσκουσαν

223 585 242 614 ὁ
267 571 369 621 τοῦ
406 564 674 638 Ἱερεμίου
715 563 914 636 φωνὴν
957 564 1335 636 ,,ε’γνόφωσεν
1388 568 1449 621 ἐν
1500 561 1644 639 ὀργῇ
1695 563 1871 622 αὐτοῦ

267 649 458 722 κύριος
521 647 623 720 τήν
682 649 971 722 θυγατέρα
1033 651 1189 705 Σιών
1212 692 1228 719 ‚
1286 649 1378 704 καὶ
1430 651 1760 723 κατέρριψεν
1803 651 1877 716 ,ἐξ

267 731 519 806 οὐρανοῦ
551 738 627 799 εἰς
667 737 776 804 γῆν
808 732 1057 804 δόξασμα
1083 731 1330 805 Ἰσραὴλ,
1375 731 1480 790 οὐκ
1523 733 1774 807 ἐμνήσθη
1815 756 1875 790 τε

267 811 586 874 ὑποποδίου
639 821 831 873 ποδῶν
884 813 1059 874 αὐτοῦ
1114 820 1174 874 έν
1224 815 1403 892 ἡμέρᾳ
1447 815 1620 892 ὀργῆς
1666 816 1870 874 αὐτοῦ·

267 899 411 957 ἄλλά
486 903 578 957 καὶ
650 901 1006 958 κατεπόντισε
1075 901 1266 974 κύριος
1326 902 1509 958 πάντα
1566 901 1634 958 τά
1695 900 1876 976 ῶραῖα

205 1005 245 1036 10
263 983 503 1058 Ἰσραὴλ,
535 986 628 1041 καὶ
651 992 878 1041 καθεῖλε
902 985 1112 1051 πάντας
1135 985 1268 1051 τούς
1292 985 1588 1059 φραγμοῦς
1619 984 1874 1057 αὐτοῦ,“

267 1074 316 1125 9.
363 1069 502 1125 κατά
558 1093 617 1126 τε
673 1068 738 1124 τὰ
786 1072 845 1125 ἐν
891 1078 1131 1142 ψαλμοῖς
1173 1073 1668 1141 προθεσπισθέντα
1708 1071 1873 1126 κατέ-

267 1167 469 1226 στρεψε
497 1153 609 1225 τὴν.
630 1154 907 1225 διαθήκην
935 1159 1037 1210 τοῦ
1069 1154 1279 1210 δούλου
1304 1153 1483 1210 αὐτοῦ
1501 1197 1516 1225 ,
1549 1155 1643 1209 καὶ
1676 1154 1874 1226 ἐβεβή-

267 1245 445 1293 λωσεν
487 1243 564 1302 εἰς
605 1242 712 1308 γῆν
752 1236 842 1292 διά
885 1242 983 1308 τῆς
1012 1243 1127 1293 τῶν
1161 1240 1466 1309 ἐκκλησιῶν
1495 1240 1873 1311 καθαιρέσεως

265 1321 326 1378 τὸ
359 1319 606 1393 ἁγίασμα
639 1319 846 1392 αὐτοῦ,
891 1323 984 1378 καὶ
1025 1330 1255 1379 καθεῖλε
1297 1323 1510 1387 πάντας
1550 1322 1682 1388 τούς
1723 1345 1872 1395 φρα-

205 1424 242 1454 15
265 1405 443 1478 γμοῦς
475 1402 684 1477 αὐτοῦ,
729 1411 891 1463 ἔθετο
931 1405 997 1461 τοὶ
1044 1402 1377 1480 ὀχυρώματα
1421 1404 1599 1463 αὐτοῦ
1631 1411 1871 1463 δειλίαν·

266 1489 581 1562 διήρπασάν
610 1513 668 1546 τε
699 1489 766 1546 τά
798 1489 987 1563 πλήθη
1018 1495 1119 1547 τοῦ
1150 1495 1290 1547 λαοῦ
1326 1490 1530 1557 πάντες
1563 1495 1621 1547 οἱ
1648 1488 1872 1564 διοδεύ-

265 1597 420 1640 οντες
451 1573 616 1644 ὁδὸν,
647 1577 742 1630 καὶ
773 1574 842 1646 δὴ
877 1576 967 1631 ἐπὶ
998 1575 1210 1641 τούτοις
1235 1574 1451 1641 ὄνειδος
1485 1575 1727 1647 ἐγενήθη
1756 1587 1875 1641 τοῖς

265 1665 508 1729 γείτοσιν
539 1658 732 1715 αὐτοῦ.
790 1658 988 1726 ὕψωσε
1018 1659 1124 1733 γάρ
1156 1659 1257 1732 τὴν
1288 1659 1472 1728 δεξιὰν
1502 1664 1617 1716 τῶν
1650 1662 1872 1732 ἐχθρῶν

265 1741 477 1814 αὐτοῦ,
519 1745 611 1799 καὶ
654 1740 966 1816 ἀπέστρεψε
1005 1743 1109 1816 τήν
1147 1744 1416 1817 βοήθειαν
1455 1749 1554 1816 τῆς
1593 1747 1872 1817 ῥομφαίας

201 1845 242 1876 20
266 1826 469 1898 αὐτοῦ,
522 1828 615 1883 καὶ
656 1827 761 1884 οὐκ
803 1826 1134 1900 ἀντελάβετο
1177 1826 1355 1886 αὐτοῦ
1401 1832 1460 1885 ἐν
1499 1832 1578 1904 τῷ
1621 1830 1870 1903 πολέμῳ·

267 1910 409 1967 ἀλλά
441 1913 534 1967 καὶ
565 1914 870 1969 κατέλυσεν
901 1911 1009 1969 άπὸ
1037 1916 1390 1986 καθαρισμοῦ
1428 1909 1604 1969 αὐτὸν
1644 1913 1738 1968 καὶ
1772 1911 1874 1968 τὸν

264 1995 480 2068 θρόνον
521 1995 698 2053 αὐτοῦ
739 2003 819 2062 εἰς
859 1996 962 2069 τὴν
1006 2003 1114 2069 γῆν
1153 2000 1515 2070 κατέρραξεν·
1572 1996 1880 2070 ἐσμίκρυνέ

264 2101 325 2134 τε
354 2079 451 2144 τάς
481 2076 687 2154 ἡμέρας
717 2086 820 2136 τοῦ
849 2080 1056 2154 χρόνου
1090 2078 1298 2152 αὐτοῦ,
1339 2083 1433 2137 καὶ
1479 2082 1571 2137 ἐπὶ
1603 2085 1739 2136 πᾶσι
1767 2103 1871 2136 κα-

264 2164 450 2234 τέχεεν
482 2162 661 2220 αὐτοῦ
692 2164 982 2235 αἰσχύνην.

203 2264 243 2295 25
409 2258 467 2306 ΙΙ.
524 2257 648 2321 [Nic.
678 2259 736 2306 H.
766 2259 818 2306 E.
861 2258 957 2314 vn,
986 2256 1061 2323 3.]
1115 2250 1549 2305 Συντετέλεσται
1572 2252 1712 2318 δῆτα
1738 2245 1866 2304 καθ’

264 2329 407 2403 ἡμᾶς
439 2331 646 2402 πάντα,
691 2330 931 2402 ὁπηνίκα
972 2337 1087 2388 τῶν
1116 2332 1220 2405 μὲν
1253 2338 1711 2406 προσευκτηρίων
1739 2330 1874 2398 τούς

266 2424 456 2480 οἴκους
490 2418 542 2482 ἐξ
575 2412 759 2483 ὕψους
791 2421 869 2481 εἰς
896 2420 1100 2488 ἔδαφος
1125 2414 1321 2483 αὐτοῖς
1351 2423 1632 2490 θεμελίοις
1663 2439 1871 2487 καταρ-

268 2501 698 2571 ριπτουμένους,
751 2499 851 2565 τοὶς
905 2500 967 2556 δὲ
1021 2502 1255 2567 ἐνθέους
1306 2503 1398 2558 καὶ
1454 2499 1608 2573 ἱεράς
1650 2499 1870 2572 γραφὰς

265 2582 403 2639 κατὰ
434 2585 603 2656 μέσας
635 2583 840 2658 ἀγοράς
866 2586 1004 2658 πυρὶ
1027 2587 1477 2659 παραδιδομένας
1502 2583 1695 2650 αὐτοῖς
1722 2586 1870 2640 ἐπεί-

202 2683 242 2715 30
270 2672 438 2740 δομεν
469 2666 814 2741 ὀφθαλμοῖς,
857 2668 986 2734 τούς
1027 2693 1086 2726 τε
1125 2675 1239 2726 τῶν
1272 2668 1872 2741 ἐκκλησιῶνποιμένας
1946 2704 1951 2707 -

379 2866 403 2902 5
435 2862 601 2903 Jerem.
623 2864 663 2912 2,
689 2865 723 2901 1Δ
751 2865 788 2901 2.
910 2864 960 2902 12
993 2863 1160 2903 Psalm.
1183 2864 1235 2903 88
1263 2860 1367 2915 (89),
1391 2865 1459 2903 40.
