1986 3152
568 128 727 172 HIST.
761 127 1012 171 EOCLES.
1044 130 1100 172 v.
1133 131 1196 171 13.
1579 125 1682 177 213

1413 241 1442 262 2²

76 245 105 267 “
115 250 506 302 διδασκαλεῖον
522 240 695 301 αὐτοῦ
712 242 1154 317 προβαλλόμενοι
1171 245 1409 316 λέγουσι.
1486 247 1532 300 5.
1554 242 1684 316 γρά-

82 352 176 401 φει
231 329 370 385 δὲο
421 325 586 394 αυτὸς
637 351 712 394 ως
762 329 854 385 καὶ
913 333 992 394 εἰς
1042 326 1240 434 λόγους
1295 326 1558 400 ἐληλύθοι
1606 334 1682 405 τῷ

80 410 312 487 Ἀπελλῇ
329 457 343 484 ‚
375 411 608 485 φάσκων
638 436 816 478 ουτως
839 407 904 469 “ὁ
929 411 1032 485 γάρ
1057 415 1237 485 γέρων
1260 410 1524 484 Ἀπελλῆς
1549 431 1683 485 συμ-

74 495 272 570 “μίξας
303 495 436 569 ἡμῖν
467 494 642 553 πολλα
672 521 774 569 μεν
814 499 993 562 κακῶς
1024 499 1202 568 λέγων
1233 493 1507 569 ἠλέγχθη,
1547 494 1685 554 οθεν

72 580 202 637 “καὶ
233 587 439 653 ἔφασκε
479 580 554 654 μὴ
587 585 708 638 δεῖν
737 579 876 646 ὅλως
909 579 1170 649 ἐξετάζειν
1209 579 1306 637 τὸν
1337 580 1521 653 λόγον,
1563 577 1677 637 ἄλλ’
1707 605 1727 638 5

74 664 369 736 “ἕκαστον,
423 661 496 731 ὥς
536 670 898 735 πεπίστευκε,
951 666 1245 736 διαμένειν.
1320 664 1686 736 σωθήσεσθαι

72 747 216 822 “γο“ιρ
245 748 371 814 τούς
404 750 491 804 ἐπὶ
522 746 618 804 τὸν
651 750 1069 820 ἐσταυρωμένον
1110 745 1407 820 ἠλπικότας
1437 748 1680 821 ἀπεφαί-

72 831 251 903 “νετο,
283 831 459 904 μόνον
491 831 587 887 ἐὰν
619 834 679 888 ἐν
711 838 889 904 ἔργοις
919 830 1152 903 ἀγαθοῖς
1187 828 1567 905 εὑρίσκωνται.
1627 833 1686 890 τὸ

73 915 170 972 “δὲ
201 914 426 972 πάντων
449 915 834 988 ἀσαφέστατον
860 919 1238 988 ἐδογματίζετο
1264 915 1416 992 αὐτῷ
1441 922 1684 990 πρᾶγμα,

74 997 298 1067 “καθως
329 997 754 1073 προειρήκαμεν,
794 999 855 1056 τὸ
886 1001 1013 1073 περὶ
1044 1005 1143 1057 τοῦ
1173 1005 1330 1058 θεοῦ.
1395 1006 1550 1073 ἔλεγε
1579 1002 1681 1075 μὲν
1705 1027 1745 1059 10

72 1083 212 1157 “γο“ιρ
263 1091 398 1157 μίαν
449 1082 625 1157 ἀρχὴν
682 1084 872 1151 καθώς
930 1086 1021 1140 καὶ
1082 1080 1111 1141 ὁ
1165 1081 1423 1158 ἡμέτερος
1477 1083 1685 1157 λόγος.”

80 1174 127 1226 6.
183 1169 299 1225 εἶτα
338 1171 569 1241 προθεὶς
624 1165 801 1226 αυτοῦ
854 1172 1037 1226 πᾶσαν
1087 1168 1189 1241 τὴν
1231 1169 1397 1238 δόξαν
1440 1171 1688 1243 ἐπιφέρει

123 1251 310 1310 άσκων
335 1248 439 1310 “λέ
474 1276 629 1320 οντος
662 1255 728 1310 δέ
794 1277 861 1310 ου
885 1253 1020 1325 πρὸς
1052 1250 1222 1310 αυτὸν
1245 1252 1450 1311 ’πόθεν
1480 1250 1515 1325 ἡ
1546 1251 1689 1312 ἀπό-

79 1277 120 1326 φ
438 1277 471 1326 ν
752 1278 789 1326 μ

73 1336 277 1405 “de-agag
309 1335 448 1410 αὕτη
480 1357 598 1409 σοι,
630 1336 664 1409 ἢ
696 1341 811 1404 πως
845 1336 1084 1395 δύνασαι
1115 1339 1298 1411 λέγειν
1328 1344 1462 1411 μίαν
1491 1335 1685 1413 ἀρχὴν,

72 1421 326 1495 ὀφράσον
355 1417 511 1495 ἡμῖν’
542 1428 648 1495 ἔφη
678 1420 772 1489 τὰς
803 1422 907 1495 μὲν
937 1428 1274 1496 προφητείας
1306 1421 1502 1489 ἑαυτάς
1535 1428 1681 1496 ἐλέγ-
1710 1448 1750 1480 15

72 1505 246 1579 “χειν,
281 1506 371 1563 διὰ
403 1504 461 1562 τὸ
491 1507 669 1580 μηδὲν
694 1503 833 1573 ὅλως
857 1505 1062 1580 ἀληθὲς
1087 1509 1386 1581 εἰρηκέναι·
1419 1504 1687 1581 ἀσύμφω-

72 1589 194 1648 “voc
233 1590 340 1663 γὰρ
390 1586 701 1666 ὑπάρχουσι
732 1593 823 1648 καὶ
866 1597 1092 1659 ψευδεῖς
1134 1594 1225 1650 καὶ
1267 1595 1488 1658 ἑαυταῖς
1531 1591 1686 1650 ἀντι-

74 1673 374 1748 “κείμεναι.
437 1673 496 1732 τὸ
542 1676 603 1732 δὲ
646 1680 762 1742 πῶς
806 1678 916 1733 ἐστι
958 1682 1055 1749 μία
1097 1675 1236 1750 ἀρχὴ
1276 1674 1350 1750 μὴ
1392 1675 1690 1749 γινώσκειν

73 1755 327 1832 “ἒλεγεν,
371 1756 515 1817 οὕτω
550 1761 611 1817 δὲ
642 1771 921 1818 κινεῖσθαι
952 1760 1138 1835 μόνον.
1203 1767 1248 1819 7.
1285 1758 1387 1818 εἶτ’
1424 1765 1689 1835 ε’πομοσα-

74 1842 282 1917 “με’νου
322 1868 430 1918 μου
470 1841 709 1917 τάληθὲς
751 1851 948 1916 εἰπεῖν,
992 1843 1214 1919 ὤμνυεν
1256 1843 1552 1918 ἀληθεύων
1594 1851 1680 1904 λέ-
1707 1869 1748 1900 20

74 1926 250 2000 ‘'penz,
290 1927 364 2002 μὴ
398 1932 731 1987 ἐπίστασθαι
762 1937 877 1997 πῶς
911 1927 989 1995 εἷς
1024 1934 1173 1987 ἐστιν
1212 1927 1507 2003 άγέννητος
1540 1930 1688 2001 θεὸς,

73 2010 272 2070 “tofi-co
294 2014 354 2070 δὲ
378 2013 673 2072 πιστεύειν.
725 2013 828 2087 ἐγω
853 2016 915 2071 δὲ
938 2014 1173 2087 γελάσας
1196 2017 1478 2088 κατέγνων
1503 2013 1692 2085 αὐτοῦ,

74 2095 251 2154 “διότι
283 2097 614 2166 διδάσκαλος
648 2099 791 2157 εἶναι
821 2101 1001 2172 λέγων
1032 2097 1136 2156 οὐκ
1167 2098 1293 2173 ᾔδει
1332 2101 1391 2156 τὸ
1426 2099 1688 2157 διδασκόυ

73 2179 279 2255 “μενον
322 2179 426 2239 ὑπ’
471 2181 642 2242 αὐτοῦ
691 2180 1034 2256 κρατύνειν.”
1115 2189 1160 2241 8.
1211 2187 1270 2242 ἐν
1310 2187 1388 2260 τῷ
1436 2181 1586 2261 αὐτῷ
1632 2185 1691 2241 δὲ

82 2265 464 2341 συγγράμματι
506 2275 877 2326 Καλλιστίωνι
917 2275 1270 2342 προσφωνῶν
1317 2265 1345 2326 ὁ
1391 2266 1555 2335 αὐτὸς
1596 2292 1684 2342 με·
1713 2292 1753 2323 25

80 2356 474 2424 μαθητεῦσθαι
521 2355 607 2410 ἐπὶ
646 2349 851 2426 Ρωμης
891 2360 1140 2411 Τατιανω
1187 2353 1390 2411 ἑαυτὸν
1420 2349 1687 2426 ομολογεῖ.

82 2437 218 2508 φησὶ
252 2438 314 2493 δε
344 2439 436 2493 καὶ
470 2436 855 2494 ἐσπουδάσθαι
887 2462 962 2494 τω
1003 2441 1255 2515 Τατιανῷ
1285 2437 1690 2511 προβλημάτων

83 2525 332 2592 βιβλίον,
379 2520 452 2578 δι’
491 2546 569 2579 ων
598 2519 657 2578 τὸ
698 2520 908 2594 ἆσαφες
941 2524 1032 2578 καὶ
1078 2525 1549 2596 ἐπικεκρυμμένον
1579 2527 1690 2582 τῶν

82 2611 259 2662 θείων
288 2629 524 2678 γραφων
555 2605 926 2678 παραστήσειν
955 2602 1342 2679 ὑποσχομένου
1368 2610 1465 2663 τοῦ
1499 2615 1689 2662 Τατια-

84 2693 184 2744 νοῦ
226 2688 390 2756 αὐτὸς
432 2686 460 2746 ὁ
503 2689 706 2748 Ῥόδων
750 2693 807 2747 ἐν
849 2697 974 2767 ἰδίῳ
1021 2690 1404 2764 συγγράμματι
1443 2691 1539 2757 τὰς
1578 2695 1689 2746 τῶν
1713 2712 1752 2742 30

86 2775 304 2830 ἐκείνου
346 2773 754 2847 προβλημάτων
805 2774 1079 2841 ἐπιλύσεις
1133 2774 1476 2847 ἐκθήσεσθαι
1521 2777 1689 2844 ἐπαγ-

85 2858 346 2927 γέλλεται.
408 2862 633 2933 φέρεται
665 2860 727 2916 δὲ
760 2866 859 2916 τοῦ
890 2858 1063 2917 αὐτοῦ
1093 2861 1183 2915 καὶ
1220 2865 1296 2925 εἰς
1327 2859 1429 2931 τὴν
1462 2857 1688 2929 ἑξαήμε-
