1986 3152
278 116 380 169 306
955 116 1203 156 EUSEBII

271 229 408 303 “τὴν
454 234 652 288 ἑαυτοῦ
699 237 898 288 κακίαν
950 232 1042 287 καὶ
1093 229 1153 287 τὸ
1205 229 1340 302 πρὸς
1391 229 1487 288 τὸν
1538 231 1679 290 θεὸν
1730 246 1888 305 μῖσος

269 311 696 415 “ἐξωμόρξατο.”
768 317 859 371 καὶ
905 316 1032 388 περὶ
1076 314 1179 388 μὲν
1222 318 1321 371 τοῦ
1368 313 1750 391 Οὖαλεριανοῦ
1794 340 1888 374 το-

276 402 451 456 σαῦτα
480 395 508 454 ὁ
542 396 858 465 Διονύσιος

404 494 481 543 ΧΙ.
537 493 665 559 [Nic.
693 494 750 543 H.
781 494 834 544 E.
864 494 938 550 VI,
971 491 1078 559 10.]
1140 483 1282 556 Περὶ
1324 483 1386 540 δε
1426 486 1524 540 τοῦ
1563 481 1682 541 κατ’
1717 484 1891 543 αὐτὸν

232 587 253 618 5
278 570 526 640 διωγμοῦ
555 565 904 639 σφοδρότατα
948 565 1292 668 πνεύσαντος
1337 563 1426 624 οἷα
1465 566 1572 625 σὺν
1614 569 1816 639 ἑτέροις
1856 565 1885 625 ὁ

276 648 437 718 αὐτὸς
491 650 583 708 διά
633 649 735 723 τὴν
789 657 866 717 εἰς
918 650 1015 708 τὸν
1065 654 1176 708 τῶν
1220 650 1367 708 ὅλων
1410 650 1549 709 θεὸν
1595 650 1891 724 εὐσέβειαν

274 731 513 808 ὑπέστη,
562 736 910 808 δηλώσουσιν
942 740 1000 792 αἱ
1030 732 1202 793 αὐτοῦ
1232 737 1445 809 φωναὶ,
1487 732 1550 803 ἃς
1581 734 1716 810 πρὸς
1746 744 1887 809 Γερ-

275 820 454 892 μανὸν
495 825 606 877 τῶν
648 819 768 877 κατ’
816 818 986 877 αὐτὸν
1029 818 1346 878 ἐπισκόπων
1379 825 1559 887 κακῶς
1595 818 1889 894 ἀγορεύειν

277 903 450 961 αὐτὸν
474 904 816 978 πειρώμενον
840 903 1261 977 ἀποτεινόμενος
1297 909 1493 962 τοῦτον
1521 911 1886 977 παρατίθεται

212 1008 253 1038 10
276 988 372 1044 τὸν
389 986 594 1062 τρόπον
623 994 671 1046 2.
686 985 800 1055 “είς
818 986 1144 1063 ἀφροσύνην
1158 989 1219 1045 δὲ
1235 987 1551 1046 κινδυνεύω
1567 988 1779 1062 πολλὴν
1795 991 1893 1049 καὶ,

267 1068 685 1144 “ἀναισθησίαν
700 1071 871 1139 ὅντως
890 1077 1168 1146 ἐμπεσεῖν,
1197 1079 1273 1140 εἰς
1290 1072 1540 1146 ἀνάγκην
1555 1071 1886 1145 συμβιβαζό-

267 1152 466 1228 “μενος
493 1160 935 1229 τοῦ-διηγεΐσθαι
960 1157 1064 1228 τὴν
1087 1155 1421 1230 θαυμαστὴν
1445 1159 1571 1231 περὶ
1591 1153 1726 1230 ἡμᾶς
1743 1163 1886 1215 οἰκο-

266 1237 505 1313 “νομίαν
528 1244 627 1297 τοῦ
649 1244 804 1298 θεοῦ.
848 1237 963 1297 ἀλλ’
991 1240 1182 1313 ἐπειδὴ
1205 1239 1531 1315 μυστήριον,
1555 1243 1713 1314 φησὶ,
1731 1247 1889 1313 βασιυ

268 1320 443 1391 “agnas
462 1323 671 1398 κρύψαι
689 1323 876 1398 καλὸν,
895 1324 961 1382 τά
981 1325 1040 1382 δὲ
1058 1330 1191 1398 ἔργα
1207 1331 1307 1382 τοῦ
1322 1330 1460 1382 θεοῦ
1478 1322 1890 1383 ἀνακαλύπτειν

212 1405 568 1482 15“ἕνδοξον,
610 1405 780 1482 ὁμόσε
813 1407 1044 1483 χωρήσω
1076 1413 1141 1483 τῇ
1173 1415 1464 1483 Γερμανοῦ
1495 1415 1605 1486 βία.
1667 1414 1714 1468 3.
1749 1401 1890 1483 ἧκον

267 1489 442 1565 ’ςπρὸς
487 1492 818 1567 Αἰμιλιανὸν
857 1493 924 1551 οὐ
976 1492 1168 1567 μόνος·
1238 1492 1630 1567 ἠκολούθησαν
1683 1495 1750 1551 δέ
1795 1518 1888 1568 μοι

266 1574 788 1653 ((συμπρεσβύτερός
846 1580 910 1635 τέ
971 1603 1078 1652 μου
1141 1577 1393 1652 Μάξιμος
1476 1581 1568 1636 καὶ
1641 1577 1887 1636 διάκονοι

269 1657 563 1729 “Φαύστος
595 1665 685 1720 καὶ
717 1660 989 1736 Εὐσέβιος
1021 1665 1112 1720 καὶ
1144 1662 1471 1737 Χαιρήμων·
1519 1669 1616 1720 καί
1653 1687 1733 1730 τις
1773 1667 1886 1720 τῶν

266 1742 441 1803 “ἀπό
447 1743 649 1820 Ρώμης
690 1745 983 1820 παρόντων
1024 1746 1286 1820 ἀδελφων
1331 1744 1464 1821 ἡμῖν
1494 1751 1882 1820 συνεισῆλθεν.

209 1848 250 1878 20
268 1827 350 1887 “4
398 1829 723 1905 Αἰμιλιανὸς
772 1832 833 1889 δὲ
877 1829 981 1889 οὐκ
1027 1832 1148 1889 εἶπέ
1186 1856 1278 1906 μοι
1318 1833 1762 1940 προηγουμένως
1790 1829 1888 1904 μὴ

266 1911 541 2015 Ξσύναγεῖ
616 1915 872 1991 περιττὸν
910 1915 1027 1990 γὰρ
1092 1909 1162 1989 ἦν
1226 1913 1381 1974 αύτω
1437 1921 1601 1974 τοῦτο
1674 1917 1766 1973 καὶ
1825 1915 1884 1973 τό

266 1995 623 2100 Στελευταῐον
675 2003 764 2058 ἐπὶ
816 1998 875 2058 τὸ
929 2023 1149 2074 πρωτον
1201 1997 1570 2074 ἀνατρέχοντι.
1661 1996 1728 2058 ού
1781 1998 1887 2072 γὰρ

266 2078 430 2184 ἶπερὶ
471 2090 568 2141 τοῦ
607 2085 682 2157 μὴ
725 2083 989 2157 συνάγειν
1034 2087 1254 2157 ἑτέρους
1304 2081 1333 2142 ὁ
1385 2086 1542 2156 λόγος
1592 2108 1663 2156 ην
1714 2081 1884 2160 αύτω,

267 2162 443 2223 “ἀλλα
474 2169 601 2239 περὶ
631 2174 730 2225 τοῦ
759 2167 891 2274 μηδ’
928 2167 1130 2235 αὐτους
1162 2165 1302 2242 ἡμᾶς
1327 2169 1470 2226 εἶναι
1493 2167 1884 2243 Χριστιανους,

208 2267 250 2298 25
267 2246 395 2307 ‘nal
427 2251 627 2309 τούτου
659 2255 988 2326 προσέταττε
1018 2257 1362 2325 πεπαῦσθαι,
1397 2259 1448 2310 εἰ
1474 2259 1888 2326 μεταβαλοίμην

266 2330 513 2437 Ξῖέγωγε,
589 2339 681 2393 καὶ
740 2360 866 2404 τους
925 2337 1128 2404 ἄλλους
1187 2340 1429 2406 ε’ψεσθαί
1482 2361 1573 2410 μοι
1631 2343 1883 2410 νομίζων.

266 2414 350 2477 “5.
394 2417 778 2494 ἀπεκρινάμην
831 2421 890 2478 δε
939 2419 1042 2478 οὐκ
1095 2419 1429 2488 ἀπεοικότως
1482 2420 1618 2478 οὐδε
1667 2421 1886 2525 μακράν

266 2499 319 2521 ‘⁶
266 2500 654 2604 τἶπειθαρχειν
699 2510 787 2563 δεῖ
829 2510 946 2563 θεω
1000 2509 1210 2579 μᾶλλον
1254 2501 1287 2578 ἢ
1332 2503 1681 2579 ἀνθρωποιςῖ
1758 2503 1881 2562 ἀλλ’

266 2583 566 2661 “άντικρυς
622 2588 1071 2695 διεμαρτυράμην
1133 2589 1217 2647 ὅτι
1271 2590 1366 2648 τὸν
1421 2589 1562 2647 θεὸν
1605 2588 1701 2647 τὸν
1751 2589 1887 2646 ὄντα

266 2668 295 2692 ‘e

206 2689 250 2721 30
267 2671 474 2773 eeuo'vo‘v
514 2675 606 2730 καὶ
648 2670 853 2732 οὐδένα
893 2678 1082 2749 ἕτερον
1130 2678 1305 2748 σέβω,
1348 2671 1471 2732 οὐδ’
1516 2671 1585 2731 ἂν
1623 2678 1884 2746 μεταθεί-

267 2752 412 2859 “ww
466 2756 599 2816 οὐδε
664 2764 987 2832 παυσαίμην
1051 2760 1182 2816 ποτε
1243 2757 1573 2834 Χριστιανὸς
1625 2755 1717 2816 τόν.
1796 2757 1927 2814 ἐπι

339 2857 625 2923 ‘10200n
662 2884 727 2934 11,
763 2885 800 2922 1.
837 2884 901 2923 17.
936 2884 1001 2923 23.
1092 2885 1143 2924 13
1176 2882 1286 2923 Tob.
1312 2885 1378 2935 12,
1413 2885 1450 2923 7.
1539 2883 1591 2923 28
1621 2881 1720 2924 Aet
1743 2883 1783 2933 5,
1817 2882 1886 2923 29.
