1986 3152
515 94 671 136 HIST.
703 93 951 135 ECCLES.
982 96 1060 136 Ν.
1096 97 1162 136 15.
1549 92 1645 144 157

33 209 399 287 “μεταθέντες
430 207 602 267 αὐτὸν
634 215 712 275 εἰς
736 207 795 267 τὸ
826 208 1002 284 ὄχημα
1019 216 1250 268 ἔπειθον
1273 208 1649 283 παρακαθεζό-

30 295 224 370 “aevom
248 298 340 352 καὶ
370 296 645 366 λέγοντες·
678 303 734 351 τί
760 292 866 367 γάρ
891 292 1063 351 κακόν
1089 298 1239 352 ἐστιν
1266 301 1463 366 εἰπεῖν,
1490 293 1650 367 κύριε

29 379 314 455 (“Καῖσαρ,
356 382 446 436 καὶ
487 385 661 436 θῦσαι
702 381 792 435 καὶ
827 380 1221 448 ὃιασώζεσθαι;
1286 384 1367 436 16.
1417 378 1443 436 6
1484 380 1546 436 δὲ
1583 379 1650 436 τά

31 460 170 538 “μὲν
207 468 398 536 πρῶτα
437 461 541 521 οὐκ
594 460 957 535 ἀπεκρίνατο,
1022 462 1395 536 ἐπιμενόντων
1449 465 1509 521 δὲ
1553 461 1649 520 αύ-

30 546 181 606 “τῶν
206 555 331 622 ἔφη,
368 545 435 604 οὐ
460 550 640 621 μέλλω
665 545 925 619 πράττειν
948 545 978 602 ὃ
1002 546 1418 620 συμβουλεύετέ
1437 571 1543 621 μοι.
1599 552 1656 604 oc
1674 565 1694 598 5

34 627 133 690 “623
163 631 531 706 ἀποτυχόντες
562 634 660 688 τοῦ
690 644 880 687 πεῖσαι
911 630 1083 688 αὐτὸν
1116 630 1272 688 δεινοὶ
1295 630 1509 705 ῥήματα
1533 638 1654 689 ἕλε-

34 711 195 790 ε’γον,
230 720 321 773 καὶ
350 715 486 789 μετὰ
518 719 766 786 σπουδῆς
798 714 1119 789 καθῄρουν,
1154 713 1225 781 ὡς
1258 715 1515 773 κατιόντα
1545 713 1652 772 ἀπὸ

37 795 171 861 ς’τοῦ
214 799 483 873 ὀχήματος
523 797 799 873 ἀποσύραι
839 797 899 855 τὸ
941 796 1314 871 ἀντικνήμιον.
1378 798 1519 856 ἀλλά
1550 801 1653 873 γὰρ

34 880 144 958 “uh
187 885 567 958 ἐπιστραφεὶς,
621 879 710 940 οἷα
751 884 925 955 μηδὲν
966 882 1294 955 πεπονθώς,
1349 883 1654 958 προθύμως

33 965 204 1042 “μετά
235 974 484 1040 σπουδῆς
512 965 831 1040 ἐπορεύετο,
876 966 1144 1040 ἀγόμενος
1187 974 1264 1033 εἰς
1304 968 1364 1024 τὸ
1406 967 1648 1026 στάδιον.
1678 984 1717 1014 10

33 1047 154 1111 “17.
187 1051 445 1126 θορύβου
479 1053 541 1108 δὲ
570 1050 899 1124 τηλικούτου
930 1049 1088 1121 ὄντος
1121 1056 1182 1110 ἐν
1211 1056 1287 1129 τῷ
1320 1058 1549 1128 σταδίῳ,
1583 1051 1655 1118 ὡς

34 1132 212 1211 “μηδὲ
242 1145 464 1203 πολλοῖς
496 1133 878 1208 ἀκουσθῆναι,
918 1139 996 1212 τῷ
1025 1135 1383 1213 Πολυκοῖρπω
1426 1135 1655 1194 εἰσιόντι

19 1217 149 1290 1“εἰς
170 1219 231 1279 τό
256 1221 484 1279 στάδιον
513 1220 674 1293 φωνὴ
708 1224 761 1288 ἐξ
786 1217 1029 1294 ούρανοῦ
1052 1224 1281 1293 γέγονεν
1305 1217 1510 1294 (ἴσχυε,
1548 1230 1655 1278 Πο-

31 1302 351 1409 ἶλύκαρπε,
364 1308 455 1362 καὶ
487 1302 779 1379 ἀνδρίζου.’
837 1307 928 1362 καὶ
951 1305 1048 1362 τὸν
1077 1306 1180 1378 μὲν
1211 1304 1436 1363 εἰπόντα
1468 1303 1656 1371 οὐδεὶς

19 1390 21 1400 ’
34 1383 253 1463 “εἶδεν,
294 1390 396 1462 τὴν
440 1390 501 1446 δε
541 1389 740 1462 φωνὴν
777 1393 890 1446 τῶν
930 1385 1211 1462 ἡμετέρων
1250 1391 1442 1446 πολλοὶ
1484 1413 1655 1462 ηκου-
1678 1405 1718 1438 15

35 1468 194 1533 “σαν.
260 1480 340 1531 1.8
383 1476 796 1575 προσαχθέντος
838 1466 940 1530 οὖν
980 1470 1152 1531 αὐτοῦ
1183 1472 1430 1546 θόρυβος
1461 1475 1530 1546 ἠν
1559 1477 1658 1547 μέ-

33 1555 202 1631 “γας,
234 1556 596 1616 ἀκουσάντων
626 1582 708 1614 οτι
731 1556 1101 1631 Πολύκαρπος
1133 1564 1511 1630 συνείληπται.
1546 1565 1656 1616 λοι-

34 1639 181 1744 :adv
231 1635 336 1700 οὖν
399 1641 783 1716 προσελθόντα
846 1641 1102 1714 ἀνηρωτα
1155 1641 1183 1699 6
1232 1639 1555 1708 ἀνθύπατος
1609 1648 1659 1700 εἰ

39 1721 239 1793 “αύτὸς
273 1736 357 1799 εἰή
389 1725 772 1829 Πολύκαρπος.
836 1729 928 1782 καὶ
957 1724 1398 1828 ὁμολογήσαντος
1429 1732 1657 1784 ἔπειθεν

35 1807 107 1829 “2

75 1821 373 1883 αρνεῖσθαι
414 1814 592 1884 λέγων
624 1809 945 1883 αἰδέσθητί
986 1829 1089 1869 σου
1130 1811 1232 1884 τὴν
1272 1808 1516 1885 ἡλικίαν’
1564 1814 1658 1868 καὶ
1679 1827 1722 1859 20

37 1888 233 1967 κἕτερα
263 1895 476 1963 τούτοις
519 1893 836 1966 ἀκόλουθα,
877 1891 914 1950 ἁ
956 1894 1204 1968 σύνηθες
1249 1892 1435 1961 αὐτοῖς
1476 1897 1659 1968 λέγειν

38 1973 266 2038 “ἐστίν’
272 1979 478 2054 ὄμοσον
507 1978 609 2051 τὴν
641 1985 921 2052 Καίσαρος
951 1979 1154 2052 τύχην,
1186 1978 1546 2052 μετανόησον’
1586 1981 1657 2036 εἴ·

39 2057 71 2082 ‘
79 2084 208 2122 πον·
245 2061 390 2140 αἶρε
418 2063 546 2130 τούς
577 2060 798 2130 ἀθέους.
811 2062 823 2083 ’
893 2069 973 2121 19.
1007 2063 1034 2121 ὁ
1070 2065 1131 2120 δε
1161 2063 1531 2171 Πολύκαρπος
1563 2067 1659 2137 ἐμ-

41 2143 272 2223 “βριθει
290 2174 366 2207 τω
391 2147 669 2225 προσώπω
702 2155 779 2215 εἰς
811 2147 992 2206 πάντα
1032 2148 1129 2206 τὸν
1169 2147 1334 2222 ὄχλον
1364 2147 1461 2206 τὸν
1493 2152 1553 2206 ἐν
1583 2172 1658 2206 τω

41 2227 284 2290 “σταδίω
321 2213 625 2307 ἐμβλέψας,
660 2236 940 2299 ἐπισείσας
972 2229 1160 2300 αύτοις
1191 2231 1294 2306 τὴν
1324 2247 1508 2307 χεῖρα,
1540 2251 1657 2290 στε-
1682 2247 1722 2279 25

41 2293 260 2386 “vaignes
272 2342 330 2376 τε
361 2320 454 2374 καὶ
485 2317 805 2389 ἀναβλέψας
838 2323 914 2384 εἰς
946 2315 1042 2374 τὸν
1066 2315 1311 2392 οὐρανὸν
1337 2318 1492 2375 εἶπεν
1514 2316 1660 2391 εαἶρε

41 2393 203 2467 ’ποὺς
233 2399 480 2468 ἀθέους.’
535 2406 621 2458 20.
656 2404 975 2475 ἐγκειμένου
1010 2403 1070 2459 δὲ
1100 2407 1199 2460 τοῦ
1229 2398 1543 2475 ἡγουμένου
1568 2404 1658 2461 καὶ

43 2476 331 2557 “λε’γοντος
366 2482 611 2559 εὄμοσον,
644 2488 736 2542 καὶ
777 2483 1036 2543 ἀπολύσω
1068 2506 1161 2560 σε,
1204 2485 1534 2561 λοιδόρησον
1564 2485 1660 2543 τὸν

44 2562 350 2669 ἶΧριστόνξ
389 2568 947 2643 ἔφηὸΠολύκαρπος
972 2569 1339 2644 τὀγδοήκοντα
1370 2573 1462 2628 καὶ
1488 2575 1543 2638 εξ
1569 2578 1660 2642 ἔτη

46 2646 333 2752 ἶδουλεύω
365 2653 546 2731 αὐτῷ,
579 2657 671 2711 καὶ
702 2650 871 2711 οὐδέν
899 2678 967 2727 με
997 2652 1253 2729 ηδίκησε
1288 2657 1380 2712 καὶ
1411 2678 1527 2722 πως
1559 2653 1723 2711 (δύ-30

46 2729 250 2810 “vagum
281 2742 675 2811 βλασφημῆσαι
706 2735 803 2795 τὸν
835 2742 1065 2811 βασιλέα
1094 2764 1230 2813 μου,
1273 2739 1371 2797 τὸν
1401 2737 1659 2796 σώσαντοὲ

47 2811 191 2891 ’μεξ
238 2826 320 2879 21.
358 2825 706 2895 ἐπιμένοντος
751 2822 812 2878 δε
855 2823 1024 2880 πάλιν
1068 2821 1242 2880 αὐτοῦ
1283 2826 1375 2880 καὶ
1405 2825 1658 2895 λέγοντος
