2032 3174
338 147 425 187 LII
1051 143 1176 185 CAP.
1208 147 1246 184 3.

339 257 637 326 Propterea
675 254 745 306 ad
784 255 902 324 ejus
942 254 1142 320 instar,
1181 272 1287 305 non
1326 253 1397 305 ad
1435 254 1608 306 instar
1643 273 1825 306 eorum
1861 255 1953 324 qui

338 339 639 410 symbolice
688 346 742 390 et
789 337 972 408 typico
1025 356 1174 391 more
1215 337 1432 408 (uncti)
1473 345 1651 404 erant,
1701 339 1953 392 Salvator

338 432 519 476 noster
546 423 797 476 Christus
837 429 890 474 et
927 422 1181 475 sacerdos
1222 429 1475 489 vocatur,
1515 422 1612 475 sed
1643 423 1950 493 eumjuris—

330 508 554 580 jurandi
596 506 921 577 adjectione.
996 510 1029 573 ἓ
1071 507 1154 558 18.
1228 507 1433 559 Iccirco
1476 506 1637 559 etiam
1675 525 1798 559 eum
1837 525 1950 561 cor·
2026 557 2031 561 .

336 591 600 663 poraliter
656 591 743 644 ab·
783 590 1052 644 Hebraeis
1109 598 1333 644 unctum
1389 610 1508 643 esse
1560 591 1788 644 historia
1844 611 1951 645 non

338 683 751 742 commemorat,
795 693 970 746 neque
1009 694 1131 728 eum
1171 694 1239 727 ex
1277 675 1428 729 tribu
1467 675 1810 729 sacerdotum
1848 677 1949 729 ori-

338 760 570 827 undum,
630 760 725 812 sed
785 778 906 812 eum
953 779 986 811 a
1032 761 1150 812 Deo
1197 767 1322 812 ante
1372 760 1622 829 (omnes)
1672 768 1950 812 creaturas

336 845 578 915 genitum
617 863 737 897 esse
776 852 830 897 et
862 843 1163 897 immortale
1200 843 1440 914 nullique
1476 844 1770 897 obnoxium
1799 844 1950 897 senio

343 930 710 982 sacerdotium
737 929 791 980 in
819 928 1091 982 saeculum
1119 929 1456 982 saeculorum
1483 929 1743 983 obtinere.
1807 931 1839 993 ἓ
1870 931 1951 981 19.

339 1014 477 1066 Eum
516 1020 695 1065 autem
732 1012 1040 1066 unctionem
1080 1014 1418 1083 spiritualem
1457 1022 1510 1066 et
1548 1013 1788 1066 divinam
1825 1013 1948 1065 ade-

337 1105 493 1167 ptum
541 1116 687 1164 esse,
735 1096 791 1148 id
838 1098 1141 1150 maximum
1188 1107 1240 1151 et
1286 1098 1755 1151 evidentissimum
1800 1097 1949 1150 testi—

336 1183 574 1234 monium
622 1190 730 1248 est,
781 1182 926 1252 quod
971 1182 1059 1234 hie
1106 1181 1255 1235 solus
1295 1202 1365 1235 ex
1402 1182 1652 1235 omnibus
1691 1182 1784 1252 qui
1823 1181 1949 1234 inde

337 1269 407 1320 ab
447 1266 697 1320 omnibus
736 1267 1008 1320 aetatibus
1047 1285 1218 1336 usque
1246 1268 1312 1319 ad
1340 1266 1663 1320 hodiernum
1691 1266 1834 1317 diem
1860 1285 1948 1318 ex·

337 1352 622 1416 stiterunt,
663 1351 732 1403 ab
772 1351 1022 1403 omnibus
1043 1350 1371 1404 ‘hominibus
1413 1350 1503 1420 qui
1530 1351 1584 1402 in
1611 1349 1813 1402 mundo
1839 1351 1948 1403 fue-

335 1443 491 1501 runt,
533 1434 782 1487 Christus
821 1435 1127 1487 nominatus
1167 1443 1272 1503 est,
1312 1442 1365 1487 et
1399 1435 1467 1488 ab
1505 1434 1755 1487 omnibus
1780 1434 1948 1488 homi-

336 1520 496 1573 nibus
545 1518 772 1571 Graecis
830 1537 999 1588 aeque
1057 1527 1221 1589 atque
1267 1519 1552 1585 Barbaris,
1609 1520 1708 1572 hoe
1754 1538 1947 1573 nomen

337 1604 646 1657 testimonio
683 1603 1029 1672 praedicatur
1054 1611 1108 1656 et
1143 1602 1472 1670 celebratur,
1511 1611 1564 1655 et
1589 1604 1852 1656 hactenus
1879 1604 1948 1656 ab

336 1688 585 1741 omnibus
640 1688 933 1754 creaturiS,
991 1689 1059 1740 ab
1110 1689 1359 1740 omnibus
1407 1688 1499 1757 qui
1545 1706 1666 1739 eum
1704 1688 1946 1756 laudant,

336 1781 598 1843 tanquam
637 1789 736 1823 rex
772 1773 827 1823 in
865 1771 1066 1824 honore
1104 1772 1361 1838 habetur,
1410 1780 1463 1824 et
1502 1791 1668 1841 supra
1704 1772 1944 1842 Prophe-

335 1865 418 1910 tas
459 1856 818 1909 admiratione
856 1856 1192 1923 nominatur,
1231 1855 1409 1924 gloria
1446 1875 1574 1910 vero
1613 1864 1672 1908 ut
1707 1858 1823 1927 ipse
1858 1875 1946 1910 ve-

336 1961 431 1994 rus
473 1960 712 1994 summus
762 1939 848 1992 dei
888 1940 1142 1992 sacerdos
1190 1940 1453 2008 afficitur,
1505 1948 1557 1992 et
1603 1941 1827 2012 insuper
1863 1948 1944 1993 ut-

336 2032 461 2096 pote
488 2026 638 2078 Deus
668 2025 889 2078 verbum
904 2064 919 2092 ‚
959 2025 1102 2093 quod
1141 2032 1266 2077 ante
1302 2044 1457 2077 omne
1486 2044 1678 2078 aevum
1705 2027 1947 2094 genitum

335 2117 446 2177 est,
487 2109 818 2161 adorationis
859 2108 1117 2161 honorem
1156 2110 1225 2163 ab
1265 2109 1383 2179 ipso
1422 2117 1576 2179 patre
1615 2110 1850 2179 aceepit,
1893 2117 1948 2162 et

337 2202 593 2263 tanquam
621 2193 770 2245 Deus
810 2192 1093 2261 adoratur,
1133 2193 1226 2263 qui
1264 2213 1320 2245 re
1359 2212 1491 2247 vera
1518 2192 1830 2263 (oriundus)
1866 2201 1947 2245 est

335 2278 405 2332 ab
443 2297 505 2331 eo
544 2277 635 2347 qui
673 2296 865 2331 revera
892 2278 1043 2329 Deus
1083 2284 1181 2329 est.
1256 2281 1288 2343 ξ
1314 2278 1398 2329 20.
1464 2278 1622 2343 Quod
1649 2296 1779 2331 vero
1815 2296 1947 2347 prae

336 2361 584 2415 omnibus
627 2369 818 2414 notatu
857 2361 1082 2430 dignum
1110 2370 1208 2429 est,
1249 2370 1330 2414 est
1355 2361 1431 2428 id,
1471 2361 1615 2431 quod
1641 2362 1679 2413 ii
1706 2362 1798 2431 qui
1825 2379 1945 2413 eum

335 2446 590 2513 adorant,
631 2464 739 2499 non
776 2445 948 2498 solum
985 2446 1374 2499 vociferatione
1409 2453 1504 2498 aut
1539 2445 1720 2499 verbis
1747 2447 1942 2499 facien-

336 2530 420 2582 dis
461 2549 584 2582 eum
619 2529 851 2582 adorant
887 2531 980 2582 sed
1011 2529 1156 2581 omni
1184 2530 1363 2582 cordis
1391 2530 1590 2582 affectu
1617 2549 1737 2582 eum
1763 2530 1946 2583 colunt

336 2622 391 2667 et
416 2616 536 2685 ejus
565 2614 835 2667 confessio
862 2614 1018 2668 nobis
1045 2614 1158 2667 vita
1185 2612 1351 2667 multo
1380 2614 1552 2667 carior
1580 2623 1674 2668 est.
1735 2615 1869 2684 Gap.
1889 2615 1942 2666 4.

335 2703 368 2765 ξ
411 2700 457 2750 1.
529 2698 680 2751 Haec
729 2698 908 2752 omnia
955 2705 1134 2750 autem
1186 2717 1218 2750 a
1263 2698 1420 2751 nobis
1471 2698 1771 2768 praemissa
1819 2706 1945 2750 sunt

334 2783 441 2853 ipsi
493 2800 680 2834 *rerum
734 2790 1011 2851 gestarum
1067 2783 1365 2835 narrationi
1422 2802 1488 2835 ne
1543 2782 1662 2852 quis
1721 2790 1943 2852 propter

335 2875 580 2937 tempora
605 2867 800 2937 quibus
831 2867 979 2920 inter
1005 2866 1248 2921 homines
1286 2874 1532 2922 versatus
1570 2874 1653 2920 est
1680 2867 1736 2918 in
1764 2885 1941 2933 carne,
