1986 3152
678 116 833 158 HIST.
865 115 1114 160 ECGLES.
1147 117 1202 158 x.
1237 120 1279 158 5.
1680 118 1783 170 477

178 230 710 305 ἀποκατασταθῆναι
743 227 816 299 ὥς
845 232 1100 306 τάχιστα,
1128 232 1276 299 ὅπως
1307 234 1488 311 τούτῳ
1519 230 1678 308 ἡμῶν
1708 240 1784 311 τῷ

178 316 554 389 προστάγματι
578 317 1004 390 ἐπιμελεστάτην
1028 336 1090 375 σε
1113 318 1478 392 πειθάρχησιν
1501 337 1784 393 παρεσχη-

178 403 336 457 κέναι
358 401 789 475 καταμάθοιμεν.
837 407 1069 476 ἔρρωσο,
1090 401 1361 474 Ἀνυλῖνε,
1385 404 1668 477 τιμιώτατε
1690 405 1784 460 καὶ

178 485 538 542 ποθεινότατε
566 483 747 559 ἡμῖν.”

183 630 264 683 18.
293 624 667 699 Ἀντίγραφον
697 633 980 700 βασιλικῆς
1013 631 1298 700 ἐπιστολῆς
1330 627 1406 684 δι’
1440 623 1504 702 ἧς
1537 628 1784 685 σύνοδον
1806 646 1824 677 5

223 710 542 768 ἐπισκόπων
576 713 665 767 ἐπὶ
689 710 893 783 Ῥώμης
923 712 1137 769 κελεύει
1167 713 1431 782 γενέσθαι
1459 711 1605 785 ὑπὲρ
1635 718 1732 785 τῆς

348 798 465 851 τῶν
497 797 802 867 ἐκκλησιῶν
835 796 1084 861 ἑνώσεώς
1115 820 1172 853 τε
1202 799 1296 852 καὶ
1327 793 1605 870 ὁμονοίας.

301 903 774 973 “Κωνσταντῖνος
828 907 1112 980 Σεβαστὸς
1172 909 1453 983 Μιλτιάδῃ
1507 908 1785 984 ἐπισκόπῳ

175 988 460 1065 Ῥωμαίων
489 992 582 1047 καὶ
614 991 848 1068 Μάρκῳ.
919 992 1103 1065 ἐπειδὴ
1135 997 1371 1049 τοιοῦτοι
1413 992 1609 1066 χάρται
1637 992 1785 1065 παρά

175 1072 474 1134 Ἀνυλίνου
515 1081 616 1132 τοῦ
657 1077 1050 1150 λαμπροτάτου
1096 1074 1432 1134 άνθυπάτου
1473 1083 1567 1149 τῆς
1595 1074 1786 1150 Ἀφρι-

180 1167 278 1232 κῆς
311 1160 446 1234 πρός
477 1183 544 1233 με
576 1166 801 1226 πλείους
834 1160 1243 1233 ἀπεστάλησαν,
1279 1164 1337 1218 ἐν
1361 1158 1444 1228 οἷς
1475 1163 1788 1234 ἐμφέρεται,

181 1244 547 1302 Καικιλιανὸν
575 1243 675 1301 τὸν
700 1247 1003 1302 ἐπίσκοπον
1027 1251 1124 1318 τῆς
1147 1252 1654 1319 Καρταγεννησίων
1684 1246 1786 1302 πό-

183 1338 319 1396 λεως
372 1328 523 1402 παρά
565 1353 733 1386 τινων
778 1330 1067 1402 κολλήγων
1111 1329 1289 1387 αὐτοῦ
1334 1336 1447 1387 τῶν
1492 1330 1629 1386 κατά
1686 1329 1789 1402 τῆν

174 1413 441 1487 Ἀφρικὴν
483 1413 852 1471 καθεστώτων
897 1418 957 1471 ἐν
991 1422 1217 1480 πολλοῖς
1253 1415 1574 1488 πράγμασιν
1605 1412 1788 1471 εύθύ-

181 1508 405 1571 νεσθαι,
431 1500 525 1555 καὶ
556 1498 725 1555 τοῦτό
747 1523 837 1571 μοι
862 1498 1009 1573 βαρὺ
1035 1499 1255 1573 σφόδρα
1278 1498 1533 1571 δοκεῖ,τὸ
1563 1501 1623 1556 ἐν
1646 1498 1788 1555 ταύ-

180 1607 295 1649 ταις
319 1597 438 1650 ταῖς
458 1586 763 1656 ἐπαρχίαις,
787 1581 851 1649 ἃς
875 1589 944 1658 τῇ
970 1586 1073 1658 ἐμῇ
1098 1583 1433 1641 καθοσιώσει
1457 1582 1789 1654 αὐθαίρετος

182 1664 217 1740 ἡ
258 1675 390 1725 θεία
430 1669 668 1741 πρόνοια
728 1671 1051 1742 ἐνεχείρισε,
1092 1666 1342 1741 (κάκεῖσε
1382 1667 1526 1725 πολύ
1573 1673 1789 1739 πλῆθος

184 1752 371 1826 λαοῦ),
402 1752 570 1826 ὄχλον
601 1754 689 1809 ἐπὶ
719 1750 781 1809 τὸ
806 1753 1154 1826 φαυλότερον
1180 1753 1508 1826 ἐπιμένοντα
1533 1751 1786 1825 εὑρίσκε-

186 1847 323 1895 σθαι
355 1833 558 1894 ὡσανεὶ
591 1842 1053 1910 διχοστατοῦντα,
1094 1838 1188 1893 καὶ
1218 1836 1422 1910 μεταξύ
1455 1835 1791 1901 ἐπισκόπους

185 1921 456 1995 διαφοράς
488 1927 652 1994 ἔχειν,
687 1926 767 1977 19.
802 1924 962 1990 ἔδοξέ
986 1946 1094 1996 μοι,
1127 1917 1204 1978 ἵν’
1239 1918 1408 1989 αύτὸς
1440 1917 1468 1978 ὁ
1501 1928 1788 1978 Καικιλια-

183 2006 279 2073 νὸς
311 2006 448 2080 μετὰ
479 2008 614 2063 δέκα
647 2006 990 2078 ἐπισκόπων,
1034 2011 1149 2062 τῶν
1185 2004 1364 2064 αὐτὸν
1396 2004 1663 2063 εὐθύνειν
1694 2009 1787 2061 δο-

185 2091 462 2162 κούντων,
494 2093 587 2147 καὶ
619 2092 754 2148 δέκα
787 2093 989 2164 ἑτέρων
1019 2088 1118 2155 οὓς
1143 2089 1312 2157 αύτός
1335 2095 1404 2164 τῇ
1431 2092 1632 2147 ἑαυτοῦ
1663 2094 1791 2163 δίκῃ

185 2173 528 2247 ἀναγκαίους
569 2171 873 2248 ὑπολάβοι,
923 2181 1000 2242 είς
1040 2175 1141 2246 τὴν
1165 2174 1374 2249 Ῥώμην
1406 2179 1529 2251 πλῷ
1572 2171 1789 2230 ἀπιέναι

184 2259 258 2333 μὴ
302 2259 664 2332 ἀναβάλοιτο,
718 2259 795 2317 ἵν’
844 2264 1024 2317 ἐκεῖσε
1068 2259 1231 2333 ὑμῶν
1283 2259 1610 2332 παρόντων,
1651 2256 1793 2314 ἀλλά

184 2342 297 2417 μὴν
325 2346 419 2401 καὶ
442 2340 712 2402 Ῥετεκίου
753 2346 847 2401 καὶ
882 2346 1183 2417 Ματέρνου
1215 2346 1307 2401 καὶ
1339 2351 1636 2417 Μαρίνου,
1680 2344 1793 2398 τών

185 2428 475 2501 κολλήγων
504 2427 695 2501 ὑμῶν,
738 2427 838 2495 οὓς
869 2427 1075 2486 τούτου
1119 2432 1310 2486 ἕνεκεν
1350 2434 1429 2494 εἰς
1459 2427 1562 2500 τὴν
1586 2423 1795 2499 Ῥώμην

186 2515 498 2587 προσέταξα
543 2515 899 2585 ἐπισπεῦσαι,
945 2518 1172 2587 δυνηθῇ
1215 2511 1584 2584 ἀκουσθῆναι,
1619 2507 1692 2576 ὣς
1724 2509 1793 2566 ἂν

186 2599 559 2672 καταμάθοιτε
621 2602 698 2674 τῷ
764 2597 1194 2673 σεβασμιωτάτςο
1268 2597 1421 2673 νόμῳ
1487 2594 1793 2669 ἁρμόττειν.

187 2687 273 2740 20.
306 2688 401 2740 ἵνα
430 2684 616 2756 μέντοι
645 2684 738 2738 καὶ
769 2683 897 2756 περὶ
927 2682 1156 2739 πάντων
1187 2679 1376 2738 αὐτῶν
1406 2679 1622 2736 τούτων
1652 2686 1791 2750 πλη·

189 2768 462 2841 ρεστάτην
493 2772 775 2840 δυνηθῆτε
806 2773 951 2840 ἔχειν
981 2771 1219 2838 γνῶσιν,
1259 2764 1327 2822 τά
1369 2763 1642 2821 ἀντίτυπα
1682 2768 1795 2819 τῶν

191 2853 489 2928 ἐγγράφων
523 2855 637 2909 τών
675 2851 812 2927 πρός
842 2875 909 2924 με
941 2850 1090 2924 παρὰ
1116 2847 1414 2908 Ἀνυλίνου
1447 2843 1793 2904 ἀποσταλέν-

1814 1097 1850 1126 10

1815 1515 1873 1555 15³

1813 1938 1854 1968 20

1816 2358 1858 2389 25

1818 2778 1858 2809 30
