2032 3174
522 109 677 150 HIST.
707 107 959 150 ECCLES.
981 110 1067 150 III.
1092 110 1214 148 1-4.
1591 106 1660 158 85

55 223 201 300 παρὰ
216 238 328 291 τοῖς
346 222 514 282 πάλαι
531 226 924 299 πρεσβυτέροις
943 220 1389 297 ὦμολογημένην,
1402 225 1655 281 τοσαῦτα.

53 314 101 368 5.
135 313 232 367 τοῦ
259 310 317 366 δὲ
343 306 574 367 Παύλου
604 306 871 383 πρόδηλοι
902 310 992 365 καὶ
1023 322 1221 381 σαφεῖς
1245 312 1308 364 αἱ
1329 309 1660 366 δεκατέσσα-

55 417 145 468 ρες
178 397 472 451 ἐπιστολαί.
534 391 615 450 ὅτι
645 416 709 465 γε
740 392 851 466 μήν
881 416 1026 459 τινες
1058 389 1362 465 ήθετήκασι
1392 391 1493 464 τὴν
1523 391 1660 466 πρὸς

47 475 362 553 Ἑβραίους,
395 477 529 550 πρὸς
552 481 646 549 τῆς
669 475 950 550 Ῥωμαίων
976 480 1266 550 ἐκκλησίας
1298 473 1370 544 ὥς
1399 474 1472 550 μὴ
1503 475 1658 535 Παύ-

53 571 154 620 λου
186 554 360 620 οὖσαν
391 558 567 634 αὐτὴν
591 559 977 633 ἀντιλέγεσθαι
1001 559 1306 634 φήσαντες,
1338 559 1404 618 οὐ
1439 566 1658 620 δίκαιον
1678 585 1699 618 5

53 643 293 720 ἀγνοεῖν.
355 647 446 702 καὶ
477 646 543 702 τὰ
568 647 692 719 περὶ
719 643 917 717 ταύτης
949 645 1011 701 δὲ
1041 658 1154 711 τοῖς
1185 643 1290 718 πρὸ
1322 643 1478 718 ἡμῶν
1510 651 1662 719 εἰρη-

53 733 190 803 μένα
222 729 358 787 κατὰ
390 727 583 803 καιρὸν
612 727 1022 802 παραθήσομαι.
1080 727 1214 785 οὐδὲ
1236 729 1347 802 μὴν
1375 729 1472 796 τὰς
1503 738 1662 802 λεγο-

49 818 217 887 μένας
249 811 423 870 αὐτοῦ
440 811 676 885 Πράξεις
701 817 761 870 ἐν
790 810 1216 886 ἀναμφιλέκτοις
1247 820 1576 886 παρείληφα.
1611 819 1660 870 6.

53 899 169 956 ἐπεὶ
204 898 263 954 δε
297 895 324 954 5
358 893 522 962 αὐτὸς
553 893 853 964 απόστολος
887 900 945 955 ἐν
975 910 1094 964 ταῖς
1127 899 1216 954 ἐπὶ
1245 899 1388 954 τέλει
1419 896 1666 999 προσρή-

52 1000 171 1040 σεσι
200 987 295 1054 τῆς
326 980 461 1090 πρὸς
485 976 782 1054 Ρωμαίους
812 981 1034 1083 μνήμην
1065 987 1356 1054 πεποίηται
1387 1005 1522 1055 μετα
1550 986 1663 1039 τῶν
1685 1006 1727 1039 10

53 1064 237 1123 ἄλλων
267 1067 359 1122 καὶ
383 1061 571 1170 Ἑρμᾶ,
603 1089 669 1122 ov
693 1086 866 1139 φασιν
887 1062 1157 1141 ὑπαρχειν
1187 1065 1246 1123 τὸ
1277 1072 1374 1123 τοῦ
1404 1068 1663 1140 ποιμένος

51 1156 303 1223 βιβλίον,
351 1151 530 1207 ἰστέον
573 1147 646 1217 ὦς
686 1153 778 1208 καὶ
807 1156 968 1208 τοῦτο
999 1149 1134 1226 πρὸς
1174 1154 1277 1224 μέν
1308 1174 1477 1208 τινων
1507 1147 1663 1208 ἄντι-

50 1236 329 1306 λέλεκται,
374 1231 448 1290 δι’
484 1229 587 1300 οὓς
619 1233 723 1292 οὐκ
764 1230 836 1292 ἂν
869 1238 928 1292 ἐν
968 1234 1427 1309 ὁμολογουμένοις
1450 1241 1660 1308 τεθείη,

50 1316 165 1391 ὑφ’λ
194 1320 397 1393 ἑτέρων
442 1319 507 1374 δὲ
550 1316 983 1391 ἀναγκαιότατον
1024 1317 1106 1387 οἷς
1136 1317 1370 1393 μάλιστα
1403 1324 1492 1376 δεῖ
1518 1337 1661 1377 στοι-

49 1399 318 1475 χειώσεως
351 1406 710 1476 είσαγωγικῆς
742 1405 998 1478 κέκριται
1051 1401 1191 1462 ὅθεν
1221 1401 1328 1476 ἤδη
1359 1405 1452 1460 καὶ
1483 1406 1544 1462 ἐν
1576 1406 1661 1461 ε’κ-
1685 1427 1727 1461 15

51 1491 303 1558 κλησίαις
329 1495 490 1560 ἰσμεν
514 1485 650 1545 αὐτὸ
677 1490 1199 1570 δεδημοσιευμένον,
1224 1490 1315 1555 καὶ
1337 1492 1448 1546 τῶν
1466 1496 1660 1546 παλαι-

53 1568 234 1627 τάτων
269 1571 330 1626 δε
373 1574 743 1644 συγγραφέων
784 1574 1153 1672 κεχρημένους
1193 1570 1344 1639 τινὰς
1378 1572 1525 1650 αὐτῷ
1566 1597 1660 1629 κα-

54 1661 305 1726 τείληφα.
384 1659 431 1712 7.
473 1660 643 1714 ταῦτα
686 1661 762 1723 εἰς
798 1655 1144 1730 παράστασιν
1174 1661 1286 1714 τῶν
1315 1680 1374 1714 τε
1405 1654 1660 1731 ἀναντιρ-

32 1735 232 1811 ’ρήτων
263 1740 354 1795 καὶ
386 1744 500 1797 τῶν
516 1740 588 1813 μὴ
613 1739 762 1813 παρὰ
793 1745 964 1798 πᾶσιν
994 1739 1452 1816 ὁμολογουμένων
1482 1747 1661 1799 θείων

47 1845 384 1897 γραμματων
415 1823 677 1898 εἰρήσθω.
1655 1848 1720 1890 '20

174 1918 250 1966 IV.
304 1917 434 1982 [Nic
462 1920 520 1972 H.
552 1920 605 1970 E.
635 1920 715 1978 111,
749 1918 794 1970 1.
820 1918 895 1986 2]
966 1906 1081 1968 Ὅτι
1133 1934 1235 1983 μεν
1287 1902 1388 1967 οὖν
1439 1924 1551 1977 τοῖς
1605 1912 1659 1978 ἐξ

52 1992 238 2047 ἐθνων
269 1991 565 2064 κηρύσσων
595 1989 623 2050 ὁ
650 1996 876 2060 Παῦλος
906 1993 1035 2061 τούς
1059 1993 1164 2051 ἀπὸ
1181 1992 1536 2068 Ἰερουσαλὴμ
1568 1996 1659 2050 καὶ

54 2071 240 2151 κυκλῳ
283 2078 437 2152 μέχρι
479 2081 576 2135 τοῦ
602 2074 909 2152 Ἰλλυρικοῦ
947 2081 1058 2136 τεᾶν
1091 2081 1396 2152 ἐκκλησιῶν
1426 2082 1662 2151 καταβέ-

46 2162 219 2255 βλητο
250 2168 545 2234 θεμελίους
610 2165 779 2235 δῆλον
833 2166 893 2220 ἐκ
943 2168 1055 2220 τῶν
1106 2161 1280 2220 αὐτοῦ
1329 2164 1530 2235 γένοιτ’
1589 2160 1659 2220 ἂν

47 2264 254 2314 φωνων
294 2247 386 2302 καὶ
426 2244 522 2319 ἀφ’
562 2270 642 2304 ων
672 2245 699 2304 5
731 2249 951 2314 Λουκᾶς
978 2251 1038 2305 ἐν
1060 2261 1179 2315 ταῖς
1203 2246 1484 2323 Πράξεσιν
1516 2245 1657 2305 ιστό-
1681 2269 1723 2303 25

48 2343 232 2399 ρησεν.
293 2333 354 2386 2.
375 2332 468 2386 καὶ
499 2334 559 2388 ἐκ
589 2355 700 2389 των
730 2333 952 2405 Πέτρου
985 2332 1046 2389 δὲ
1086 2335 1287 2400 λέξεων
1327 2335 1388 2390 ἐν
1428 2327 1658 2398 ὁπόσαις

47 2410 140 2465 καὶ
170 2433 329 2477 ουτος
372 2415 653 2488 ἐπαρχίαις
693 2439 822 2482 τους
868 2420 927 2473 ἐκ
967 2420 1262 2490 περιτομῆς
1292 2415 1388 2474 τὸν
1419 2413 1656 2498 Χριστὸν

49 2490 527 2569 εὐαγγελιζόμενος
556 2496 653 2556 τὸν
682 2502 777 2572 τῆς
817 2504 1010 2574 καινῆς
1045 2499 1316 2575 διαθήκης
1347 2506 1655 2576 παρεδίδου

46 2575 212 2650 λόγον
242 2580 415 2652 σαφες
445 2578 516 2638 ἂν
549 2591 634 2655 εἴη
658 2580 756 2654 ἀφ’
792 2576 855 2656 ἧς
887 2583 1184 2660 εἰρήκαμεν
1213 2584 1655 2662 ὁμολογουμένης

46 2658 216 2719 αὐτοῦ
249 2665 560 2739 ἐπιστολῆς,
595 2671 655 2724 ἐν
683 2657 720 2742 ᾖ
749 2681 862 2735 τοῖς
895 2671 948 2738 ἐξ
970 2667 1243 2745 Ἑβραίων
1266 2689 1428 2727 ουσιν
1446 2673 1505 2727 ἐν
1537 2674 1653 2726 δια·
1675 2693 1717 2727 30

169 2858 219 2897 10
249 2858 376 2900 Rom.
401 2861 466 2912 16,
492 2864 557 2906 14.
732 2861 786 2900 2-6
820 2862 857 2903 1.
879 2861 1003 2902 Petr.
1030 2865 1066 2914 1,
1091 2865 1129 2903 1.
