1986 3152
239 125 346 177 434
918 121 1168 163 EUSEBn

241 241 349 312 ἤδη
391 262 450 295 τε
491 235 664 310 αὐτῆς
699 233 909 311 Ῥώμης
950 234 1183 310 ἄγχιστα
1213 231 1308 309 ἧν·
1390 241 1441 294 4.
1503 237 1616 295 εἷθ’
1663 235 1736 307 ὥς
1775 239 1853 313 μὴ

241 329 342 380 τοῦ
372 323 658 397 τυράννου
688 322 851 397 χάριν
870 320 1150 395 Ῥωμαίοις
1181 328 1445 394 πολεμεῖν
1476 320 1851 395 ἀναγκάζοιτο,

242 407 375 475 θεὸς
409 405 580 474 αὐτὸς
611 411 839 480 δεσμοῖς
869 423 1013 463 τισιν
1046 406 1235 480 ὥσπερ
1267 405 1366 463 τὸν
1397 405 1678 481 τύραννον
1709 429 1849 482 πορ-

244 491 470 566 ρωτάτω
501 497 702 548 πυλῶν
736 492 969 563 ἐξέλκει,
1012 491 1105 547 καὶ
1134 490 1201 547 τοὶ
1243 489 1414 547 πάλαι
1445 489 1513 563 δὴ
1545 491 1683 548 κατα
1717 491 1851 548 άσε-

198 581 359 649 εβῶν
392 571 466 643 (ἇς
510 579 571 634 ἐν
611 575 805 649 μύθου
848 576 998 652 λόγῳ
1043 575 1194 650 παρὰ
1239 587 1355 641 τοῖς
1400 580 1676 643 πλείστοις
1721 575 1852 632 άπι-

242 661 548 734 στούμενα,
603 660 767 717 πιστά
807 683 870 732 γε
913 659 1026 733 μὴν
1067 671 1281 727 πιστοῖς
1324 662 1385 716 ἐν
1428 663 1602 733 ἱεραῖς
1641 666 1853 732 βίβλοις

244 746 698 819 ἐστηλιτευμένα,
753 741 900 819 αὐτῇ
946 747 1207 821 ἐναργείᾳ
1248 749 1419 801 πᾶσιν
1451 740 1642 811 ἁπλαῖς
1674 750 1854 802 εἰπεῖν

240 843 454 897 πιστοῖς
476 831 570 887 καὶ
594 827 874 902 ἀπίστοις,
907 827 1226 902 ὀφθαλμοῖς
1249 828 1316 886 τα
1343 829 1632 903 παράδοξα
1656 850 1851 903 παρει-

240 914 478 988 ληφόσιν
504 914 861 972 ἐπιστώσατο.
910 917 959 970 5.
996 913 1181 986 ὥσπερ
1214 906 1321 971 οῦν
1353 911 1436 970 ἐπ’
1468 912 1648 971 αὐτοῦ
1667 922 1851 972 Μωυ-

178 1024 218 1055 10
243 1001 382 1065 σέως
433 999 527 1055 καὶ
588 1003 690 1055 τοῦ
742 998 913 1055 πάλαι
963 1003 1272 1070 θεοσεβοῦς
1329 997 1602 1073 Ἑβραίων
1652 999 1854 1070 γένους

233 1079 490 1158 “ὅὶρματα
525 1081 732 1157 Φαραώ
774 1083 867 1138 καὶ
897 1081 999 1154 τὴν
1031 1083 1274 1155 δύναμιν
1305 1081 1481 1140 αὐτοῦ
1513 1087 1742 1156 ἔρριψεν
1774 1087 1854 1148 εἰς

242 1168 565 1239 θάλασσαν,
595 1167 918 1232 ἐπιλέκτους
951 1163 1233 1238 ἀναβάτας
1263 1166 1551 1241 τριστάτας
1576 1167 1853 1224 κατεπόν-

241 1269 390 1309 τισεν
423 1254 483 1309 ἐν
512 1250 774 1326 θαλάσσῃ
803 1254 1041 1326 ἐρυθρᾷ,
1074 1250 1262 1329 πόντῳ
1289 1251 1565 1319 ἐκάλυψεν
1588 1248 1854 1323 αῦτοῦς”,

241 1336 379 1393 κατὰ
418 1360 485 1393 τα
527 1334 670 1393 αὕτα
715 1335 783 1408 δὴ
826 1336 919 1392 καὶ
953 1309 1264 1404 Μαξέντιός
1305 1340 1363 1392 οῖ’
1397 1359 1455 1393 τε
1498 1333 1638 1414 ἀμφ’
1679 1334 1855 1392 αὐτὸν

176 1445 217 1478 15
240 1417 462 1479 ὁπλῖται
519 1422 612 1478 καὶ
673 1419 983 1495 δορυφόροι
1036 1415 1283 1478 “ἒδυσαν
1342 1426 1422 1487 εἰς
1480 1419 1669 1492 βυθὸν
1722 1415 1855 1477 ὡσεὶ

239 1504 434 1572 λίθος”
442 1549 457 1579 ,
503 1500 749 1579 ὁπηνίκα
793 1510 945 1562 νῶτα
987 1504 1125 1572 δοῦς
1156 1510 1224 1580 τῇ
1258 1507 1317 1562 ἐκ
1346 1509 1489 1563 θεοῦ
1519 1528 1655 1578 μετα
1688 1512 1853 1562 Κων-

242 1595 539 1648 σταντίνου
582 1589 820 1663 δυνάμει
848 1588 948 1646 τὸν
978 1589 1085 1664 πρὸ
1116 1595 1214 1662 τῆς
1245 1596 1477 1665 πορείας
1508 1589 1651 1664 διῄει
1679 1611 1849 1647 ποτα-

240 1675 383 1748 μὸν,
416 1673 483 1732 ὂν
515 1673 685 1741 αὐτὸς
717 1674 954 1747 σκάφεσι
983 1674 1173 1743 ζεύξας
1197 1676 1292 1731 καὶ
1323 1678 1386 1732 εὐ
1411 1674 1559 1748 μάλα
1589 1673 1851 1749 γεφυρῶν

242 1778 342 1826 σας
400 1759 655 1833 μηχανὴν
716 1757 962 1833 ὀλέθρου
1014 1757 1151 1816 καθ
1209 1761 1411 1816 ἑαυτοῦ
1457 1759 1852 1831 συνεστήσατο.

176 1868 218 1900 20
242 1848 291 1901 6.
340 1842 431 1917 ἐφ’
468 1847 511 1922 ᾧ
542 1847 617 1917 ἠν
648 1868 722 1900 αν
753 1849 934 1901 εἰπεῖν
951 1838 1196 1900 “λάκκον
1221 1843 1400 1918 ω’ρυξε
1422 1843 1514 1900 καὶ
1539 1841 1857 1911 ἀνέσκαψεν

242 1927 449 2001 αὐτὸν,
503 1930 596 1985 καὶ
649 1931 962 2002 ἐμπεσεῖται
1013 1933 1092 1995 εἰς
1150 1929 1367 2004 βόθρον
1420 1926 1486 1985 ὃν
1538 1927 1852 2003 εἰργάσατο.

243 2015 556 2089 ἐπιστρέψει
596 2008 625 2070 ὁ
659 2013 832 2080 πόνος
871 2012 1049 2070 αὐτοῦ
1093 2018 1172 2079 είς
1213 2012 1464 2087 κεφαλὴν
1507 2011 1718 2084 αὐτοῦ,
1761 2012 1855 2068 καὶ

244 2099 332 2154 ἐπὶ
384 2097 643 2171 κορυφὴν
686 2097 865 2155 αὐτοῦ
907 2097 942 2170 ἡ
985 2096 1174 2154 ἀδικία
1218 2096 1397 2154 αὐτοῦ
1436 2094 1851 2169 καταβήσεται.”

246 2186 291 2238 7.
339 2180 515 2255 ταύτῃ
548 2186 689 2254 δῆτα
718 2187 821 2238 τοῦ
856 2183 947 2238 ἐπὶ
977 2187 1079 2238 τοῦ
1109 2186 1365 2254 ποταμοῦ
1395 2180 1695 2254 ζεύγματος
1727 2184 1854 2237 δια-

177 2289 218 2322 25
242 2267 514 2331 λυθέντος
544 2261 795 2338 ῦφιζάνει
823 2265 927 2338 μὲν
963 2263 1298 2338 ἡδιάβασις,
1330 2277 1502 2339 χωρεῖ
1537 2263 1590 2322 δ’
1627 2262 1855 2368 ἀθρόως

243 2347 533 2424 αὔτανδρα
562 2373 700 2406 κατα
733 2354 832 2406 τοῦ
861 2355 1050 2422 βυθοῦ
1091 2349 1157 2406 τοὶ
1201 2350 1416 2423 σκάφη,
1464 2350 1557 2406 καὶ
1589 2347 1759 2415 αὐτός
1791 2373 1855 2421 γε

243 2439 463 2508 πρῶτος
495 2436 524 2492 ὁ
559 2435 1028 2508 δυσσεβέστατος,
1062 2433 1178 2492 εἶτα
1210 2434 1274 2491 δε
1305 2436 1400 2491 καὶ
1425 2439 1482 2491 oc
1507 2430 1648 2507 ἄμφ’
1677 2432 1855 2492 αὐτὸν

241 2518 617 2592 ὑπασπισταὶ,
661 2522 697 2593 ᾑ
729 2543 796 2576 τα
826 2528 959 2576 θεῖα
989 2531 1394 2593 προαναφωνεῖ
1421 2519 1579 2622 λόγια
1603 2513 1854 2576 “ἕδυσαν

246 2602 377 2662 ὡσεὶ
407 2604 686 2678 μόλυβδος
719 2606 780 2661 ἐν
810 2603 972 2661 ὕδατι
1007 2609 1264 2708 6132506993·
1253 2602 1304 2631 ·’'
1362 2608 1407 2661 8.
1458 2603 1599 2660 ὥστε
1629 2602 1854 2670 εἰκότως

1957 375 1960 412 -,
1957 315 1961 324 ,
1949 243 1963 281 A·
1941 160 1960 222 1:41⁴}

178 2712 221 2746 80
246 2694 298 2746 εί
324 2688 399 2763 μὴ
438 2687 648 2761 λόγοις,
703 2694 883 2764 ἔργοις
924 2685 980 2746 δ’
1024 2692 1133 2747 οῦν
1179 2687 1382 2762 ὁμοίως
1423 2700 1539 2755 τοῖς
1584 2686 1726 2761 ἀμφὶ
1755 2686 1854 2744 τὸν
1934 2751 1952 2762 Α)

358 2886 406 2924 11
440 2884 582 2929 Exod.
607 2885 674 2936 15,
696 2886 734 2928 4.
853 2885 907 2925 20
938 2883 1105 2926 Psalm.
1130 2885 1169 2935 7,
1195 2885 1260 2925 16.v
1378 2883 1432 2925 28
1462 2880 1607 2924 Exod.
1634 2882 1702 2933 15,
1730 2883 1794 2923 10.
