2032 3174
546 123 703 164 HIST.
736 122 987 166 ECCLES.
1017 123 1076 162 11.
1113 124 1179 163 17.
1594 120 1661 173 67

49 238 188 308 “σις.
261 237 685 312 ἐντυγχάνοντες
724 235 828 311 γὰρ
868 252 980 305 τοῖς
1023 241 1191 311 ἱεροῖς
1244 235 1523 311 γράμμασι
1562 237 1664 310 τὴν

51 322 316 396 “πα’τριον
346 328 714 396 φιλοσοφοῦσι
746 328 951 394 σοφίαν
981 319 1438 396 ἄλληγοροῦντες,
1473 321 1663 394 ἐπειδὴ

49 405 338 482 “συ’μβολα
368 405 432 464 τὰ
463 413 557 480 τῆς
589 411 754 481 ῥητῆς
787 408 1080 480 ἑρμηνείας
1113 413 1431 479 νομίζουσιν
1462 404 1664 464 ἀποκε-

50 489 400 566 “κρυμμένης
442 491 690 565 φύσεως,
739 494 799 547 ἐν
828 489 1113 556 ὑπονοίαις
1160 494 1515 563 δηλουμένης.
1583 495 1662 547 11.

47 575 201 634 “ε’στι
244 573 297 633 δ’
333 576 520 642 αὐτοῖς
565 578 656 632 καὶ
670 573 1095 679 συγγράμματα
1126 581 1377 632 παλαιῶν
1420 571 1663 648 ἄνδρων,
1687 598 1707 631 5

48 657 142 718 ὀἳ
179 663 271 733 τῆς
313 663 574 734 αἱρέσεως
616 656 804 715 αὐτῶν
833 655 1125 732 ἀρχηγέται
1168 658 1456 732 γενόμενοι
1491 658 1666 717 πολλα

46 743 323 848 Ξίμνημεια
346 747 439 816 τῆς
464 747 524 800 ἐν
547 756 658 809 τοῖς
682 740 1177 815 ἀλληγορουμένοις
1204 745 1352 810 ἰδέας
1376 740 1666 816 ἀπέλιπον,

19 896 22 898 v
46 824 167 894 “οἷς
207 826 462 932 καθαπερ
502 829 646 884 τισὶν
689 824 1013 899 ἀρχετύποις
1053 824 1324 900 χρώμενοι
1369 830 1667 900 μιμοῦνται

50 907 181 985 “τῆς
212 912 581 986 προαιρέσεως
611 909 708 968 τὸν
738 909 959 983 τρόπον.
973 907 1000 929 ”
1051 915 1129 967 12.
1157 916 1326 968 ταῦτα
1356 935 1458 984 μεν
1488 917 1667 968 ἔοικεν

59 998 314 1070 εἰρῆσθαι
355 999 429 1071 τῷ
470 994 661 1069 ἀνδρὶ,
715 994 810 1060 τὰς
854 995 1001 1068 ἱερὰς
1057 997 1439 1068 ἐξηγουμένων
1478 994 1665 1052 αὐτῶν
1689 1021 1728 1053 10

57 1081 522 1157 ἐπακροασαμένω
553 1077 787 1154 γραφάς.
847 1077 984 1153 τάχα
1017 1077 1068 1136 δ’
1099 1079 1269 1153 εἰκὸς,
1303 1077 1338 1137 ἆ
1367 1097 1541 1153 φησιν
1571 1077 1666 1153 ἆρ-

54 1170 228 1239 χαίων
268 1163 396 1237 παρ’
434 1162 620 1232 αὐτοῖς
663 1164 805 1222 εἶναι
836 1162 1266 1237 συγγράμματα,
1310 1163 1377 1221 τά
1411 1189 1469 1222 τε
1503 1162 1664 1236 εὐαγ-

55 1251 208 1322 γέλια
250 1251 341 1305 καὶ
381 1246 475 1315 τὰς
506 1255 617 1306 τῶν
647 1246 970 1306 ἀποστόλων
1009 1246 1254 1322 γραφάς,
1298 1247 1576 1322 διηγήσεις
1606 1251 1668 1305 τέ

55 1356 207 1399 τινας
248 1330 384 1389 κατὰ
423 1331 482 1390 τὸ
524 1331 666 1399 εἰκὸς
706 1338 818 1390 τῶν
848 1331 1016 1389 πάλαι
1047 1338 1350 1406 προφητῶν
1395 1335 1666 1406 ἑρμηνευ-

56 1414 236 1489 τικᾶς,
267 1413 458 1483 ὁποίας
489 1413 524 1489 ἦ
553 1441 612 1475 τε
641 1416 776 1491 πρὸς
798 1415 1087 1490 Ἑβραίους
1119 1419 1209 1474 καὶ
1249 1414 1408 1474 ἄλλαι
1439 1423 1665 1485 πλείους
1688 1441 1728 1474 15

56 1506 152 1558 τοῦ
185 1499 417 1558 Παύλου
447 1503 799 1575 περιέχουσιν
831 1503 1141 1573 ἐπιστολαὶ,
1182 1498 1339 1558 ταῦτ’
1375 1502 1532 1559 εἶναι.
1580 1506 1661 1560 13.

58 1584 174 1642 εἶτα
225 1584 392 1641 παλιν
446 1587 567 1658 ἑξῆς
618 1587 744 1659 περὶ
795 1591 893 1643 τοῦ
937 1588 1098 1651 νέους
1138 1584 1342 1652 αὐτοὺς
1382 1596 1667 1643 ποιεῖσθαι

57 1668 304 1742 ψαλμοὺς
356 1667 531 1735 οὕτως
585 1670 784 1743 γράφει
815 1667 985 1726 “ω’στ’
1030 1694 1097 1726 ου
1149 1673 1432 1742 θεωρουσι
1470 1668 1663 1743 μόνον,

35 1749 225 1810 “dude
255 1755 344 1810 καὶ
378 1756 634 1810 ποιοῦσιν
663 1771 879 1829 ασματα
911 1756 1001 1810 καὶ
1032 1752 1240 1827 ὕμνους
1275 1759 1351 1820 εἰς
1392 1751 1488 1811 τὸν
1527 1752 1666 1810 θεὸν

53 1831 182 1894 “διι“ε
221 1843 501 1895 παντοίων
540 1840 756 1912 μέτρων
795 1839 886 1894 καὶ
926 1843 1139 1910 μελων,
1182 1842 1421 1912 ῥυθμοις
1461 1855 1663 1910 σεμνο-
1685 1863 1726 1895 20

50 1917 261 1999 “τε’ροις
291 1919 605 1995 ἀναγκαίως
635 1941 1018 1995 χαρασσοντες.
1030 1919 1058 1939 ”
1126 1926 1203 1979 14.
1239 1919 1414 1978 πολλα
1437 1946 1540 1995 μεν
1563 1923 1666 1979 οὐν

59 2007 150 2062 καὶ
179 2004 336 2079 ἄλλα,
369 2009 494 2079 περὶ
519 2031 598 2064 ων
620 2003 648 2064 ὁ
674 2005 853 2080 λόγος,
889 2010 947 2064 ἐν
972 2003 1152 2084 ταύτῷ
1179 2007 1454 2078 διέξεισιν,
1483 2009 1666 2063 ἐκεῖνα

62 2088 115 2146 δ’
161 2086 464 2163 αναγκαῖον
509 2090 684 2164 ἐφανη
729 2097 849 2149 δεῖν
902 2090 1304 2163 ἀναλέξασθαι,
1359 2087 1435 2148 δι’
1481 2115 1560 2147 ων
1600 2114 1666 2147 τα

59 2195 515 2250 χαρακτηριστικα
544 2178 639 2248 τῆς
672 2179 1119 2248 ἐκκλησιαστικῆς
1149 2173 1369 2247 ἀγωγῆς
1398 2171 1668 2232 ὑποτίθε-

58 2281 158 2316 ται.
209 2263 288 2316 15.
324 2265 375 2317 εἰ
405 2261 472 2317 δέ
495 2283 571 2337 τῳ
601 2258 675 2333 μὴ
701 2266 855 2318 δοκεῖ
875 2258 939 2317 τοὶ
965 2263 1226 2334 εἰρημένα
1259 2265 1373 2317 ἴδια
1405 2261 1547 2318 εἶναι
1571 2262 1664 2331 τῆς
1687 2283 1728 2315 25

60 2341 195 2399 κατὰ
218 2342 276 2399 τὸ
302 2342 624 2416 εὐαγγέλιον
647 2350 942 2418 πολιτείας,
975 2343 1257 2402 δύνασθαι
1283 2345 1342 2401 δε
1367 2347 1458 2401 καὶ
1481 2341 1665 2410 ἄλλοις

60 2449 209 2527 παρα
246 2425 376 2494 τοὺς
417 2430 837 2502 δεδηλωμένους
876 2425 1194 2503 αρμόττειν,
1239 2430 1528 2487 πειθέσθω
1561 2422 1665 2485 κᾶν

47 2507 164 2569 ἀπὸ
207 2514 319 2568 τῶν
366 2513 486 2583 ἑξῆς
525 2510 696 2570 αὐτοῦ
726 2538 962 2587 φωνων,
1008 2518 1068 2572 ἐν
1099 2511 1185 2580 αἷς
1224 2510 1664 2587 αναμφήριστον,

56 2600 110 2653 εἰ
139 2594 536 2670 εὐγνωμονοίη,
568 2602 848 2670 κομίσεται
870 2597 972 2671 τὴν
995 2601 1121 2700 περὶ
1143 2601 1307 2656 τοῦδε
1336 2600 1660 2672 μαρτυριᾞαν

60 2702 258 2752 γραφει
288 2679 393 2754 γὰρ
425 2671 567 2738 ωδε
573 2676 917 2755 ἐγκράτειαν
948 2681 999 2740 δ’
1036 2681 1220 2757 ω’σπερ
1250 2707 1373 2740 τινα
1403 2683 1664 2755 θεμέλιον
1686 2702 1727 2735 30

173 2873 224 2912 18
255 2873 497 2934 Philoyol.
523 2876 560 2915 2.
586 2889 628 2927 p.
650 2876 747 2917 476.
