1986 3152
268 128 375 180 314
957 125 1207 166 EUSEBII

268 241 375 315 πρὸ
406 246 503 299 τοῦ
534 240 794 314 βήματος,
823 237 897 313 μὴ
924 243 1125 308 ἐξεῖναι
1147 239 1249 312 μὲν
1275 242 1468 317 ἐκείνῳ
1491 243 1585 312 τῆς
1601 236 1880 316 Ῥωμαίων

270 329 517 399 μετέχειν
568 322 722 393 άξίας
773 321 908 381 κατὰ
960 322 1089 390 τοὺς
1140 320 1406 390 παλαιούς
1461 322 1694 398 νόμους,
1750 336 1880 402 Χρι-

271 413 478 487 στιανςὸ
506 434 570 482 γε
600 407 719 466 ὄντι
750 411 842 466 καὶ
873 422 988 474 τοῖς
1018 411 1310 480 βασιλεῦσι
1341 408 1414 480 μὴ
1445 407 1672 482 θύοντι,
1717 434 1880 485 κατη-

270 493 446 566 γόρει·
499 490 647 570 αὐτῷ
690 493 752 550 δε
795 491 1114 565 ἐπιβάλλειν
1155 491 1252 551 τὸν
1292 496 1512 566 κλῆρον.
1595 498 1642 550 3.
1693 493 1780 568 ἐφ’
1837 521 1879 571 ῳ

223 607 246 639 5
270 579 570 652 κινηθέντα
608 575 707 636 τὸν
746 574 1011 650 δικαστὴν
1053 573 1287 651 (Ἀχαιὸς
1327 577 1487 643 οὗτος
1525 569 1619 650 ἦν)
1661 581 1882 652 πρῶτον

269 686 372 735 μεν
414 664 642 736 ἐρέσθαι
683 668 844 729 ποίας
884 660 912 718 ὁ
955 669 1211 735 Μαρϊνος
1265 669 1348 733 εἰη
1402 659 1639 734 γνώμης.
1703 661 1774 729 ὡς
1825 660 1879 720 δ’

268 747 644 820 ὁμολογοῦντα
661 745 997 820 Χριστιανὸν
1022 744 1292 818 ἐπιμόνως
1323 743 1486 820 ἐώρα,
1519 751 1690 819 τριῶν
1722 745 1883 821 ὡρῶν

271 834 561 888 ἐπιδοῦναι
601 827 749 907 αὐτῷ
803 838 881 897 εἰς
936 834 1229 899 ἐπίσκεψιν
1279 827 1567 903 διάστημα.
1637 835 1685 888 4.
1732 830 1883 900 ἐκτὸς

273 918 410 987 δῆτα
449 912 752 988 γενόμενον
794 912 963 973 αὐτὸν
1002 920 1099 971 τοῦ
1131 919 1490 987 δικαστηρίου
1523 913 1821 983 Θεότεκνος
1851 916 1880 973 ὁ

207 1028 248 1060 10
269 1005 401 1074 τῇδε
435 1002 729 1066 ἐπίσκοπος
761 996 987 1073 άφέλκει
1018 995 1351 1073 προσελθών
1383 996 1457 1055 δι’
1502 994 1747 1073 ὁμιλίας,
1789 1003 1882 1058 καὶ

269 1089 366 1156 τῆς
397 1083 574 1157 χειρὸς
606 1083 795 1155 λαβὼν
839 1086 928 1140 ἐπὶ
967 1083 1069 1154 τὴν
1112 1086 1409 1155 ἐκκλησίαν
1449 1082 1709 1157 προάγει,
1751 1095 1881 1142 εἴσω

269 1190 328 1224 τε
359 1166 493 1240 πρὸς
527 1163 679 1243 αὐτῷ
711 1165 916 1239 στήσας
947 1170 1025 1242 τῷ
1055 1163 1366 1239 ἁγιάσματι,
1398 1165 1596 1239 μικρόν
1626 1192 1677 1223 τι
1708 1191 1882 1243 παρα-

269 1258 560 1318 ναστείλας
592 1250 765 1308 αὐτοῦ
797 1257 891 1323 τῆς
922 1250 1199 1324 χλαμύδος
1231 1251 1323 1307 καὶ
1345 1248 1406 1307 τὸ
1429 1254 1884 1325 προσηρτημένον

270 1334 422 1412 αὐτῷ
452 1339 606 1409 ξίφος
639 1338 940 1407 ἐπιδείξας,
972 1333 1085 1408 ἅμα
1113 1358 1172 1392 τε
1203 1333 1672 1408 ἀντιπαρατίθησι
1708 1357 1885 1411 προσ-

204 1448 246 1480 15
271 1419 498 1492 αγαγών
539 1420 693 1497 αὐτῷ
730 1419 831 1493 τὴν
871 1422 983 1477 τῶν
1030 1426 1208 1477 θείων
1252 1417 1596 1492 εὐαγγελίων
1641 1420 1883 1496 γραφὴν,

269 1502 531 1571 κελεύσας
561 1510 674 1562 τῶν
714 1510 874 1562 δυεῖν
907 1506 1134 1562 ἑλέσθαι
1164 1501 1224 1562 τὸ
1255 1503 1392 1560 κατὰ
1422 1504 1666 1577 γνώμην.
1731 1502 1802 1572 ὦς
1836 1503 1881 1562 δ’

269 1585 529 1661 ἀμελλητὶ
569 1588 672 1661 τὴν
715 1587 902 1656 δεξιάν
952 1594 1244 1661 προτείνας
1297 1590 1515 1656 ἐδέξατο
1567 1587 1670 1662 τὴν
1716 1596 1885 1648 θείαν

268 1672 521 1747 γραφὴν,
565 1672 735 1747 “ἐ’χου
772 1678 993 1746 τοίνυν,
1048 1679 1177 1747 ἔχου
1191 1670 1237 1746 ,”
1291 1675 1429 1746 φησὶ
1468 1671 1603 1748 πρὸς
1643 1670 1813 1732 αὐτὸν
1853 1671 1881 1731 ὁ

271 1756 598 1831 Θεότεκνος,
636 1754 775 1815 “τοῦ
815 1763 986 1830 θεοῦ,
1042 1759 1134 1814 καὶ
1175 1756 1358 1831 τύχοις
1402 1750 1483 1815 ὦν
1524 1763 1704 1831 εἵλου,
1748 1756 1884 1833 πρὸς

204 1868 248 1901 20
273 1840 446 1898 αὐτοῦ
504 1841 952 1916 δυναμούμενος,
1027 1844 1118 1899 καὶ
1177 1841 1366 1914 βάδιζε
1425 1841 1540 1915 μετ’
1609 1839 1881 1917 εἰρήνης.”

268 1930 316 1982 5.
365 1924 542 1995 εὐθὺς
595 1929 815 1984 ἐκεῖθεν
869 1925 1249 1984 ἐπανελθόντα
1302 1924 1472 1984 αὐτὸν
1521 1929 1693 2001 κῆρυξ
1750 1925 1884 1999 ἐβόα

269 2013 454 2066 καλῶν
499 2005 605 2085 πρὸ
646 2016 745 2068 τοῦ
788 2017 1171 2084 δικαστηρίου·
1226 2013 1318 2068 καὶ
1367 2009 1472 2084 γάρ
1523 2009 1633 2084 ἤδη
1682 2008 1748 2068 τοὶ
1787 2014 1882 2083 τῆς

269 2101 614 2167 προθεσμίας
644 2100 741 2152 τοῦ
771 2095 976 2169 χρόνου
999 2094 1341 2170 πεπλήρωτο.
1392 2097 1484 2152 καὶ
1509 2093 1576 2167 δὴ
1602 2095 1883 2166 παραστὰς

268 2180 347 2253 τῷ
386 2183 748 2255 δικαστηρίῳ,
800 2181 890 2236 καὶ
933 2186 1153 2251 μείζονα
1196 2185 1291 2251 τῆς
1336 2184 1572 2244 πίστεως
1610 2179 1711 2250 τὴν
1752 2201 1883 2253 προ-

204 2291 248 2323 25
270 2269 487 2335 θυμίαν
528 2265 832 2335 ἐπιδείξας,
878 2259 1081 2335 εὐθὺς,
1126 2261 1199 2329 ὥς
1242 2262 1416 2336 εἶχεν,
1468 2260 1742 2336 άπαχθεὶς
1782 2261 1885 2337 τὴν

271 2347 359 2402 ἐπὶ
391 2344 619 2423 θανάτῳ
650 2352 969 2404 τελειοῦται.

396 2442 517 2490 XVI.
574 2440 699 2506 [Nic·
727 2443 785 2491 H.
817 2443 868 2492 E.
897 2443 970 2503 vl,
1005 2440 1109 2508 14]
1156 2431 1337 2489 ’Ένθα
1369 2433 1460 2488 καὶ
1487 2429 1765 2504 Ἀστύριος
1795 2433 1881 2488 ἐπὶ

270 2516 339 2588 τῇ
367 2522 628 2588 θεοφιλεῖ
655 2522 935 2591 παρρησίᾳ
980 2514 1414 2589 μνημονεύεται,
1459 2514 1603 2590 ἀνὴρ
1642 2519 1754 2573 τῶν
1795 2518 1883 2572 ἐπὶ

259 2596 463 2671 Ῥώμης
503 2606 885 2671 συγκλητικῶν
924 2598 1247 2673 γενόμενος,
1291 2603 1587 2672 βασιλεῦσί
1620 2622 1678 2657 τε
1709 2618 1884 2673 προσ-

204 2711 248 2744 30
270 2681 464 2756 φιλὴς,
519 2685 610 2740 καὶ
662 2687 797 2741 πᾶσι
850 2683 1126 2759 γνώριμος
1168 2683 1448 2757 εὐγενείας
1489 2707 1546 2741 τε
1586 2686 1746 2742 ἕνεκα
1787 2686 1881 2740 καὶ

269 2774 619 2839 περιουσίας·
695 2766 754 2833 ὃς
814 2767 1008 2840 παρεὸν
1065 2769 1327 2842 τηνικάδε
1385 2770 1748 2845 τελειουμένςο
1806 2771 1882 2845 τῷ

269 2850 535 2927 μάρτυρι,
567 2850 663 2909 τὸν
695 2847 845 2926 ὦμον
875 2849 1137 2926 ὑποθεὶς,
1183 2856 1271 2910 ἐπὶ
1303 2857 1556 2928 λαμπρᾶς
1587 2854 1677 2909 καὶ
1709 2860 1882 2909 πολυ-
