1986 3152
548 128 705 168 HIST.
734 127 984 170 EOCLES.
1016 130 1092 170 IV.
1124 131 1163 169 6.
1198 132 1235 170 7.
1607 129 1704 180 141

100 242 270 319 μαῖκὴ
315 242 471 310 πόλις
511 241 613 315 τὴν
655 246 978 316 ἐπωνυμίαν
1017 243 1299 317 ἀμείψασα
1342 251 1418 312 εἰς
1470 244 1571 318 τὴν
1610 249 1707 302 τοῦ

103 331 436 401 κρατοῦντος
467 333 670 385 Αἰλίου
696 327 989 401 Ἀδριανοῦ
1029 328 1192 401 τιμὴν
1223 336 1390 387 Αἰλία
1431 349 1704 404 προσαγο-

100 411 336 483 ρεῦεται.
419 413 511 468 καὶ
566 411 634 484 δὴ
687 415 782 483 τῆς
835 409 1037 469 αὐτόθι
1091 416 1382 485 ἐκκλησίας
1424 418 1477 482 ἐξ
1520 417 1707 472 ἐθνῶν

102 502 576 568 συγκροτηθείσης
644 499 857 567 πρῶτος
929 494 1062 567 μετα
1123 495 1250 562 τούς
1304 502 1363 554 ἐκ
1414 501 1707 571 περιτομῆς

103 579 440 645 ἐπισκόπους
479 578 581 651 τὴν
623 583 734 636 τῶν
766 583 942 636 ἐκεῖσε
973 587 1322 653 λειτουργίαν
1354 586 1703 656 ἐγχειρίζεται

103 664 352 734 Μάρκος.

229 759 325 807 vn.
383 757 510 823 [Nic.
539 758 597 806 Η.
626 758 679 806 Ε.
707 759 786 815 lv,
813 755 1018 821 2-4,]
1057 742 1201 819 Ἤδη
1228 748 1290 803 δὲ
1313 747 1711 820 λαμπροτάτων

102 837 268 903 δίκην
310 829 623 903 φωστήρων
662 833 780 887 τῶν
809 827 915 888 ἀνά
955 830 1058 902 τὴν
1090 833 1421 903 οἰκουμένην
1451 830 1713 889 ἀποστιλ-

104 919 327 988 βουσῶν
358 918 690 986 ἐκκλησιῶν,
734 911 1079 987 ἀκμαζούσης
1110 938 1170 970 τε
1203 921 1280 980 εἰς
1311 914 1459 972 ἅπαν
1500 914 1556 972 τὸ
1599 922 1711 973 τῶν

103 997 424 1072 ἀνθρώπων
474 1002 632 1070 γένος
685 1004 781 1070 τῆς
827 1004 904 1063 εἰς
956 998 1052 1055 τὸν
1100 1003 1319 1070 σωτῆρα
1371 1002 1463 1055 καὶ
1514 998 1712 1071 κύριον

102 1079 261 1155 ἡμῶν
284 1080 501 1154 Ἰησοῦν
531 1082 771 1154 Χριστὸν
802 1089 1036 1147 πίστεως
1057 1127 1070 1153 ,
1111 1078 1139 1138 ὁ
1171 1081 1463 1155 μισόκαλος
1497 1088 1712 1155 δαίμων

103 1164 195 1224 οἶα
246 1172 342 1238 τῆς
383 1165 651 1237 ἀληθείας
704 1164 905 1239 ἐχθρὸς
947 1168 1039 1223 καὶ
1081 1169 1176 1237 τῆς
1227 1169 1340 1223 τῶν
1392 1165 1712 1238 ἀνθρώπων

105 1255 378 1322 σωτηρίας
419 1249 505 1306 ἀεὶ
535 1248 827 1322 τυγχάνων
868 1249 1301 1322 πολεμιώτατος,
1344 1249 1522 1316 πάσας
1554 1252 1712 1321 στρέ-

106 1351 233 1406 φων
272 1333 408 1389 κατὰ
449 1338 544 1404 τῆς
587 1333 877 1404 ἐκκλησίας
919 1333 1195 1406 μηχανὰς,
1236 1332 1405 1389 πάλαι
1445 1334 1547 1406 μὲν
1599 1347 1711 1400 τοῖς

106 1421 317 1485 ἔξωθεν
361 1422 622 1490 διωγμοῖς
662 1414 786 1473 κατ’
833 1413 1003 1489 αὐτῆς
1043 1414 1328 1485 ῶπλίζετο·
1399 1421 1447 1473 2.
1492 1415 1612 1473 τότε
1645 1441 1708 1488 γε

103 1500 215 1574 μὴν
253 1499 466 1557 τούτων
505 1499 1026 1573 ἀποκεκλεισμένος,
1080 1514 1341 1573 πονηροῖς
1384 1502 1477 1557 καὶ
1516 1498 1712 1572 γόησιν

47 1597 51 1600 ’
104 1582 380 1657 ἀνδράσιν
410 1583 594 1657 ῶσπερ
618 1586 763 1641 τισὶν
793 1582 1071 1657 ὀλεθρίοις
1095 1587 1291 1656 ψυχῶν
1313 1582 1568 1656 ὀργάνοις
1595 1589 1723 1641 δια-,

46 1736 51 1740 ,
107 1667 289 1734 κόνοις
319 1692 378 1724 τε
407 1666 682 1734 ἀπωλείας
713 1666 1013 1741 χρεόμενος,
1047 1670 1255 1742 ἑτέραις
1285 1666 1713 1740 κατεστρατήγει

106 1750 397 1824 μεθόδοις,
440 1750 618 1808 πάντα
659 1751 833 1824 μόρον
877 1754 1144 1823 ἐπινοῶν,
1191 1750 1263 1818 ῶς
1294 1747 1364 1807 ἂν
1403 1750 1713 1816 ὑποδύντες

108 1834 300 1907 γόητες
340 1836 430 1891 καὶ
473 1833 741 1907 ἀπατηλοὶ
780 1833 882 1906 τὴν
923 1833 1099 1906 αὐτὴν
1138 1839 1233 1892 τοΐ
1279 1833 1545 1907 δόγματος
1583 1833 1715 1906 ἡμῖν

111 1925 490 1991 προσηγορίαν
519 1915 660 1990 ὁμοῦ
690 1919 794 1991 μὲν
823 1923 935 1975 τῶν
966 1924 1176 1975 πιστῶν
1205 1916 1334 1984 τούς
1365 1917 1499 1989 πρὸς
1531 1916 1716 1975 αὐτῶν

115 2001 510 2075 ἁλισκομένους
544 2008 620 2068 εἰς
665 2000 850 2073 βυθὸν
889 2000 1165 2069 ἀπωλείας
1204 2000 1443 2074 ἅγοιειν,
1484 2000 1621 2074 ὁμοῦ
1654 2002 1717 2058 δὲ

109 2085 240 2152 τούς
270 2089 366 2158 τῆς
396 2092 629 2151 πίστεως
654 2085 904 2158 ἀγνῶτας
938 2083 1012 2143 δι’
1049 2078 1129 2143 ῶν
1154 2085 1309 2143 αὐτοὶ
1335 2089 1573 2157 δρῶντες
1600 2087 1717 2141 ε’πι-

113 2184 353 2244 χειροῖεν
394 2167 790 2242 ἀποτρέποιντο
830 2174 927 2242 τῆς
970 2173 1057 2227 ἐπὶ
1097 2168 1195 2227 τὸν
1236 2168 1510 2241 σωτήριον
1550 2167 1716 2240 λόγον

111 2252 376 2326 παρόδου.
438 2258 486 2311 3.
519 2251 626 2310 ἀπὸ
656 2258 794 2326 γοῦν
823 2258 921 2310 τοῦ
952 2253 1326 2325 Μενάνδρου,
1358 2249 1423 2310 ὃν
1455 2252 1716 2325 διάδοχον

109 2340 208 2394 τοῦ
236 2343 494 2410 Σίμωνος
533 2335 643 2409 ἤδη
685 2336 955 2410 πρότερον
995 2338 1500 2410 παραδεδώκαμεν,
1545 2333 1718 2408 ἀμφί-

111 2439 307 2493 στομος
340 2418 527 2495 ῶσπερ
558 2423 650 2484 καὶ
676 2423 969 2494 δικέφαλος
988 2420 1235 2494 ὀφιῶδης
1257 2445 1338 2486 τις
1362 2421 1717 2493 προελθοῦσα

116 2503 350 2577 δύναμις
377 2509 535 2561 δυεῖν
560 2507 828 2578 αἱρέσεων
853 2504 1140 2579 διαφόρων
1163 2502 1436 2578 ἀρχηγούς
1460 2501 1714 2573 κατεστή-

34 2657 37 2659 ‚
104 2606 275 2659 vave,
309 2587 660 2660 Σατορνῖνόν
681 2611 740 2644 τε
763 2586 1042 2662 Ἀντιοχέα
1072 2587 1131 2645 τὸ
1162 2591 1321 2661 γένος
1345 2589 1437 2644 καὶ
1467 2591 1716 2644 Βασιλεί-

27 2678 30 2679 ’
117 2675 221 2742 δην
246 2668 633 2744 Ἀλεξανδρέα,
669 2664 749 2729 ῶν
779 2671 807 2728 ὃ
839 2673 942 2744 μὲν
971 2671 1108 2729 κατά
1140 2678 1392 2744 Συρίαν,
1438 2670 1467 2727 ὁ
1502 2671 1562 2726 δὲ
1592 2667 1708 2726 κατ’

117 2762 407 2826 Αἴγυπτον
459 2754 867 2828 συνεστήσαντο
918 2759 1200 2829 θεομισῶν
1240 2757 1509 2828 αἱρέσεων
1563 2758 1716 2809 διδα-

122 2846 364 2895 σκαλεῖα.
392 2867 395 2869 >
435 2842 483 2895 4.
517 2836 582 2894 τὰ
611 2840 712 2911 μὲν
742 2831 846 2895 οῦν
876 2847 1106 2897 πλεῖστα
1142 2838 1239 2895 τὸν
1269 2847 1616 2910 Σατορνῖνον
1653 2833 1720 2891 τὰ

1735 1025 1773 1055 10

1735 1441 1774 1473 15

1737 1855 1779 1888 20

1734 2274 1779 2304 <25

1740 2691 1781 2722 30
