1986 3152
247 145 352 196 404
877 140 1124 182 EUSEBII

250 267 296 316 9.
343 259 566 330 νύκτωρ
608 256 661 313 δ’
698 250 807 313 οὖν
839 258 1106 329 ἐπιμελῶς
1147 257 1241 312 καὶ
1270 254 1401 329 μεθ’
1434 255 1647 330 ἡμέραν
1677 254 1852 313 ὑπαί·

247 354 425 418 θρους
456 343 668 415 θηρσὶν
706 346 785 408 εἰς
824 340 1001 413 βορὰν
1041 339 1170 407 τούς
1199 339 1436 414 νεκρούς
1475 340 1858 414 φυλάττεσθαι

1929 0 1973 99 ’ζ’-*ξ

250 427 590 500 προστάττει.
661 427 755 482 καὶ
794 430 980 497 παρῆν
1020 420 1162 499 ὁρᾶν
1206 426 1296 482 ε’πὶ
1335 431 1588 482 πλείοσιν
1627 420 1856 499 ἡμέραις
1941 453 1946 461 ’

249 511 352 569 οὐκ
383 510 574 583 ὀλίγον
604 509 834 584 ἀνδρῶν
865 508 1111 583 άριθμὸν
1149 516 1219 583 τῇ
1259 510 1527 584 θηριώδει
1560 509 1732 584 ταύτῃ
1763 511 1857 567 καὶ

208 622 227 654 5
252 596 516 672 βαρβάρῳ
568 601 750 669 βουλῇ
803 595 1275 667 διακονουμένων.
1358 592 1485 651 ἀλλ’
1541 601 1601 650 οἰ
1645 595 1749 668 μὲν
1803 597 1857 663 ἐξ

250 681 535 752 ἀπόπτου,
591 675 716 737 οἷόν
745 702 795 736 τι
835 683 1090 751 σπουδῆς
1132 677 1315 751 ἄξιον,
1373 677 1446 746 ῶς
1476 677 1551 752 μὴ
1585 683 1643 736 οἱ
1667 681 1858 754 νεκροὶ

250 774 542 837 κλαπεῖεν,
586 763 966 836 ἐπεσκόπουν,
1009 769 1183 838 θῆρες
1226 764 1289 820 δὲ
1320 763 1500 839 ἄγριοι
1539 765 1634 819 καὶ
1666 764 1856 837 κύνες,

251 855 476 908 οἰωνῶν
516 873 575 906 τε
614 850 681 906 τα
723 848 1040 923 σαρκοβόρα
1080 847 1147 905 τα
1178 848 1400 923 βρότεια
1440 850 1578 922 μέλη
1611 843 1721 907 ῶδε
1750 848 1854 906 κά-

250 949 401 992 κεῑσε
433 934 795 1007 ἐσπάραττον.
840 938 920 990 10.
963 934 1056 989 καὶ
1086 932 1119 1005 ἡ
1151 933 1305 990 πᾶσά
1334 957 1398 1005 γε
1426 932 1539 1006 μὴν
1572 935 1632 990 ἐν
1662 933 1855 1011 κύκλῳ

186 1047 227 1079 10
250 1020 408 1086 πόλις
451 1019 787 1092 σπλάγχνων
826 1019 919 1074 καὶ
949 1016 1158 1075 ὀστέων
1200 1016 1575 1092 ἀνθρωπείων
1608 1019 1857 1092 διεστόρ-

247 1128 412 1175 νυτο,
458 1099 531 1170 ῶς
570 1104 718 1176 μηδέ
751 1126 802 1159 τι
843 1102 1066 1159 πῶποτε
1111 1103 1424 1176 δεινότερον
1464 1101 1595 1176 μηδ’
1643 1101 1858 1175 αὐτοῖς,

251 1190 371 1247 ὅσοι
401 1188 674 1261 πρότερόν
704 1186 966 1260 ἀπεχθῶς
1009 1186 1159 1260 εἶχον
1199 1186 1341 1260 πρὸς
1385 1186 1557 1260 ἡμᾶς,
1611 1194 1860 1260 φανῆναι

250 1274 726 1348 φρικωδέστερον,
780 1270 884 1344 οὐχ
930 1270 1078 1328 οὕτω
1129 1271 1233 1344 τὴν
1286 1270 1586 1346 συμφορὰν
1640 1278 1719 1338 εἰς
1760 1271 1861 1339 οὓς

253 1358 544 1433 ἐπράττετο
584 1359 785 1428 ταῦτα,
841 1355 913 1422 ῶς
958 1357 1048 1412 ἐπὶ
1086 1361 1158 1430 τῇ
1201 1361 1366 1429 σφῶν
1407 1355 1598 1413 αὐτῶν
1641 1358 1735 1414 καὶ
1764 1363 1862 1430 τῆς

188 1468 229 1501 15
251 1447 439 1515 κοινῆς
492 1437 757 1499 ἁπάντων
817 1441 979 1514 ὕβρει
1037 1441 1261 1514 φύσεως
1322 1439 1859 1516 ἀπολοφυρομένων.

256 1532 337 1585 11.
381 1527 676 1601 προύκειτο
717 1526 826 1600 γάρ
867 1523 1097 1598 ἄγχιστα
1139 1530 1364 1598 πυλῶν,
1417 1531 1602 1598 θέαμα
1652 1526 1862 1593 παντὸς

255 1613 422 1685 λόγου
455 1612 547 1668 καὶ
577 1617 839 1685 τραγικῆς
871 1609 1042 1683 άκοῆς
1073 1619 1287 1684 μεῖζον,
1321 1609 1426 1668 οὐκ
1459 1609 1550 1684 ἐφ’
1587 1612 1670 1668 ἑνὶ
1699 1611 1861 1688 χῶρῳ

253 1699 702 1769 κατεσθιομένων
725 1702 838 1753 τῶν
862 1694 1237 1769 ἀνθρωπείων
1260 1701 1517 1770 σαρκῶν,
1550 1694 1693 1752 ἄλλα
1723 1695 1862 1753 κατα

253 1783 436 1839 πάντα
465 1782 640 1838 τόπον
671 1782 1202 1855 διαρριπτουμένων.
1255 1783 1394 1854 μέλη
1424 1785 1568 1852 γοῦν
1597 1782 1691 1837 καὶ
1723 1781 1856 1854 σάρ-

190 1892 232 1923 20
256 1891 355 1934 κας
387 1863 547 1939 ὅλας,
593 1868 732 1941 μέρη
763 1868 828 1923 τέ
852 1890 975 1923 τινα
1007 1866 1347 1939 σπλάγχνων
1377 1867 1471 1922 καὶ
1503 1868 1700 1922 πυλῶν
1731 1875 1864 1923 εἴσω

252 1952 395 2018 τινὲς
426 1957 674 2008 κατιδεῖν
705 1951 1006 2026 εἰρήκασιν.
1055 1955 1135 2008 12.
1171 1949 1261 2022 ἐφ’
1296 1948 1380 2017 οἷς
1411 1956 1693 2017 πλείσταις
1722 1949 1862 2024 ἡμέ·-

255 2060 377 2109 ραις
403 2038 843 2109 ἐπιτελουμένοις
867 2036 1123 2093 τοιοῦτόν
1138 2059 1189 2092 τι
1204 2036 1526 2109 παράδοξον
1550 2042 1861 2108 συμβαίνει.

255 2125 452 2193 αἰθρία
493 2115 567 2192 ῆν
607 2122 700 2176 καὶ
741 2119 996 2193 λαμπρὸς
1048 2119 1156 2194 άῆρ
1217 2122 1311 2176 καὶ
1361 2122 1463 2177 τοῦ
1515 2121 1864 2192 περιέχοντος

254 2203 581 2270 κατάστασις
613 2203 1004 2276 εὐδιεινοτάτη.
1056 2204 1174 2260 εἶτα
1206 2203 1430 2279 ἀθρόως
1469 2209 1583 2261 τῶν
1614 2201 1722 2261 ἄνα
1763 2203 1864 2276 τὴν

192 2313 234 2346 25
256 2289 423 2346 πόλιν
475 2288 708 2360 κιόνων,
761 2295 822 2346 οἳ
866 2288 962 2354 τὰς
1015 2294 1285 2361 δημοσίας
1324 2288 1628 2363 ὑπήρειδον
1679 2288 1863 2360 στοας,

256 2373 523 2446 δακρύων
545 2373 667 2429 τινα
690 2373 901 2447 τρόπον
925 2378 981 2431 οἱ
995 2379 1221 2440 πλείους
1246 2372 1599 2447 σταλαγμούς
1623 2372 1863 2431 ἀπέστα-

255 2466 365 2530 ζον,
397 2456 601 2532 ἀγοραί
619 2481 677 2515 τε
699 2459 793 2514 καὶ
816 2466 1097 2530 πλατεῖαι,
1129 2463 1396 2532 μηδεμιᾶς
1421 2459 1663 2526 ψεκάδος
1689 2461 1742 2526 ἐξ
1767 2457 1865 2514 άέ*

258 2566 354 2617 ρος
385 2545 789 2616 γεγενημένης,
832 2541 938 2600 ούκ
979 2542 1088 2600 οἷδ’
1123 2538 1338 2601 ὁπόθεν
1379 2542 1540 2600 ὕδατι
1574 2547 1867 2617 ῥανθεῖσαι
1939 2539 1941 2541 ’

255 2634 729 2701 καθυγραίνοντο,
757 2627 829 2695 ῶς
853 2627 1051 2685 αὐτίκα
1069 2633 1520 2703 διαθρυληθῆναι
1545 2634 1623 2695 εἰς
1655 2628 1866 2694 πάντας

194 2736 236 2770 30
259 2717 533 2786 δακρῦσαι
557 2713 661 2786 τὴν
689 2718 796 2786 γῆν
822 2712 1043 2790 ἀρρήτῳ
1070 2714 1218 2790 λόγῳ
1234 2758 1249 2786 ,
1275 2713 1378 2786 τὴν
1403 2719 1518 2770 τῶν
1539 2713 1663 2770 τότε
1687 2734 1864 2787 πραχ-

258 2799 477 2854 θέντων
509 2793 909 2871 άνοσιουργίαν
941 2798 1016 2871 μὴ
1053 2800 1340 2872 φέρουσαν
1362 2843 1377 2870 ,
1420 2804 1500 2864 είς
1537 2796 1765 2870 ἔλεγχόν
1809 2820 1866 2854 τε

260 2882 483 2954 φύσεως
507 2880 775 2955 ἀτέγκτου
799 2884 896 2939 καὶ
921 2881 1296 2957 ἀσυμπαθοῦς
1320 2883 1643 2956 ἀνθρώπων
1664 2889 1865 2947 λίθους
