1986 3152
272 110 376 163 352
958 108 1205 150 EUSEBH

273 225 744 297 ἐπιφοιτησάντων
774 224 1114 300 γραμμάτων
1158 225 1552 297 προσετάττετο
1591 224 1725 291 τούς
1769 227 1884 282 τῶν

275 312 579 379 ἐκκλησιῶν
609 310 920 383 προέδρους
950 308 1162 374 πάντας
1184 306 1318 374 τούς
1349 308 1486 365 κατὰ
1509 308 1688 367 πάντα
1710 307 1883 367 τόπον

273 398 462 464 πρῶτα
484 392 588 464 μὲν
612 397 837 466 δεσμοῖς
868 397 1304 466 παραδίδοσθαι,
1329 390 1447 450 εἷθ’
1466 393 1705 467 ὕστερον
1729 393 1879 466 πάσῃ

271 481 491 550 μηχανῇ
520 475 685 533 θύειν
717 477 1198 549 ἐξαναγκάζεσθαι.

230 582 252 613 ⁵
415 571 495 620 111.
575 569 704 636 [Nic.
745 573 803 620 H.
846 572 899 621 E.
940 572 1037 629 v11,
1076 568 1155 638 4.]
1254 560 1386 617 Τότε
1439 560 1507 632 δὴ
1561 554 1668 616 οὖν
1691 604 1707 631 ,
1759 560 1882 618 τότε

272 652 516 700 πλεῖστοι
545 645 649 716 μὲν
680 645 801 702 ὅσοι
840 650 954 702 τῶν
986 648 1292 716 ἐκκλησιῶν
1334 644 1628 718 ἄρχοντες,
1673 649 1883 711 δειναῖς

278 734 482 794 αἰκίαις
512 729 820 802 προθύμως
861 729 1303 802 ἐναθλήσαντες,
1344 728 1603 801 μεγάλων
1644 727 1883 800 ἀγώνων

276 817 520 885 ἱστορίας
573 815 954 886 ἐπεδείξαντο,
1000 820 1191 888 μυρίοι
1242 812 1297 869 δ’
1341 812 1502 870 άλλοι
1551 812 1654 886 τὴν
1695 811 1885 885 ψυχὴν
1954 833 1965 840 ·

273 895 388 953 ὑπὸ
433 901 639 963 δειλίας
682 898 1169 971 προναρκήσαντες
1213 903 1522 970 προχείρως
1564 920 1742 963 ουτως
1772 894 1883 955 ἀπὸ

212 999 252 1030 10
275 980 495 1054 πρώτης
557 983 939 1054 ἐξησθένησαν
991 987 1335 1056 προσβολῆς,
1397 986 1509 1038 τῶν
1561 980 1624 1038 δε
1675 985 1886 1040 λοιπῶν

276 1068 504 1131 ἕκαστος
551 1071 672 1137 εἴδη
714 1066 956 1140 διάφορα
996 1066 1261 1138 βασάνων
1303 1065 1662 1137 ἐνήλλαττεν,
1706 1064 1736 1122 6
1781 1065 1884 1138 μὲν

275 1150 526 1221 μάστιξιν
556 1149 894 1222 αἰκιζόμενος
923 1150 985 1206 τὸ
1020 1155 1208 1222 σῶμα,
1242 1148 1271 1206 ὁ
1297 1154 1361 1206 δὲ
1393 1149 1763 1222 στρεβλῶσεσι
1791 1149 1884 1206 καὶ

274 1236 493 1338 ξεσμοῑς
534 1230 980 1306 άνυπομονήτοις
1021 1231 1468 1307 τιμωρούμενος,
1522 1231 1611 1305 ἐφ’
1657 1239 1740 1299 οἱς
1778 1231 1885 1305 ἤδη

274 1340 417 1382 τινες
477 1315 583 1373 οὐκ
642 1327 826 1374 αἰσιον
895 1314 1283 1391 άπηνέγκαντο
1352 1322 1454 1374 τοῦ
1524 1323 1652 1389 βίου
1711 1318 1884 1383 τέλος.

214 1416 255 1447 15
278 1405 327 1456 52.
385 1400 541 1457 ἄλλοι
581 1400 635 1458 δ’
670 1396 746 1459 αὖ
788 1402 957 1460 πάλιν
1000 1403 1180 1469 άλλως
1211 1401 1308 1459 τὸν
1339 1398 1533 1473 άγῶνα
1563 1402 1883 1476 διεξῄεσαν·

275 1483 303 1542 ὁ
334 1509 437 1558 μεν
479 1485 586 1559 γάρ
628 1509 709 1552 τις
764 1489 969 1561 ἑτέρων
1008 1494 1107 1562 βία
1161 1485 1580 1544 συνωθούντων
1631 1487 1725 1543 καὶ
1765 1499 1886 1552 ταις

276 1570 610 1644 παμμιάροις
650 1572 745 1627 καὶ
785 1568 1047 1644 άνάγνοις
1103 1571 1503 1646 προσαγόντων
1542 1577 1769 1637 θυσίαις
1812 1569 1886 1636 ὦς

274 1654 530 1720 τεθυκῶς
571 1653 976 1728 ἀπηλλάττετο,
1021 1658 1113 1713 καὶ
1145 1662 1198 1713 εἰ
1223 1655 1299 1728 μὴ
1330 1654 1582 1722 τεθυκῶς
1611 1649 1714 1727 ἦν,
1761 1653 1790 1712 ὁ
1823 1655 1886 1711 δὲ

275 1736 407 1810 μηδ’
441 1737 581 1804 ὅλως
614 1741 1032 1814 προσπελάσας,
1063 1742 1211 1814 μηδέ
1227 1763 1374 1805 τινος
1400 1742 1637 1811 ἐναγοῦς
1663 1739 1879 1812 ἐφαψά-

211 1835 253 1867 20
276 1845 471 1895 μενος,
528 1824 832 1897 εἰρηκότων
884 1823 936 1881 δ’
994 1827 1198 1899 ἑτέρων
1250 1824 1332 1882 ὅτι
1382 1824 1642 1895 τεθύκοι,
1704 1828 1885 1898 σιωπῇ

278 1908 470 1981 φέρων
527 1907 629 1980 τὴν
682 1916 1069 1982 συκοφαντίαν
1127 1908 1323 1984 ἀπῄει,
1384 1908 1549 1975 άλλος
1606 1907 1886 1995 ἡμιθανὴς

278 1991 573 2063 αἰρόμενος
607 1991 761 2050 ῶσαν
798 1993 906 2066 ἥδη
935 1994 1134 2067 νεκρὸς
1176 1997 1479 2068 ἐρρίπτετο.
1562 1998 1610 2049 3.
1670 1998 1770 2050 καί
1804 2015 1886 2059 τις

278 2077 349 2130 αὐ
384 2073 551 2131 πάλιν
578 2075 666 2132 ἐπ’
696 2077 939 2150 ἐδάφους
971 2085 1221 2151 κείμενος
1254 2101 1476 2150 μακραν
1508 2077 1740 2150 ἐσύρετο
1763 2089 1887 2133 τοῖν

277 2162 505 2230 ποδοῖν,
550 2162 608 2215 ἐν
639 2162 943 2218 τεθυκόσιν
973 2161 1165 2227 αὐτοῖς
1196 2163 1609 2233 λελογισμένος·
1654 2159 1683 2217 ὁ
1715 2162 1783 2216 δέ
1809 2183 1885 2226 τις

214 2253 254 2286 25
281 2239 440 2312 ἐβόα,
494 2244 587 2298 καὶ
637 2244 850 2318 μεγάλῃ
893 2245 1288 2319 διεμαρτύρετο
1330 2250 1495 2318 φωνῇ
1538 2250 1634 2316 τῆς
1675 2251 1885 2311 θυσίας

277 2349 379 2397 την
410 2343 668 2398 αρνησιν
710 2329 804 2384 καὶ
834 2327 998 2396 άλλος
1030 2328 1359 2403 Χριστιανὸς
1402 2328 1543 2385 εἶναι
1585 2328 1883 2403 ἐκεκράγει,

277 2415 347 2483 τῇ
379 2413 479 2466 τοῦ
513 2418 788 2484 σωτηρίου
820 2414 1207 2487 προσρήματος
1251 2412 1520 2488 ὁμολογία
1554 2413 1884 2486 λαμπρυνό-

277 2510 469 2566 μενος·
524 2498 707 2570 ἕτερος
753 2496 813 2554 τὸ
858 2498 933 2570 μὴ
964 2500 1262 2555 τεθυκέναι
1313 2498 1448 2570 μήτε
1497 2497 1700 2556 θύσειν
1752 2498 1885 2554 ποτὲ

279 2582 588 2636 διετείνετο.
648 2584 698 2635 4.
747 2581 895 2654 ὅμως
927 2581 983 2638 δ’
1018 2577 1123 2639 οὖν
1153 2584 1245 2639 καὶ
1277 2587 1395 2639 οἵδε
1432 2587 1757 2656 πολυχειρίᾳ
1786 2587 1884 2653 τῆς

215 2675 255 2707 30
281 2663 369 2718 ἐπὶ
400 2668 564 2719 τοῦτο
587 2667 923 2738 τεταγμένης
948 2672 1336 2740 στρατιωτικῆς
1360 2666 1714 2737 παρατάξεως
1744 2664 1881 2723 κατά

280 2747 548 2819 στόματος
599 2750 887 2821 παιόμενοι
926 2753 1019 2806 καὶ
1069 2750 1578 2824 κατασιγαζόμενοι,
1632 2749 1771 2806 κατά
1825 2771 1885 2805 τε

279 2831 585 2904 προσώπου
626 2835 719 2889 καὶ
760 2841 1004 2907 παρειῶν
1043 2836 1378 2909 τυπτόμενοι
1423 2835 1557 2908 μετὰ
1588 2840 1714 2906 βίας
1747 2835 1883 2900 ἐξω-
