2032 3174
275 113 350 166 50
966 113 1213 154 EUsEssn

280 240 460 288 καθεν
489 229 700 301 πλάνης
731 234 940 303 παλαιᾷ
979 226 1128 305 νόσῳ
1164 233 1600 303 δεισιδαιμονίας
1642 229 1900 290 εἰδώλων

274 313 371 381 τὰς
402 313 581 388 ψυχὰς
612 315 1004 386 πεπεδημένοι,
1035 309 1171 385 πρὸς
1201 315 1296 386 τῆς
1327 315 1428 370 τοῦ
1450 318 1692 388 Χριστοῦ
1723 314 1891 374 δυνά-

275 422 419 472 μεως
473 395 564 454 διὰ
614 402 710 470 τῆς
749 401 863 454 τῶν
907 401 1183 470 φοιτητῶν
1229 394 1404 455 αὐτοῦ
1443 403 1803 467 διδασκαλίας
1832 424 1892 459 τε

274 479 412 556 ὁμοῦ
459 484 550 539 καὶ
591 485 1058 555 παραδοξοποιίας
1106 480 1291 557 ῶσπερ
1350 486 1553 541 δεινῶν
1606 487 1893 542 δεσποτῶν

234 593 253 624 5
278 566 709 640 ἀπηλλαγμένοι,
744 570 985 641 εἱργμῶν
1013 591 1071 624 τε
1102 564 1503 640 χαλεπωτάτων
1533 566 1696 625 λύσιν
1728 564 1894 642 εὑρά-

274 676 460 725 μενοι,
503 650 682 724 πάσης
712 652 814 725 μὲν
845 657 1169 724 δαιμονικῆς
1211 653 1519 709 κατέπτυον
1564 659 1887 726 πολυθεΐας,

275 739 375 794 ἕνα
407 737 467 793 δὲ
498 735 671 809 μόνον
704 736 846 794 εἶναι
875 734 1015 793 θεὸν
1046 734 1366 809 ὡμολόγουν
1382 734 1479 793 τὸν
1502 739 1614 794 τῶν
1637 735 1892 811 συμπάν-

273 845 386 878 των
419 819 788 894 δημιουργὸν,
829 820 1028 878 τοῦτόν
1067 845 1126 878 τε
1172 819 1342 878 αὐτὸν
1386 831 1615 894 θεσμοῖς
1646 819 1897 894 ἀληθοῦς

277 903 560 977 εὐσεβείας
603 904 677 962 δι’
726 907 926 963 ἐνθέου
978 907 1068 962 καὶ
1119 903 1405 978 σῶφρονος
1450 912 1754 980 θρησκείας
1795 911 1897 978 τῆς·

170 1029 175 1039 -
213 1015 254 1046 10
278 985 391 1047 ’ὑπὸ
420 992 522 1047 τοῦ
551 994 794 1063 σωτῆρος
825 988 982 1063 ἡμῶν
1012 993 1087 1067 τῷ
1110 992 1222 1046 τῶν
1245 987 1565 1061 ἀνθρώπων
1589 996 1694 1067 βίῳ
1727 1014 1891 1047 κατα-

275 1079 579 1148 σπαρείσης
612 1078 911 1147 ἐγέραιρον.
986 1079 1033 1130 3.
1068 1073 1206 1130 ἀλλὰ
1249 1073 1353 1148 γὰρ
1399 1077 1494 1145 τῆς
1534 1073 1753 1148 χάριτος
1783 1073 1897 1148 ἤδη

273 1162 369 1231 τῆς
398 1165 559 1225 θείας
591 1161 683 1215 καὶ
717 1161 803 1215 ἐπὶ
835 1158 899 1215 τά
931 1157 1093 1215 λοιποὶ
1125 1162 1385 1231 χεομένης
1418 1164 1588 1232 ἔθνη,
1621 1161 1712 1215 καὶ
1744 1158 1893 1232 πρῶ-

273 1266 372 1300 του
402 1243 504 1315 μὲν
542 1240 680 1299 κατὰ
718 1241 821 1314 τὴν
851 1247 1245 1301 Παλαιστινῶν
1291 1241 1635 1315 Καισάρειαν
1677 1252 1893 1316 Κορνη-

274 1334 399 1385 λίου
423 1325 528 1384 σὺν
545 1324 654 1403 ὅλῳ
677 1329 755 1403 τῷ
772 1337 905 1404 οἴκῳ
933 1324 1008 1383 δι’
1038 1330 1362 1399 ἐπιφανείας
1378 1329 1663 1400 θειοτέρας
1686 1326 1894 1402 ὑπουρ-

210 1436 251 1469 15
275 1419 399 1484 γίας
429 1436 488 1468 τε
521 1415 739 1485 Πέτρου
769 1410 872 1484 τὴν
904 1417 980 1478 εἰς
1009 1411 1106 1468 τὸν
1120 1410 1362 1485 Χριστὸν
1385 1417 1574 1469 πίστιν
1597 1414 1896 1480 καταδεξα-

272 1519 465 1570 μενου,
478 1502 760 1554 πλειστων
770 1520 827 1554 τε
839 1498 930 1552 και
943 1494 1169 1554 αλλων
1143 1519 1208 1552 επ
1249 1493 1578 1569 Ἀντιοχείας
1594 1495 1894 1603 Ἑλλήνων,

274 1578 356 1648 οἷς
387 1586 444 1638 οι
470 1605 606 1638 κατα
628 1579 723 1638 τὸν
748 1579 1046 1681 Στεφάνου
1074 1578 1318 1653 διωγμὸν
1343 1583 1740 1654 διασπαρέντες
1773 1579 1894 1653 ἐκή-

276 1667 480 1739 ρυξαν,
533 1662 819 1736 ἀνθούσης
871 1662 991 1736 άρτι
1046 1667 1139 1721 καὶ
1191 1656 1555 1737 πληθυούσης
1607 1667 1702 1736 τῆς
1755 1663 1895 1722 κατὰ

267 1747 607 1821 Ἀντιόχειαν
626 1752 935 1820 ἐκκλησίας,
972 1751 1031 1805 ἐν
1047 1744 1232 1824 ταύτῷ
1252 1771 1310 1804 τε
1337 1747 1721 1822 ἐπιπαρόντων
1744 1755 1896 1806 πλεί·

211 1859 253 1890 20
277 1852 424 1891 στων
453 1830 603 1892 ὅσων
633 1837 745 1890 τῶν
775 1856 834 1889 τε
874 1830 981 1889 ἀπὸ
1003 1814 1398 1905 Ἱεροσολύμων
1436 1839 1769 1907 προφητῶν,
1803 1835 1894 1891 καὶ

277 1918 384 1975 σῦν
415 1916 603 1985 αὐτοῖς
634 1917 899 1991 Βαρνάβα
931 1919 1021 1974 καὶ
1053 1915 1315 1989 Παύλου,
1350 1920 1540 1989 ἑτέρου
1563 1941 1622 1975 τε
1640 1917 1897 1991 πλήθους

279 2004 367 2059 ἐπὶ
398 2001 612 2067 τούτοις
644 2001 924 2074 ἀδελφῶν,
958 2000 990 2074 ἡ
1024 2005 1376 2075 Χριστιανῶν
1400 2010 1741 2076 προσηγορία
1771 2001 1894 2060 τότε

275 2090 498 2158 πρῶτον
531 2084 729 2143 αὐτόθι
761 2083 946 2158 ῶσπερ
979 2083 1072 2142 ἀπ’
1106 2085 1383 2153 εὐθαλοῦς
1406 2089 1498 2143 καὶ
1528 2094 1763 2160 γονίμου
1793 2110 1894 2160 πη·

275 2175 375 2243 γῆς
407 2167 747 2228 ἀναδίδοται.
809 2175 858 2228 4.
893 2173 984 2227 καὶ
1003 2168 1238 2242 ’Ἀγαβος
1271 2172 1403 2243 μὲν,
1446 2168 1523 2236 εἷς
1552 2177 1664 2228 τῶν
1695 2170 1895 2228 συνόν-

210 2278 254 2311 25
277 2278 390 2312 των
414 2253 602 2321 αὐτοῖς
627 2258 946 2328 προφητῶν,
972 2258 1097 2326 περὶ
1120 2259 1216 2311 τοῦ
1244 2257 1465 2327 μέλλειν
1483 2262 1710 2313 ἔσεσθαι
1735 2253 1896 2329 λιμὸν

276 2347 662 2413 προθεσπίζει,
697 2342 922 2406 Παῦλος
957 2340 1017 2396 δὲ
1049 2341 1137 2396 καὶ
1172 2338 1467 2414 Βαρνάβας
1495 2338 1892 2413 ἐξυπηρετησό-

276 2448 433 2498 μενοι
465 2430 531 2497 τῇ
562 2429 674 2481 τῶν
705 2422 969 2496 ἀδελφῶν
1000 2427 1458 2496 παραπέμπονται
1493 2429 1762 2501 διακονία.

403 2520 478 2569 lv.
535 2518 664 2584 [Nic.
693 2521 750 2569 H.
781 2520 834 2568 E.
864 2520 922 2576 ΙΙ,
954 2518 1027 2585 9.]
1098 2512 1347 2581 Τιβέριος
1388 2510 1490 2582 μὲν
1521 2501 1624 2566 οῦν
1655 2506 1796 2583 ἀμφὶ
1827 2507 1896 2566 τά

278 2591 379 2650 δύο
411 2595 502 2650 καὶ
537 2602 707 2650 εἴκοσι
740 2592 1075 2665 βασιλεύσας
1109 2599 1199 2665 ἔτη
1230 2597 1487 2670 τελευτᾷ,
1519 2593 1654 2667 μετὰ
1681 2595 1741 2650 δὲ
1770 2597 1894 2650 τοῦ·

211 2699 252 2732 30
275 2701 373 2735 τον
402 2676 568 2744 Γάϊος
599 2676 699 2751 τὴν
723 2676 1026 2751 ἡγεμονίαν
1050 2676 1391 2750 παραλαβών
1415 2676 1612 2735 αὐτίκα
1635 2681 1730 2750 τῆς
1754 2675 1895 2734 Ἰου-
1975 2728 1986 2731 ,

279 2767 467 2819 δαίωνμ
486 2760 656 2836 ἀρχῆς
684 2760 956 2838 Ἀγρίππᾳ
985 2761 1043 2820 τὸ
1071 2761 1314 2836 διάδημα
1333 2769 1705 2837 περιτίθησιν,
1739 2768 1896 2834 βασι-

276 2849 374 2905 λέα
404 2846 749 2920 καταστήσας
781 2846 951 2905 αὐτὸν
975 2851 1068 2920 τῆς
1092 2871 1150 2905 τε
1164 2855 1448 2906 Φιλίππου
1481 2849 1573 2906 καὶ
1596 2852 1691 2921 τῆς
1705 2856 1892 2906 Λυσα-
