2032 3174
0 2621 13 2959 *qs-‘z---·-?·-*--·’'<·-
0 2602 7 2613 ἴ

308 128 413 170 LIV
1015 126 1139 167 CAP.
1171 129 1209 168 4.

310 246 363 291 et
409 238 605 307 agendi
653 237 924 289 institutio
982 236 1200 288 minime
1260 245 1503 290 recenter
1558 256 1589 289 a
1617 237 1792 290 -nobis
1837 237 1914 288 in-

309 323 529 389 stituta,
579 321 674 373 scd
721 320 847 372 inde
895 321 964 373 ab
1011 321 1166 374 initio
1215 321 1435 374 humani
1473 322 1687 390 generis
1724 321 1915 374 confir-

309 414 458 458 mata
507 413 614 471 cst,
675 406 743 458 ab
793 404 1099 457 hominibus
1145 406 1382 476 antiquis
1422 406 1527 458 Dei
1585 405 1914 472 amantibUS,

310 491 466 560 quasi
505 509 572 542 ex
611 489 890 558 cogitandi
926 489 1189 542 facultate
1229 509 1261 542 a
1298 498 1494 542 natura
1529 491 1695 543 insita
1732 497 1916 559 utpote

309 593 454 627 nunc
498 572 1007 627 demonstrabimus.
1081 577 1113 640 ξ
1150 574 1199 626 5.
1266 574 1507 644 Populus
1543 574 1917 627 Hebraeorum

310 659 528 710 minime
566 676 739 711 novus
778 658 908 724 fuit,
949 658 1041 711 sed
1080 659 1198 729 ejus
1227 667 1474 712 vetustas
1503 658 1648 729 apud
1675 657 1918 711 homines

309 744 364 795 in
412 742 614 796 honore
659 742 848 796 habita
892 751 999 809 est,
1048 744 1253 795 cunctis
1302 751 1385 797 cst
1430 750 1618 810 noum,
1669 744 1826 814 cujus
1862 741 1916 794 in

310 827 697 882 traditionibus
753 835 806 879 et
853 825 1006 880 libris
1053 828 1389 881 narrationes
1439 827 1505 880 de
1551 828 1781 881 vetustis
1827 826 1917 878 ho-

312 912 549 965 minibus
598 913 965 979 continentur,
1013 913 1105 983 qui
1151 914 1261 965 rari
1308 931 1436 965 sanc
1486 921 1648 982 atque
1697 915 1918 964 numero

311 996 493 1066 pauci,
532 998 624 1066 qui
660 1014 791 1050 vero
830 1004 1053 1068 propter
1091 1015 1274 1050 eorum
1293 998 1596 1068 justitiam,
1635 997 1742 1049 Dei
1769 997 1919 1049 timo-

310 1099 424 1133 rem
463 1088 516 1133 et
554 1080 687 1133 alias
726 1089 946 1134 sanctae
982 1083 1129 1134 vitae
1167 1083 1397 1135 virtutes
1435 1083 1491 1134 in
1525 1082 1727 1134 honore
1753 1080 1919 1134 habe-

309 1165 540 1231 bantur,
591 1173 716 1218 ante
755 1165 1018 1219 diluvium
1058 1166 1285 1235 singuli,
1324 1173 1512 1236 postea
1550 1165 1646 1218 alii
1684 1183 1853 1236 aeque
1891 1184 1920 1217 e

312 1249 463 1302 Noae
501 1249 628 1303 filiis
669 1258 830 1321 atque
869 1270 939 1304 ex
976 1269 1160 1303 eorum
1196 1252 1427 1321 posteris
1454 1269 1625 1320 usque
1650 1249 1719 1301 ad
1745 1249 1918 1302 Abra-

311 1333 555 1400 hamum,
604 1353 764 1406 quem
803 1335 1140 1389 conditorem
1178 1335 1388 1404 generis
1429 1336 1516 1386 sui
1552 1353 1669 1387 esse
1707 1335 1922 1404 jactant

312 1417 570 1472 Hebraei.
669 1421 783 1485 §6
858 1420 916 1473 Si
962 1420 1082 1491 quis
1139 1438 1269 1473 vero
1317 1419 1681 1486 contenderit,
1739 1436 1921 1471 omnes

311 1502 463 1571 illos,
503 1522 731 1573 quorum
761 1505 980 1576 justitia
1015 1505 1320 1558 testimonio
1349 1505 1758 1575 comprobatur,
1796 1502 1922 1555 inde

313 1588 382 1640 ab
431 1588 744 1642 Abrahamo
793 1608 964 1659 usque
1012 1589 1083 1642 ad
1130 1589 1364 1659 primum
1419 1607 1588 1659 usque
1633 1587 1921 1654 hominem,

315 1672 490 1742 quoad
511 1690 696 1724 eorum
718 1673 917 1742 agendi
945 1674 1209 1726 rationem
1235 1693 1343 1727 non
1369 1692 1497 1726 vero
1525 1673 1742 1724 nomine
1769 1671 1919 1724 Chri-

315 1758 522 1810 stianos
577 1757 772 1823 fuisse,
829 1759 876 1810 is
925 1776 958 1810 a
994 1758 1225 1823 veritate
1262 1776 1370 1810 non
1408 1757 1702 1810 aberravit.
1801 1760 1833 1822 ξ
1873 1757 1921 1808 7.

317 1841 470 1907 Quae
509 1842 653 1893 enim
704 1860 736 1894 a
774 1841 1081 1895 Christiano
1119 1842 1238 1895 viro
1276 1842 1410 1894 haec
1448 1841 1792 1910 (Christiani)
1834 1840 1922 1893 de-

316 1925 612 1978 nominatio
662 1926 930 1995 postulat,
979 1926 1184 1979 scilicet
1223 1926 1425 1979 Christi
1474 1934 1526 1979 et
1571 1928 1690 1997 ejus
1729 1925 1923 1979 doctri-

316 2028 418 2061 nae
456 2010 721 2078 cognitiO,
771 2011 1021 2077 castitaS,
1065 2010 1311 2082 justitia,
1361 2011 1626 2080 patientia
1673 2011 1730 2062 in
1765 2009 1923 2063 bonis

318 2093 572 2163 operibus
624 2094 933 2148 >efficiendis
997 2096 1315 2164 conspicua,
1379 2103 1432 2147 et
1487 2095 1704 2165 pietatis
1761 2101 1925 2164 atque

318 2178 495 2231 cultus
545 2179 731 2246 uniUS,
781 2179 872 2249 qui
919 2198 1080 2250 super
1120 2180 1298 2232 omnia
1335 2186 1438 2246 cst,
1485 2179 1594 2232 Dei
1629 2178 1923 2249 professio:

319 2262 403 2315 his
443 2262 693 2316 omnibus
738 2281 845 2315 non
894 2263 1069 2315 minus
1114 2281 1276 2334 quam
1313 2282 1410 2315 nos
1448 2271 1659 2316 veteres
1697 2261 1777 2314 illi
1815 2270 1923 2315 stu-

321 2347 470 2400 dium
518 2355 680 2417 atquc
727 2366 946 2418 operam
991 2356 1348 2401 navaverunt.
1437 2351 1469 2414 §
1507 2348 1556 2400 8.
1622 2346 1746 2399 Non
1786 2347 1925 2398 enim

318 2432 387 2483 iis
427 2434 668 2503 corporis
706 2432 1043 2486 circumcisio
1084 2450 1241 2484 curae
1279 2432 1407 2496 fuit,
1450 2433 1589 2485 sicut
1622 2449 1796 2500 neque
1831 2449 1924 2483 no-

321 2516 432 2583 bis,
481 2535 655 2586 neque
695 2517 985 2570 sabbatum
1024 2517 1398 2582 observantia,
1445 2518 1585 2569 sicut
1621 2534 1795 2584 neque
1833 2533 1925 2567 no-

321 2601 433 2667 bis,
482 2619 653 2670 neque
702 2602 947 2654 ciborum
984 2601 1316 2671 aliarumque
1360 2619 1540 2654 rerum
1578 2599 1926 2664 abstinentia,

322 2704 460 2754 quae
506 2687 710 2755 primus
749 2685 929 2739 Moses
978 2686 1123 2755 apud
1172 2705 1260 2738 eos
1300 2686 1542 2738 instituit
1578 2692 1631 2736 et
1667 2691 1927 2753 tanquam

322 2770 512 2839 typice
544 2769 887 2823 observanda
923 2771 1154 2840 posteris
1194 2770 1449 2836 tradidit,
1489 2777 1550 2822 ut
1574 2786 1748 2838 neque
1774 2766 1925 2820 Chri-

325 2855 484 2912 stiani
521 2872 666 2910 nunc
704 2853 834 2911 talia
873 2854 1185 2910 observant.
1271 2854 1379 2907 Sed
1417 2861 1471 2907 et
1508 2852 1788 2906 Christum
1823 2850 1930 2904 Dei
