1986 3152
529 93 689 136 HIST.
722 91 974 134 ECCLES.
1005 92 1107 133 VII.
1140 95 1207 133 21.
1240 95 1307 133 22.
1623 91 1728 142 319

104 205 312 282 ,“ροῦσι
351 205 531 266 πόθεν
571 213 628 265 οὗ
665 220 915 281 συνεχεῖς
946 210 1152 282 λοιμοὶ,
1194 206 1375 266 πόθεν
1406 212 1467 265 αἱ
1494 210 1727 282 χαλεπαὶ

115 288 330 363 “νόσοι,
371 290 550 349 πόθεν
591 297 654 349 αἱ
679 295 1027 350 παντοδαπαὶ
1059 295 1299 367 φθοραὶ,
1341 291 1521 350 πόθεν
1552 288 1580 349 ὁ
1611 315 1730 350 ποι-

115 372 299 442 “ullos
341 378 432 433 καὶ
473 375 644 443 πολὺς
683 383 794 434 τῶν
844 373 1166 450 ἀνθρώπων
1214 374 1476 450 ὄλεθρος,
1532 377 1622 433 διὰ
1678 381 1737 434 τί

112 456 339 535 “’μηκετι
381 463 608 518 τοσοῦτο
647 466 861 534 πλῆθος
906 460 1211 535 οἰκητόρων
1250 457 1284 533 ἡ
1315 467 1544 534 μεγίστη
1575 459 1731 527 πόλις

111 543 212 602 “ε’ν
244 543 385 620 αὐτῇ
409 547 601 646 φέρει,
633 543 740 602 ἀπὸ
772 551 988 618 νηπίων
1018 543 1294 646 ἄρξαμένη
1324 550 1544 602 παίδων
1573 548 1731 646 μέχρι
1754 563 1775 595 5

111 625 259 688 “τῶν
292 635 368 696 εἰς
399 627 572 701 ἄκρον
600 628 1006 702 γεγηρακότων,
1038 628 1202 696 όσους
1235 628 1613 704 ὠμογέροντας
1637 626 1733 696 οὓς

109 709 329 816 ἶέκάλει
372 712 641 786 πρότερον
679 711 840 778 ὄντας
884 719 1145 787 ἔτρεφεν,
1202 710 1328 769 αλλ’
1371 719 1429 770 οἱ
1463 732 1735 787 τεσσαρα-

112 794 439 856 “κοντοῦται
471 799 562 853 καὶ
592 798 751 870 μέχρι
781 821 894 854 των
927 798 1306 869 ἑβδομήκοντα
1339 800 1476 854 ἐτων
1506 802 1733 854 τοσοῦτο

112 877 400 948 “πλείονες
450 879 572 937 τότε
639 879 779 938 ὥστε
828 877 901 953 μὴ
954 884 1420 954 συμπληροῦσθαι
1479 884 1588 937 νῦν
1638 879 1735 938 τὸν

113 963 397 1038 τεοἶριθμὸν
429 961 642 1037 αὐτῶν,
684 967 1225 1039 προσεγγραφέντων
1263 967 1355 1023 καὶ
1395 973 1732 1037 συγκαταλε·
1758 983 1798 1015 10

110 1045 360 1122 “γέντων
404 1055 481 1117 εἰς
521 1047 580 1106 τὸ
623 1048 890 1122 δημόσιον
920 1053 1234 1123 σιτηρέσιον
1263 1051 1375 1107 τῶν
1406 1046 1513 1106 ἀπὸ
1543 1067 1735 1106 τεσσα-

112 1130 483 1206 “ρεσκαίὸεκα
515 1135 653 1190 ε’τῶν
683 1136 840 1208 μέχρι
879 1136 992 1191 τῶν
1032 1131 1401 1208 ὀγδοήκοντα,
1448 1135 1540 1191 καὶ
1580 1132 1735 1206 γεγό-

110 1217 316 1276 “νασιν
346 1214 465 1276 οἷον
495 1215 782 1290 ἡλικιῶται
819 1222 932 1275 τῶν
962 1217 1130 1275 πάλαι
1159 1216 1499 1292 γεραιτάτων
1528 1223 1585 1275 οἱ
1609 1215 1734 1286 ὄψει

110 1298 430 1361 “νεω’τατοι.
497 1307 575 1358 10.
611 1304 700 1358 καὶ
744 1298 889 1360 οὕτω
931 1301 1262 1376 μειούμενον
1301 1301 1388 1360 ἀεὶ
1431 1304 1522 1358 καὶ
1557 1307 1735 1359 δαπα-

111 1385 402 1460 “νω’μενον
450 1384 689 1460 ὁρῶντες
737 1384 796 1443 τὸ
839 1389 928 1444 ε’πὶ
970 1390 1068 1459 γῆς
1108 1384 1430 1460 ἀνθρώπων
1469 1388 1628 1459 γένος
1668 1383 1733 1444 οὐ
1778 1404 1819 1437 15

109 1467 472 1546 “τρέμουσιν,
514 1468 821 1544 αὐξομένου
852 1473 944 1528 καὶ
975 1470 1379 1546 προκόπτοντος
1408 1476 1508 1528 τοῦ
1538 1493 1735 1529 παντε-

106 1552 279 1622 “λοῦς
310 1554 496 1613 αὐτῶν
526 1552 891 1629 ἆφανισμοῦ.”

244 1651 394 1700 XXII.
448 1651 580 1716 [Nic.
609 1652 664 1700 H.
692 1652 746 1700 E.
777 1652 860 1708 VI,
888 1649 996 1717 20]
1074 1638 1235 1697 Μετὰ
1274 1643 1447 1698 ταῦτα
1486 1642 1733 1713 λοιμικῆς

121 1722 217 1782 τὸν
276 1723 520 1798 πόλεμον
573 1723 948 1798 διαλαβούσης
1000 1723 1200 1796 νόσου,
1262 1728 1358 1796 τῆς
1421 1748 1479 1782 τε
1543 1726 1733 1796 ἑορτῆς

115 1807 547 1882 πλησιαζούσης,
590 1800 756 1876 αὖθις
799 1806 891 1866 δια
931 1813 1147 1884 γραφῆς
1178 1821 1291 1875 τοῖς
1323 1808 1586 1882 ἀδελφοῖς
1616 1807 1731 1882 ὁμι-
1753 1827 1795 1860 20

116 1901 227 1964 λεῐ,
282 1893 348 1950 τὰ
399 1897 495 1966 τῆς
548 1899 838 1967 συμφορᾶς
898 1891 1392 1967 ε’πισημαινόμενος
1443 1891 1599 1965 πάθη
1641 1891 1732 1949 διὰ

117 1976 329 2036 τούτων
373 1977 469 2035 2.“
477 1991 590 2043 τοῖς
619 1979 722 2050 μὲν
751 1975 938 2044 αλλοις
969 1974 1290 2052 ἆνθρωποις
1321 1978 1424 2035 οὐκ
1454 2002 1524 2035 αν
1558 1975 1732 2045 δόξειε

107 2060 334 2163 ἱζκαιρὸς
368 2064 558 2135 ἑορτῆς
592 2061 735 2119 εἶναι
764 2062 830 2119 τὰ
860 2060 1123 2137 παρόντα.
1186 2058 1310 2119 οὐδ’
1360 2069 1510 2120 ἔστιν
1541 2058 1731 2127 αὐτοῖς

108 2141 271 2204 “οὔτε
302 2171 462 2214 ουτος
492 2145 621 2204 οὔτε
650 2170 731 2214 τις
761 2150 964 2221 ε’τερος,
995 2145 1097 2220 οὐχ
1119 2145 1266 2213 όπως
1290 2170 1403 2205 των
1429 2145 1731 2219 ἐπιλύπων,

108 2224 276 2288 “ἆλλ’
314 2228 438 2288 ουδ’
487 2240 540 2290 εἰ
576 2256 657 2298 τις
698 2231 1022 2306 περιχαρὴς,
1072 2227 1138 2289 ὃν
1187 2236 1439 2304 οἰηθειεν
1478 2229 1727 2304 μαλιστα.
1754 2246 1795 2279 25

109 2313 257 2372 “νῦν
294 2317 397 2388 μέν
436 2338 499 2388 γε
539 2319 743 2390 θρῆνοι
782 2314 995 2389 πάντα,
1049 2318 1142 2373 καὶ
1181 2318 1458 2373 πενθοῦσι
1507 2313 1730 2387 πάντες,

110 2395 138 2455 ‘f
146 2400 238 2456 καὶ
278 2406 637 2473 περιηχοῦσιν
678 2403 913 2473 οἰμωγαὶ
954 2398 1055 2473 τὴν
1095 2399 1260 2458 πόλιν
1302 2398 1394 2458 διὰ
1424 2397 1484 2458 τὸ
1516 2403 1731 2471 πλῆθος

110 2478 260 2541 τετοῖν
289 2482 643 2556 τεθνηκότων
674 2486 765 2541 καὶ
796 2488 909 2541 τῶν
938 2482 1417 2558 ἀποθνησκόντων
1447 2480 1726 2558 ὁσημέραι.

109 2562 194 2625 “3.
240 2566 313 2635 ὡς
363 2566 467 2641 γὰρ
518 2571 608 2626 ε’πὶ
657 2571 770 2626 τῶν
821 2566 1187 2642 πρωτοτόκων
1236 2571 1348 2626 τῶν
1403 2574 1731 2642 Αἰγυπτίων

111 2649 481 2727 “γέγραπται,
513 2649 690 2719 οὕτως
720 2654 812 2710 καὶ
842 2658 950 2711 νῦν
982 2651 1223 2728 ἐγενήθη
1254 2652 1468 2727 κραυγὴ
1499 2650 1724 2726 μεγάλη.
1751 2666 1792 2698 30

110 2730 212 2794 “οὐ
242 2735 347 2811 γάρ
381 2740 529 2795 ἐστιν
557 2743 734 2810 οἰκία,
778 2741 840 2799 ἐν
867 2728 906 2814 ᾗ
931 2734 1039 2796 οὐκ
1082 2745 1231 2797 ἔστιν
1263 2741 1323 2796 ἐν
1353 2734 1500 2812 αὐτῇ
1528 2747 1730 2807 τεθνη·

109 2815 281 2888 “κω’ς·
342 2823 432 2879 καὶ
465 2819 683 2895 ὤφελόν
722 2837 809 2895 γε·
850 2820 1026 2886 πολλὰ
1055 2823 1159 2913 μὲν
1189 2821 1294 2896 γὰρ
1325 2824 1417 2879 καὶ
1450 2818 1606 2879 δεινοὶ
1637 2820 1728 2876 καὶ
