1986 3152
528 107 688 148 HIST.
721 106 968 149 ECCLES.
1000 107 1053 149 v.
1089 110 1152 150 19.
1186 110 1254 152 20.
1594 107 1699 160 225

73 219 478 295 “ἆδελφότητι,
511 225 773 296 πέπομφα
803 221 940 295 ὑμῖν
970 224 1062 279 καὶ
1095 228 1385 280 Κλαυδίου
1412 223 1695 282 Ἀπολινα-

78 303 242 378 “ρίου
273 310 372 363 τοῦ
403 305 825 379 μακαριωτάτου
855 309 1159 380 γενομένου
1192 309 1252 364 ἐν
1274 306 1571 382 Ἱεραπόλει
1602 313 1698 381 τῆς

76 387 105 410 “
116 389 300 457 Ἀσίας
333 389 634 448 ἐπισκόπου
665 390 1003 465 γράμματα.”
1065 396 1113 448 3.
1142 395 1201 448 ἐν
1224 390 1395 466 ταύτῃ
1422 393 1482 449 δὲ
1508 397 1574 467 τῇ
1599 399 1696 450 τοῦ

84 480 455 547 Σαραπίωνος
506 478 762 550 ἐπιστολῇ
815 477 905 532 καὶ
951 474 1390 548 ὑποσημειώσεις
1433 479 1696 550 φέρονται

86 557 372 632 διαφόρων
415 558 758 631 ἐπισκόπων,
801 551 880 617 οἷν
909 558 938 616 5
969 561 1073 632 μέν
1101 584 1182 626 τις
1214 552 1328 617 οἶδε’
1353 582 1468 627 πως
1497 560 1694 619 ὑποσε-
1719 588 1738 619 5

81 650 381 716 σημείωται
436 640 755 716 “Αὐρήλιος
808 643 1088 718 Κυρήνιος
1148 643 1357 718 μάρτυς
1419 649 1697 718 ἐρρῶσθαι

81 727 226 800 ὑμᾶς
269 724 547 800 εὔχομαι”,
589 723 617 783 5
659 729 724 784 δέ
761 751 840 794 τις
883 731 1081 784 τοῦτον
1112 725 1209 785 τὸν
1238 729 1445 800 τρόπον
1469 726 1697 797 “Λί’λιος

85 813 369 877 Πούπλιος
395 808 618 878 Ἰούλιος
656 809 765 868 ἀπὸ
798 816 1083 884 Δεβελτοῦ
1125 819 1395 879 κολωνίας
1426 818 1520 886 τῆς
1553 812 1696 888 Θρᾴ-

81 919 180 969 κης
225 899 541 962 ἐπίσκοπος·
598 898 659 970 ζῇ
698 891 727 951 5
767 893 899 962 θεὸς
940 894 969 952 5
1015 899 1075 954 ἐν
1113 909 1227 963 τοῖς
1272 893 1559 970 οὐρανοῖς,
1613 894 1696 954 ὅτι

83 985 278 1047 Σωτᾶς
315 976 344 1035 5
384 977 648 1053 μακάριος
687 978 716 1036 5
764 983 822 1036 ἐν
847 978 1115 1057 Ἀγχιάλῳ
1158 979 1403 1054 ἠθέλησε
1442 980 1538 1038 τὸν
1579 987 1695 1038 δαί-
1721 1010 1758 1040 ιο

80 1089 224 1137 μονα
253 1063 350 1121 τὸν
382 1071 722 1137 Πρισκίλλης
755 1068 1031 1137 ἐκβαλεῖν,
1065 1067 1156 1122 καὶ
1187 1069 1244 1123 οἱ
1268 1064 1562 1140 ὑποκριταὶ
1594 1064 1697 1123 οὐκ

79 1145 353 1221 αφῆκαν.”
435 1153 483 1205 4.
540 1151 632 1206 καὶ
674 1147 859 1206 ἄλλων
903 1149 964 1206 δὲ
1004 1148 1279 1207 πλειόνων
1315 1148 1413 1208 τόν
1453 1148 1696 1224 ἀριθμὸν

82 1231 407 1290 ἐπισκόπων
457 1232 778 1307 συμψήφων
836 1231 1052 1300 τούτοις
1113 1237 1174 1292 ἐν
1225 1247 1337 1301 τοις
1392 1239 1695 1307 δηλωθεΐσι

80 1337 397 1423 γραμμασιν
428 1316 770 1391 αὐτόγραφοι
800 1319 1064 1416 φέρονται
1095 1317 1435 1392 σημειώσεις.
1509 1321 1598 1376 καὶ
1630 1321 1695 1375 τόι

77 1403 181 1475 μὲν
211 1401 348 1459 κατὰ
377 1401 606 1469 τούτους
636 1403 707 1474 ἠν
737 1404 981 1459 τοιαῦτα.
1714 1429 1755 1461 15

209 1497 310 1546 XX.
364 1495 492 1562 [Nic.
521 1498 579 1547 H.
608 1498 664 1546 E.
692 1497 768 1554 IV,
797 1495 907 1563 30.]
971 1483 1053 1555 Ἐξ
1087 1490 1339 1553 ἐναντίας
1373 1487 1433 1544 δε
1463 1491 1574 1545 τῶν
1607 1489 1694 1544 ἐπὶ

73 1568 279 1642 Ῥώμης
319 1569 415 1626 τὸν
454 1569 588 1642 ὑγιῆ
628 1573 724 1642 τῆς
765 1573 1054 1643 ἐκκλησίας
1093 1569 1694 1645 θεσμὸύπαραχαρατ-

78 1651 315 1726 τόντων,
367 1660 666 1726 Εἰρηναιος
710 1653 1014 1728 διαφόρους
1058 1653 1343 1721 ἐπιστολας
1386 1674 1694 1729 συνταττει,

0 1790 1 1818 ᾖ
78 1737 180 1810 τὴν
229 1763 331 1811 μεν
381 1737 686 1812 ἐπιγραψας
735 1739 870 1813 πρὸς
910 1738 1161 1797 Βλαστον
1215 1742 1342 1814 περὶ
1379 1746 1692 1814 σχίσματος,

0 1823 1 1835 ³
39 1892 44 1896 ι
78 1820 182 1894 τὴν
227 1823 288 1879 δὲ
329 1821 464 1895 πρὸς
505 1831 798 1898 Φλωρινον
839 1825 965 1897 περὶ
1007 1831 1309 1898 μοναρχίας
1351 1849 1383 1896 η
1429 1827 1556 1898 περὶ
1595 1828 1693 1881 τοῦ
1717 1851 1758 1881 20

78 1905 153 1980 μὴ
195 1906 338 1964 εἶναι
377 1907 474 1965 τὸν
514 1907 652 1965 θεὸν
691 1905 925 1980 ποιητὴν
964 1914 1166 1965 κακῶν.
1238 1907 1439 1981 ταύτης
1476 1933 1597 1994 γαρ.
1613 1933 1693 1966 τοι

79 1994 175 2063 τῆς
214 1990 436 2065 γνώμης
476 2015 636 2058 ουτος
667 1991 846 2049 ἐδόκει
877 1998 1263 2066 προασπίζειν·
1322 1992 1397 2049 δι’
1430 1989 1496 2050 ὂν
1527 1984 1695 2060 αὖθις

78 2074 506 2151 υποσυρόμενον
555 2083 621 2152 τῇ
672 2101 809 2133 κατα
853 2075 1232 2135 Οὐαλεντινον
1273 2075 1456 2151 πλανῃ
1498 2079 1590 2134 καὶ
1632 2077 1694 2134 τὸ

81 2161 207 2233 περὶ
238 2159 508 2233 ὀγδοαὸος
541 2179 894 2219 συνταττεται
925 2168 1000 2238 τῷ
1026 2167 1312 2238 Εἰρηναίῳ
1342 2161 1694 2236 σπούδασμα,

82 2246 142 2300 ἐν
183 2268 225 2321 ῳ
266 2248 358 2302 καὶ
391 2249 808 2318 ἐπισημαίνεται
836 2244 939 2318 τὴν
970 2245 1196 2322 πρώτην
1224 2249 1338 2304 τῶν
1368 2245 1693 2305 ἀποστόλων
1717 2270 1757 2302 25

79 2332 470 2402 κατειληφέναι
505 2330 703 2387 ἑαυτὸν
736 2329 1017 2405 διαδοχήν.
1078 2335 1125 2388 2.
1162 2336 1304 2388 ἔνθα
1335 2331 1472 2405 πρὸς
1495 2337 1571 2408 τῷ
1595 2355 1695 2389 του

79 2412 502 2487 συγγράμματος
554 2417 696 2471 τέλει
748 2414 1110 2488 χαριεστάτην
1162 2412 1336 2473 αὐτοῦ
1388 2423 1695 2490 σημείωσιν

80 2493 335 2571 ευρόντες
366 2496 679 2570 αναγκαίως
710 2502 801 2556 καὶ
831 2498 1039 2572 ταύτην
1068 2504 1202 2574 τῇδε
1232 2502 1599 2574 καταλέξομεν
1629 2503 1698 2575 τῇ

81 2585 299 2657 γραφῇ,
341 2585 538 2641 τοῦτον
581 2590 815 2657 ἔχουσαν
857 2584 954 2641 τὸν
995 2582 1200 2658 τρόπον
1230 2583 1465 2687 “ὁρκίζω
1507 2603 1568 2642 σε
1598 2582 1694 2642 τὸν

72 2660 599 2741 “μεταγραψόμενον
637 2666 697 2725 τὸ
739 2674 959 2741 βιβλίον
997 2692 1157 2726 τουτο
1199 2694 1333 2727 κατα
1364 2693 1461 2727 του
1493 2675 1690 2743 κυρίου
1715 2692 1755 2723 30

195 2861 248 2899 29
279 2859 397 2900 Iren.
433 2861 595 2914 fragm.
629 2876 670 2914 p.
705 2865 784 2903 339
817 2863 958 2904 Mass.
1000 2892 1003 2894 -

167 2942 398 2971 Ensnnms
435 2944 502 2972 1v.
1371 2915 1435 2967 15
