1986 3152
620 109 778 152 HIST.
811 109 1061 151 EOCLES.
1096 111 1148 154 v.
1181 112 1246 151 16.
1623 109 1728 161 219

116 222 260 296 πών,
301 222 441 297 ὁμοῦ
480 225 580 282 τόν
610 248 668 281 τε
697 223 899 298 χρόνον
930 222 1066 282 καθ’
1098 222 1164 282 ὃν
1195 224 1347 282 ταῦτ’
1384 231 1591 300 ἔγραφε
1633 245 1727 299 ση-

119 314 307 382 μαίνει
348 309 439 364 καὶ
471 311 582 365 τῶν
611 308 975 384 προρρήσεων
1005 306 1174 382 αὐτῆς
1197 313 1498 383 μέμνηται,
1544 307 1619 367 δι’
1649 302 1728 368 ὦν

118 393 391 465 πολέμους
424 398 651 450 ἔσεσθαι
681 396 773 450 καὶ
795 392 1198 460 ἀκαταστασίας
1223 393 1723 468 προεμαντεύσατο,

118 469 199 533 οἷν
230 477 320 532 καὶ
345 475 448 548 τὴν
472 482 848 550 ψευδολογίαν
875 476 1104 535 εὐθύνει
1133 470 1243 534 ὦδε
1267 479 1445 550 λέγων
1488 483 1567 535 19.
1596 477 1727 535 “καὶ

111 556 265 626 “aeds
295 559 361 617 οὐ
394 585 706 634 καταφανες
738 560 843 634 ἤδη
875 564 1067 633 γέγονε
1098 564 1188 618 καὶ
1220 567 1381 620 τοῦτο
1404 560 1465 620 τὸ
1488 565 1772 631 ψεῦδος·5
1713 608 1726 631 ,

107 641 142 663 “
113 651 323 744 “achim
365 669 469 717 γαρ
512 641 545 717 ἢ
585 651 942 718 τρισκαίδεκα
978 651 1070 717 ἔτη
1113 651 1189 711 εἰς
1219 644 1426 718 ταύτην
1465 646 1566 719 τὴν
1596 645 1730 720 ἡμέ-

109 724 285 832 Ξῖραν,
330 731 382 795 ἐξ
423 753 489 785 ου
519 727 905 800 τετελεύτηκεν
934 727 967 801 ἡ
1001 727 1172 801 γυνὴ,
1216 731 1308 785 καὶ
1349 728 1475 786 ούτε
1505 730 1728 803 μερικός

109 809 278 868 “ούτε
318 811 616 877 καθολικὸς
657 811 845 888 κόσμω
894 815 1090 884 γέγονε
1132 811 1394 885 πόλεμος,
1449 810 1588 870 αλλὰ
1637 817 1728 870 καὶ

114 894 508 969 “Χριστιανοῖς
530 899 742 969 μᾶλλον
767 895 958 968 εἰρήνη
985 895 1244 969 διάμονος
1269 900 1322 964 ἐξ
1348 898 1503 954 ἐλέου
1527 896 1726 954 θεοῦ”.

122 982 214 1036 καὶ
241 983 415 1036 ταῦτα
440 981 500 1036 δὲ
524 983 583 1037 ἐκ
603 983 703 1037 τοῦ
727 983 992 1053 δευτέρου
1016 979 1458 1054 συγγράμματος.
1521 986 1604 1038 20.
1633 983 1720 1038 καὶ
1748 1005 1790 1037 10

118 1061 226 1121 ἆπὸ
257 1067 358 1120 τοῦ
386 1070 574 1138 τρίτου
609 1065 668 1121 δὲ
700 1063 932 1138 σμικρὰς
972 1063 1367 1138 παραθήσομαι
1400 1067 1600 1138 λέξεις,
1646 1064 1721 1121 δι’

119 1139 200 1206 οἷν
229 1145 364 1221 πρὸς
394 1146 523 1214 τούς
554 1145 888 1222 αὐχοῦντας,
923 1145 995 1215 ὥς
1026 1149 1132 1223 ἄρα
1163 1155 1389 1216 πλείους
1420 1152 1510 1206 καὶ
1543 1146 1729 1206 αὐτῶν

119 1231 595 1307 μεμαρτυρηκότες
631 1233 775 1306 εἷεν,
818 1234 992 1291 ταῦτα
1023 1253 1196 1306 φησιν
1227 1230 1402 1291 “ὃ’ταν
1441 1240 1635 1291 τοίνυν
1669 1237 1728 1290 ἐν

107 1315 283 1374 “noim
324 1330 436 1384 τοῖς
470 1319 777 1391 εἰρημένοις
823 1320 1174 1391 ἐλεγχθέντες
1209 1314 1593 1391 ἆπορήσωσιν,
1638 1319 1726 1374 ἐπὶ

107 1399 275 1468 φττούς
326 1400 607 1474 μάρτυρας
660 1407 957 1475 πειρῶνται
1017 1400 1416 1474 καταφεύγειν,
1478 1403 1727 1474 λέγοντες
1751 1425 1791 1457 15

111 1478 388 1552 τ“πολλούς
420 1492 566 1559 ἔχειν
595 1484 904 1559 μάρτυρας,
946 1487 1035 1542 καὶ
1068 1489 1227 1543 τοῦτο
1261 1487 1405 1543 εἶναι
1435 1485 1729 1559 τεκμήριον

113 1567 349 1627 “πιστόν
397 1573 492 1641 τῆς
546 1570 835 1643 δυνάμεως
885 1576 982 1627 τοῦ
1022 1567 1156 1643 παρ’
1200 1569 1386 1637 αὐτοῖς
1427 1573 1728 1643 λεγομένου

108 1652 496 1728 “προφητικοῦ
528 1653 856 1727 πνεύματος.
917 1653 976 1711 τὸ
1021 1651 1076 1711 δ’
1113 1660 1260 1712 ἔστιν
1290 1651 1415 1726 ἄρα,
1459 1653 1531 1721 ὡς
1563 1660 1724 1727 ἔοικε,

114 1737 358 1804 “παντός
388 1742 599 1810 μᾶλλον
630 1735 733 1795 οὐκ
764 1736 984 1811 ἀληθές.
1040 1743 1120 1795 21.
1155 1737 1375 1811 καὶγὰρ
1398 1742 1511 1796 τῶν
1541 1736 1727 1795 ἄλλων

111 1821 423 1897 “αι’ρέσεω’ν
461 1846 606 1888 τινες
647 1830 938 1888 πλείστους
981 1819 1145 1890 ὅσους
1197 1828 1384 1895 ἔχουσι
1423 1821 1723 1895 μάρτυρας,
1748 1847 1791 1879 20

110 1905 242 1963 “καὶ
274 1904 342 1962 οὐ
388 1906 538 1980 παρὰ
567 1911 729 1964 τοῦτο
776 1905 957 1980 δήπου
988 1905 1554 1980 συγκαταθησόμεθα,
1594 1905 1728 1963 οὐδὲ

108 1989 424 2063 “ἆλήθειαν
465 1998 611 2064 ἔχειν
655 1989 856 2058 αὐτοὺς
896 1990 1323 2065 ὁμολογήσομεν.
1387 1993 1478 2047 καὶ
1520 1995 1733 2063 πρῶτοί

107 2074 212 2148 “ys
253 2079 311 2131 oc
345 2071 453 2132 ἀπὸ
493 2079 587 2148 τῆς
621 2082 957 2149 Μαρκίωνος
1000 2077 1260 2149 αἱρέσεως
1303 2077 1726 2149 Μαρκιωνισταὶ

105 2158 478 2232 “καλούμενοι
518 2167 808 2228 πλείστους
846 2158 1011 2226 ὅσους
1055 2166 1200 2233 ἔχειν
1241 2163 1482 2234 Χριστοῦ
1524 2157 1726 2231 μαρτυ-

106 2242 246 2318 “ρας
290 2245 579 2316 λέγουσιν,
633 2241 772 2301 ἀλλὰ
824 2243 924 2301 τόν
974 2269 1036 2318 γε
1079 2244 1319 2319 Χριστὸν
1371 2242 1547 2301 αὐτὸν
1599 2239 1787 2299 κατ’ρε

115 2325 391 2400 ἀλήθειαν
420 2324 522 2401 οὐχ
552 2326 930 2402 ὁμολογοῦσι.”
992 2331 1084 2385 καὶ
1117 2328 1252 2402 μετὰ
1284 2331 1493 2402 βραχέα
1515 2326 1727 2392 τούτοις

121 2416 368 2485 ἐπιφέρει
400 2415 578 2485 λέγων
620 2417 704 2470 22.
731 2411 909 2471 “ἷ)’θεν
947 2437 1030 2470 τοι
1063 2415 1154 2470 καὶ
1199 2411 1425 2470 ἐπειδὰν
1464 2417 1520 2468 οἱ
1550 2414 1637 2467 ἐπὶ
1668 2408 1726 2466 τὸ

109 2491 242 2568 “mig-
295 2494 412 2553 κατ’
469 2493 743 2570 ἀλήθειαν
793 2503 1026 2564 πίστεως
1066 2495 1373 2571 μαρτύριον
1425 2497 1725 2569 κληθέντες

109 2575 254 2636 “dub
285 2584 380 2652 τῆς
414 2582 703 2653 ἐκκλησίας
734 2580 942 2654 τύχωσι
971 2580 1106 2654 μετά
1135 2605 1305 2638 τινων
1335 2584 1448 2637 τῶν
1487 2578 1597 2636 ἀπὸ
1631 2582 1724 2648 τῆς

107 2659 261 2721 “miv
294 2668 538 2738 Φρυγῶν
579 2667 843 2738 αἱρέσεως
884 2667 1200 2738 λεγομένων
1238 2663 1564 2737 μαρτύρων,
1609 2668 1723 2718 δια-
1747 2684 1790 2715 30

111 2745 416 2822 “φέρονταί
441 2773 498 2806 τε
529 2748 665 2822 πρὸς
696 2747 896 2815 αὐτοὺς
928 2751 1020 2806 καὶ
1053 2749 1127 2822 μὴ
1151 2747 1595 2819 κοινωνήσαντες
1628 2743 1724 2800 αὐ-

111 2829 261 2899 “τοῖς
291 2835 658 2905 τελειοῦνται,
706 2831 797 2890 διὰ
826 2831 886 2890 τὸ
926 2833 999 2907 μὴ
1030 2831 1336 2905 βούλεσθαι
1377 2829 1726 2901 συγκαταθέ-
