1986 3152
295 103 396 153 223
975 97 1221 138 EUSEBII

286 222 575 287 σωτηρίαν.
637 218 685 269 2.
718 209 821 269 οὐκ
851 207 922 283 ἦν
955 211 1015 267 δε
1045 208 1151 283 ἄρα
1182 215 1343 268 τοῦτο
1374 213 1447 286 τῷ
1471 210 1752 288 μισοκάλῳ
1777 217 1894 270 δαί-

284 323 410 371 μονι
450 295 712 372 βασκάνῳ
753 293 869 351 ὄντι
909 294 1009 367 τὴν
1049 293 1224 366 φύσιν
1264 292 1478 352 οἰστόν
1532 291 1807 354 ἀπεδύετο
1838 298 1890 354 δ’

285 376 387 439 οὖν
427 373 621 452 αυθις,
665 384 915 446 ποικίλας
956 376 1050 444 τάς
1090 374 1225 435 καθ’
1258 376 1415 451 ἡμῶν
1445 378 1692 452 μηχανὰς
1725 381 1895 438 ἐπιτε-

286 464 578 539 χνώμενος.
643 465 731 519 ἐπὶ
771 465 909 534 γοῦν
949 466 1044 534 τῆς
1067 460 1351 535 Ῥωμαίων
1389 461 1598 529 πόλεως
1621 461 1895 521 Ἀπολλώ-

243 575 263 607 5
287 573 434 620 νιον,
477 546 657 621 ἄνδρα
698 549 810 604 τῶν
849 545 970 603 τότε
1001 550 1211 603 πιστῶν
1243 548 1332 603 ἐπὶ
1363 551 1587 622 παιδείᾳ
1617 549 1707 604 καὶ
1739 555 1894 620 φιλο-

285 640 455 708 σοφίᾳ
487 633 848 705 βεβοημένον,
883 632 971 687 ἐπὶ
1005 629 1359 704 δικαστήριον
1390 628 1529 702 ἄγει,
1563 633 1660 688 ἕνα
1688 634 1754 704 γε’
1773 656 1896 689 τινα

285 720 396 774 τῶν
436 722 514 783 εἰς
554 719 726 772 ταῦτα
770 717 1099 788 ἐπιτηδείων
1129 715 1281 791 αὐτῷ
1311 714 1587 772 διακόνων
1620 717 1708 772 ἐπὶ
1738 711 1896 790 κατη-

286 807 446 875 γορίᾳ
475 798 710 874 τάνδρὸς
743 802 968 872 ἐγείρας.
1040 803 1087 856 3.
1130 796 1254 855 ἀλλ’
1286 797 1314 855 ὁ
1345 799 1448 872 μὲν
1479 805 1719 866 δείλαιος
1750 800 1898 874 παρὰ

287 883 479 957 καιρὸν
509 882 611 955 τὴν
644 889 807 956 δίκην
839 881 1130 956 εἰσελθών,
1162 880 1245 940 ὅτι
1275 877 1347 957 μὴ
1381 886 1477 956 ζ’ήν
1509 881 1632 952 ἐξὸν
1661 875 1742 956 ήν
1762 883 1899 942 κατὰ

225 995 265 1026 10
288 966 574 1041 βασιλικὸν
613 966 746 1042 ὅρον
788 966 914 1034 τοὺς
954 970 1066 1024 τῶν
1105 971 1336 1024 τοιῶνδε
1375 967 1651 1040 μηνυτὰς,
1699 967 1900 1026 αὐτίκα

288 1052 621 1124 κατάγνυται
662 1051 727 1108 τά
765 1054 959 1124 σκέλη,
1002 1058 1315 1125 Περεννίου
1348 1057 1606 1109 δικαστοῦ
1637 1051 1899 1126 τοιαύτην
1963 1096 1965 1099 -

288 1133 408 1193 κατ’
445 1134 616 1192 αὐτοῦ
654 1139 843 1207 ψῆφον
882 1134 1299 1207 ἀπενέγκαντος.
1361 1140 1411 1191 4.
1453 1135 1481 1192 ὁ
1516 1139 1581 1192 δέ
1607 1161 1669 1209 γε
1699 1147 1902 1208 θεοφι-
1931 1186 1942 1202 ,

288 1223 543 1285 λέστατος
583 1218 819 1293 μάρτυς,
871 1218 1046 1275 πολλὰ
1087 1223 1332 1292 λιπαρῶς
1375 1218 1756 1287 ἱκετεύσαντος
1802 1223 1902 1278 τοῦ

291 1308 551 1361 δικαστοῦ
583 1306 674 1359 καὶ
705 1301 869 1374 λόγον
901 1300 1070 1360 αὐτὸν
1105 1306 1194 1360 ἐπὶ
1222 1310 1318 1376 τῆς
1350 1303 1662 1376 συγκλήτου
1693 1307 1899 1378 βουλῆς

225 1412 265 1445 15
289 1386 641 1460 αἰτήσαντος,
687 1385 1024 1459 λογιωτάτην
1064 1383 1205 1461 ὑπὲρ
1248 1381 1311 1460 ἧς
1343 1387 1636 1462 ἐμαρτύρει
1666 1395 1900 1456 πίστεως

290 1474 378 1530 ἐπὶ
420 1470 646 1529 πάντων
687 1469 990 1545 παρασχών
1028 1469 1334 1544 ἀπολογίαν
1376 1476 1650 1548 κεφαλικῇ
1678 1471 1900 1531 κολάσει
1941 1546 1947 1550 ⁴

290 1554 443 1635 ὦσάν
500 1555 607 1613 ἀπὸ
669 1554 936 1629 δόγματος
996 1555 1308 1629 συγκλήτου
1367 1560 1702 1631 τελειοῦται,
1763 1554 1896 1630 μηδ’

227 1695 229 1697 ,
290 1639 467 1706 ἄλλως
507 1639 777 1713 ἀφεῖσθαι
816 1638 943 1706 τούς
985 1637 1126 1708 ἅπαξ
1170 1647 1246 1707 εἰς
1289 1640 1644 1715 δικαστήριον
1675 1640 1900 1715 παριόν-

290 1749 385 1791 τας
434 1727 525 1781 καὶ
575 1727 838 1798 μηδαμῶς
891 1730 986 1796 τῆς
1027 1727 1345 1799 προθέσεως
1391 1727 1902 1799 μεταβαλλομένους

229 1834 269 1866 20
293 1809 523 1915 ἀρχαίου
554 1807 684 1882 παρ’
721 1807 909 1875 αὐτοῖς
939 1808 1114 1882 νόμου
1145 1808 1553 1883 κεκρατηκότος.
1614 1814 1661 1867 5.
1702 1809 1902 1868 τούτου

291 1918 392 1968 μεν
432 1895 534 1951 οὐν
574 1892 669 1960 τὰς
713 1895 800 1949 ἐπὶ
840 1917 938 1950 του
984 1897 1246 1951 δικαστοῦ
1287 1892 1477 1968 φωνάς
1517 1897 1609 1951 καὶ
1638 1894 1733 1960 τὰς
1764 1893 1903 1952 ἀπο-

293 1982 528 2049 κρίσεις,
582 1973 646 2043 ἀς
690 1975 825 2051 πρὸς
870 1980 1070 2035 πεῦσιν
1115 1983 1378 2051 πεποίητο
1421 1983 1521 2035 τοῦ
1569 1985 1900 2080 Περεννίου,

293 2059 478 2118 πᾶσάν
529 2084 586 2117 τε
635 2059 736 2133 τὴν
781 2059 916 2134 πρὸς
956 2061 1059 2133 τὴν
1101 2061 1411 2135 σύγκλητον
1451 2059 1756 2135 ἀπολογίαν
1793 2086 1902 2140 οτῳ

297 2150 599 2215 διαγνῶναι
643 2151 847 2216 φίλον,
904 2148 963 2202 ἐκ
1011 2149 1106 2217 τῆς
1145 2150 1259 2203 τῶν
1298 2145 1543 2220 ἀρχαίων
1581 2145 1930 2222 μαρτυρίωνῖ

231 2250 274 2284 25
297 2234 672 2300 συναχθείσης
701 2227 835 2301 ἡμῖν
865 2225 1190 2303 ἀναγραφῆς
1223 2240 1440 2287 εἴσεται.

424 2323 573 2371 XXII.
639 2321 764 2387 [Nic.
806 2324 862 2373 H.
904 2324 956 2372 E.
999 2324 1082 2380 lV,
1127 2322 1234 2390 19.]
1311 2314 1544 2392 Δεκάτῳ
1575 2338 1638 2387 γε
1669 2313 1780 2388 μὴν
1809 2320 1903 2387 τῆς

296 2394 558 2468 Κομόδου
599 2402 883 2468 βασιλείας
925 2402 1029 2454 ἔτει
1072 2399 1204 2454 δέκα
1244 2397 1379 2473 πρὸς
1418 2401 1601 2472 τρισὶν
1633 2405 1774 2457 ἔτεσι
1802 2399 1904 2472 τὴν

297 2480 602 2552 ἐπισκοπὴν
669 2479 1155 2554 λελειτουργηκότα
1209 2479 1535 2558 Ἐλευθερον
1596 2486 1903 2557 διαδέχεται

296 2568 539 2636 Βίκτωρ
586 2567 646 2620 ἐν
686 2578 728 2640 ςο
768 2567 859 2621 καὶ
884 2564 1188 2624 Ἰουλιανου
1232 2569 1461 2625 δέκατον
1503 2574 1619 2635 ἔτος
1657 2565 1901 2640 ἀναπλή-

233 2670 276 2703 30
300 2667 496 2713 σαντος
539 2653 650 2705 τῶν
691 2647 807 2704 κατ’
851 2646 1267 2724 Ἀλεξάνδρειαν
1309 2655 1614 2727 παροικιῶν
1651 2650 1754 2724 τὴν
1793 2659 1901 2708 λει-

297 2738 562 2806 τουργίαν
603 2735 950 2807 ἐγχειρίζεται
980 2733 1318 2839 Δημήτριρς·
1362 2733 1495 2794 καθ’
1537 2761 1635 2803 ους
1675 2739 1767 2793 καὶ
1807 2739 1926 2808 τῆξ

294 2812 614 2890 Ἀντιοχέων
656 2820 942 2890 ἐκκλησίας
981 2816 1174 2891 ὄγδοος
1213 2817 1319 2877 ἀπὸ
1358 2844 1470 2878 των
1507 2817 1829 2878 ἀποστόλων
1870 2816 1900 2876 ὁ
