1986 3152
271 130 373 182 378
954 129 1198 170 EUsEssn

272 263 371 318 στη
403 254 581 301 αἴτιον
601 288 615 315 ,
659 241 790 301 οὐδ’
823 244 1035 316 οἶκτος,
1080 243 1153 311 ὥς
1185 242 1257 301 ἂν
1287 251 1426 326 φαίη
1456 269 1564 316 τις,
1605 244 1638 318 ἢ
1671 255 1875 318 φιλαν-

269 334 497 401 θρωπία
526 334 643 385 τῶν
674 327 987 401 ἀρχόντων·
1021 334 1234 386 πολλοῦ
1258 333 1370 387 δεῖ·
1403 337 1575 386 πλείω
1603 330 1712 404 γὰρ
1733 329 1873 404 ὁση-

269 417 429 485 μέραι
460 414 552 469 καὶ
581 412 934 486 χαλεπώτερα
964 411 1216 486 ἀρχῆθεν
1239 419 1316 480 εἰς
1345 416 1522 470 ἐκεῖνο
1545 419 1646 471 τοῦ
1677 421 1873 486 καιροῦ

269 496 335 553 τοὶ
366 493 501 553 καθ’
534 495 695 569 ἡμῶν
725 495 915 564 αὐτοῖς
956 500 1269 568 ἐπενοεῖτο,
1311 501 1725 573 ποικιλωτέραις
1764 523 1868 572 μη-

226 600 247 631 5
270 595 465 653 χαναῐς
506 580 704 638 ἄλλοτε
746 579 926 648 ἄλλως
956 581 1052 647 τὰς
1083 579 1216 638 καθ’
1251 579 1411 654 ἡμῶν
1443 588 1626 649 αἰκίας
1660 586 1875 640 ἐπικαι-

269 665 692 738 νουργούντων·
749 664 873 722 ἀλλ’
929 662 1105 738 αὐτῆς
1159 689 1222 736 γε
1264 671 1361 738 τῆς
1402 672 1565 732 θείας
1607 674 1875 741 προνοίας

268 749 521 822 ἐμφανὴς
544 747 576 822 ἡ
604 752 905 822 ἐπίσκεψις,
936 755 1012 825 τῷ
1038 750 1142 823 μὲν
1165 748 1337 822 αὐτῆς
1368 752 1876 824 καταλλαττομένης

270 839 405 909 λαῷ,
438 840 515 909 τῷ
541 833 598 890 δ’
628 832 880 908 αὐθέντῃ
903 841 1017 890 τῶν
1047 837 1235 891 κακῶν
1261 833 1582 908 ἐπεξιούσης
1603 837 1695 892 καὶ
1718 858 1875 909 πρω-

267 918 502 992 τοστάτῃ
542 922 640 991 τῆς
682 924 782 975 τοῦ
822 917 1029 983 παντὸς
1071 923 1322 991 διωγμοῦ
1351 927 1546 985 κακίας
1580 922 1872 992 ἐπιχολου<

206 1024 246 1055 ιο
269 1003 455 1074 μένης.
536 1006 584 1058 3.
641 1003 734 1059 καὶ
773 1002 881 1076 γὰρ
923 1012 980 1059 εἴ
1014 1026 1064 1058 τι
1107 998 1266 1059 ταῦτ’
1312 1005 1479 1075 ἐχρῆν
1523 1003 1662 1060 κατὰ
1706 1010 1877 1060 θείαν

271 1088 534 1157 γενέσθαι
563 1093 774 1158 κρίσιν,
807 1085 949 1143 ἀλλα
980 1085 1143 1156 οὐαὶ,
1176 1088 1350 1159 φησὶν
1382 1085 1410 1143 ὁ
1443 1087 1639 1157 λόγος,
1688 1087 1766 1143 δι’
1801 1081 1872 1144 οὗ

267 1170 327 1226 τὸ
362 1170 678 1226 σκάνδαλον
709 1177 936 1243 ἔρχεται.
987 1171 1191 1243 μέτεισι
1222 1175 1365 1241 γοῦν
1395 1166 1572 1228 αὐτὸν
1601 1171 1874 1243 θεήλατος

269 1254 520 1322 κόλασις,
569 1257 622 1321 ἐξ
654 1252 830 1326 αὐτῆς
864 1253 1044 1311 αὐτοῦ
1075 1256 1460 1328 καταρξαμένη
1491 1254 1726 1329 σαρκὸς,
1780 1257 1875 1311 καὶ

267 1339 424 1414 μέχρι
468 1343 563 1410 τῆς
610 1344 790 1411 ψυχῆς
837 1343 1208 1412 προελθοῦσα.
1282 1343 1331 1395 4.
1390 1337 1574 1411 ἀθρόα
1618 1339 1722 1412 μὲν
1763 1339 1871 1413 γὰρ

208 1442 245 1473 ι5
270 1423 396 1495 περὶ
425 1421 490 1478 τοὶ
519 1424 662 1495 μέσα
691 1429 806 1480 τῶν
846 1421 1179 1495 ἀπορρήτων
1209 1428 1308 1479 τοῦ
1340 1423 1592 1497 σώματος
1621 1420 1874 1480 ἀπόστα-

268 1524 351 1572 σις
394 1513 602 1578 γίνεται
642 1505 823 1584 αὐτῷ,
870 1505 983 1564 εἶθ’
1019 1510 1175 1573 ἕλκος
1218 1510 1278 1564 ἐν
1306 1507 1472 1579 βάθει
1502 1512 1870 1582 συριγγῶδες,

267 1592 360 1646 καὶ
389 1591 605 1647 τούτων
635 1590 860 1658 ἀνιάτος
886 1590 1027 1665 νομὴ
1050 1591 1187 1648 κατὰ
1213 1597 1327 1648 τῶν
1357 1592 1631 1648 ἐνδοτάτω
1657 1593 1874 1662 σπλάγ-

267 1699 447 1748 χνων,
491 1673 589 1747 ἀφ’
637 1670 718 1732 οἷν
757 1675 990 1733 ἄλεκτόν
1028 1699 1079 1732 τι
1119 1681 1337 1748 πλῆθος
1379 1676 1685 1748 σκωλήκων
1726 1677 1872 1749 βρύ-

265 1782 374 1831 ειν,
425 1761 727 1833 θανατωδη
778 1783 834 1818 τε
889 1759 1069 1834 ὀδμὴν
1118 1759 1450 1832 ἀποπνέειν,
1505 1766 1606 1816 τοῦ
1662 1761 1871 1826 παντὸς

203 1863 244 1894 20
268 1843 438 1915 ὄγκου
479 1849 592 1900 τῶν
635 1845 905 1917 σωμάτων
950 1849 1009 1901 ἐκ
1040 1851 1418 1918 πολυτροφίας
1449 1841 1600 1921 αὐτῷ
1642 1846 1736 1901 καὶ
1765 1844 1874 1917 πρὸ

266 1934 363 2000 τῆς
393 1928 566 1984 νόσου
601 1935 678 1994 είς
710 1927 1030 2002 ὑπερβολὴν
1064 1929 1319 2001 πλήθους
1362 1934 1594 2002 πιμελῆς
1637 1935 1874 2002 μεταβε-

267 2013 560 2084 βληκότος,
594 2011 664 2085 ἢν
686 2013 809 2070 τότε
835 2027 1253 2071 κατασαπεῐσαν
1277 2011 1563 2115 ἀφόρητον
1593 2014 1686 2070 καὶ
1708 2037 1874 2086 φρικ-

266 2095 517 2196 τοτατην
530 2110 645 2163 τοις
675 2098 1032 2170 πλησιάζουσι
1060 2099 1320 2170 παρέχειν
1349 2097 1452 2169 τὴν
1480 2101 1639 2154 θέαν.
1699 2102 1749 2153 5.
1786 2103 1875 2153 ία-

267 2183 416 2251 τρῶν
458 2175 517 2234 δ’
551 2183 654 2236 οὐν
699 2186 757 2237 oc
794 2181 899 2252 μὲν
940 2179 1068 2237 οὐδ’
1104 2180 1246 2246 ὅλως
1286 2175 1585 2253 ὑπομεῖναι
1627 2169 1729 2253 τὴν
1768 2187 1871 2237 τοῦ

205 2282 246 2314 25
271 2263 564 2329 δυσώδους
614 2260 1093 2337 υπερβάλλουσαν
1137 2261 1376 2320 ἀτοπίαν
1436 2261 1550 2321 οἷοί
1594 2287 1653 2321 τε
1711 2287 1874 2322 κατε-

270 2346 608 2419 σφάττοντο,
653 2352 711 2404 οἶ
745 2349 807 2405 δὲ
839 2348 1173 2425 διωδηκότος
1203 2353 1305 2404 τοῦ
1337 2348 1547 2415 παντὸς
1578 2345 1751 2420 ὄγκου
1782 2350 1875 2405 καὶ

270 2437 348 2497 εἰς
379 2429 709 2488 ἀνέλπιστον
739 2439 1013 2505 σωτηρίας
1055 2431 1516 2499 ἀποπεπτωκότος
1546 2434 1723 2506 μηδὲν
1754 2436 1875 2490 ἐπι-

268 2527 495 2587 κουρεῖν
537 2516 838 2589 δυνάμενοι
888 2516 1137 2590 ἀνηλεῶς
1180 2519 1506 2574 ἐκτείνοντο.

410 2610 551 2660 XV11.
630 2611 759 2677 [Nic.
802 2613 861 2662 Η.
904 2613 957 2662 Ε.
1000 2612 1095 2672 Vll,
1136 2609 1222 2661 22.
1261 2610 1371 2678 23]
1450 2601 1561 2657 Καὶ
1581 2600 1650 2673 δὴ
1670 2601 1874 2659 τοσουῖ-

117 2702 130 2710 “
204 2702 246 2734 3ο
271 2706 381 2750 τοις
429 2691 684 2741 παλαίων
736 2699 925 2752 κακοῖς
979 2692 1356 2758 συναίσθησιν
1412 2691 1527 2742 τῶν
1579 2684 1716 2742 κατά
1761 2691 1876 2742 τῶν

383 2881 432 2919 11
465 2878 630 2922 Matth.
655 2880 728 2930 18,
753 2881 790 2920 7.
911 2881 961 2920 17
993 2879 1161 2924 Euseb.
1186 2881 1293 2921 Vita
1316 2878 1558 2920 Constant.
1585 2880 1620 2928 1,
1643 2879 1711 2919 57.
