1986 3152
255 118 359 170 406
929 119 1176 161 EUSEBII

256 241 411 309 πυρᾷ
460 234 558 290 τὸν
609 241 736 305 βίον
787 235 1253 308 συνεξελήλυθεν.
1341 235 1483 293 ἀλλὰ
1531 243 1708 295 ταῦτα
1758 238 1864 312 μὲν

253 319 444 393 ταύτῃ.

381 415 460 463 ΧΙ.
523 402 732 478 Καιρὸς
763 408 902 476 δῆτα
943 411 1106 460 καλεῖ
1139 403 1201 461 τὸ
1239 406 1380 478 μέγα
1410 407 1504 462 καὶ
1534 407 1864 480 περιβόητον

253 488 609 562 ἀνιστορῆσαι
637 489 879 562 θέατρον
908 492 1022 545 τῶν
1046 487 1191 562 ἀμφὶ
1221 489 1283 547 τὸ
1307 490 1647 563 τριπόθητον
1678 497 1860 564 ἔμοιγε

210 597 230 630 5
256 572 431 646 ὄνομα
472 579 779 646 Παμφίλου
810 575 1247 631 τελειωθέντων·
1294 574 1514 631 δώδεκα
1544 573 1600 631 δ’
1633 569 1779 648 ἦσαν
1810 581 1867 633 οἷ

254 659 486 729 πάντες,
541 663 889 731 προφητικοῦ
928 681 1076 725 τινος
1104 657 1138 731 ἢ
1170 660 1265 715 καὶ
1294 657 1665 717 άποστολικοῦ
1697 667 1859 734 χαρί-

255 761 456 816 σματος
508 744 603 799 καὶ
645 740 890 815 ἀριθμοῦ
929 746 1339 817 κατηξιωμένοι.
1399 748 1450 800 2.
1498 739 1579 801 ὧν
1626 742 1856 819 ὁκορυ-

253 841 418 901 φαῐος
459 829 553 883 καὶ
593 831 662 901 τῇ
692 833 796 883 τοῦ
836 827 974 884 κατὰ
1005 829 1346 903 Καισάρειαν
1387 834 1686 903 πρεσβείου
1729 835 1861 904 τιμῇ

252 913 662 985 κεκοσμημένος
701 911 872 984 μόνος
917 913 1220 986 ἐτύγχανεν
1261 912 1289 970 ὁ
1333 912 1659 987 Πάμφιλος,
1717 912 1861 988 ἀνὴρ

190 1023 231 1055 10
253 998 347 1053 καὶ
406 995 540 1070 παρ’
603 996 737 1053 ὅλον
790 992 970 1054 αὐτοῦ
1020 998 1120 1054 τὸν
1170 1004 1297 1070 βίον
1349 999 1499 1073 πάσῃ
1554 1001 1861 1073 διαπρέψας

252 1080 451 1155 ἀρετῇ,
517 1078 775 1148 άποτάξει
825 1083 918 1136 καὶ
968 1083 1378 1156 καταφρονήσει
1427 1089 1586 1155 βίου,
1640 1089 1710 1157 τῇ
1761 1089 1860 1156 τῆς

251 1165 448 1231 οὐσίας
480 1172 558 1231 εἰς
592 1168 800 1232 ἐνδεεῖς
831 1172 1125 1241 κοινωνίᾳ,
1158 1173 1441 1240 κοσμικῶν
1465 1169 1710 1233 ἐλπίδων
1739 1165 1860 1224 όλι-

250 1256 459 1325 γωρία,
502 1248 796 1327 φιλοσόφῳ
829 1257 1078 1326 πολιτεία
1108 1252 1202 1307 καὶ
1233 1250 1488 1324 ἀσκήσει·
1530 1252 1766 1325 μάλιστα
1796 1252 1859 1309 δὲ

251 1334 401 1408 παρὰ
441 1334 573 1401 τούς
614 1331 750 1391 καθ’
784 1333 929 1408 ἡμᾶς
975 1336 1188 1402 πάντας
1229 1337 1492 1410 διέπρεπε
1533 1342 1602 1411 τῇ
1635 1337 1858 1412 περὶτὰ

186 1444 228 1478 15
250 1429 382 1477 θεῖα
412 1420 569 1492 λόγια
610 1419 958 1494 γνησιωτάτη
1002 1425 1257 1496 σπουδῇ,
1299 1419 1520 1498 ἀτρύτῳ
1565 1445 1624 1478 τε
1665 1423 1794 1496 περὶ
1825 1420 1858 1477 ἃ

249 1505 535 1579 προύθετο
565 1511 895 1579 φιλοπονία,
931 1506 1025 1561 καὶ
1054 1511 1123 1580 τῇ
1155 1507 1286 1581 περὶ
1314 1505 1448 1573 τούς
1473 1504 1858 1580 προσήκοντας

248 1591 341 1646 καὶ
373 1589 583 1655 πάντας
612 1589 743 1656 τούς
774 1589 928 1667 αὐτῷ
959 1591 1355 1663 πλησιάζοντας
1381 1589 1650 1667 ὠφελείᾳ·
1706 1594 1756 1647 3.
1789 1586 1859 1648 οὗ

247 1674 314 1730 τοὶ
345 1673 507 1731 λοιπὰ
537 1678 634 1746 τῆς
658 1673 855 1748 ἀρετῆς
879 1676 1315 1750 κατορθώματα,
1347 1677 1690 1751 μακροτέρας
1720 1675 1857 1733 ὄντα

248 1759 583 1832 διηγήσεως,
617 1758 705 1816 ἐπ’
737 1764 883 1826 ἰδίας
913 1765 1011 1832 τῆς
1041 1766 1143 1817 τοῦ
1166 1760 1287 1817 κατ’
1316 1759 1492 1818 αὐτὸν
1522 1760 1857 1827 ὑποθέσεως

183 1869 226 1902 20
248 1850 376 1916 βίου
418 1849 640 1918 γραφῆς
682 1847 744 1901 ἐν
783 1846 966 1919 τρισὶν
1005 1845 1114 1918 ἤδη
1167 1843 1444 1921 πρότερον
1493 1844 1858 1919 ὑπομνήμασι

248 1926 739 2002 παραδεδώκαμεν.
812 1929 954 1986 ἄλλα
993 1930 1101 2004 γὰρ
1136 1929 1221 1987 ἐπ’
1261 1933 1446 1988 ἐκεῖνα
1475 1930 1609 1997 τούς
1639 1936 1857 2003 φιλοτί-

247 2038 362 2086 μως
414 2015 505 2070 καὶ
557 2019 734 2071 ταῦτα
785 2018 991 2072 εἰδέναι
1042 2021 1267 2088 ἔχοντας
1319 2014 1746 2088 άναπέμψαντες
1789 2015 1856 2072 τὰ

248 2103 362 2154 νῦν
405 2099 660 2171 ἐχώμεθα
699 2105 799 2171 τῆς
839 2100 979 2156 κατὰ
1017 2099 1148 2167 τούς
1177 2100 1466 2174 μάρτυρας
1496 2098 1853 2165 ἀκολουθίας.

246 2186 294 2239 4.
344 2181 606 2255 δεύτερος
648 2183 783 2255 μετὰ
825 2184 1125 2257 Πάμφιλον
1167 2185 1258 2241 ἐπὶ
1297 2184 1396 2241 τὸν
1430 2183 1623 2255 άγῶνα
1653 2183 1856 2258 παρῄει

182 2290 226 2323 25
249 2271 574 2341 [690759855617
628 2273 793 2342 πολιᾷ
851 2269 1205 2341 τετιμημένος
1261 2266 1519 2342 Οὐάλης,
1579 2273 1692 2325 τῶν
1745 2267 1853 2325 ἀπὸ

247 2358 449 2418 Αίλίας
483 2351 768 2423 διάκονος,
824 2351 969 2427 αὐτῇ
1010 2353 1283 2427 προσόψει
1314 2353 1647 2426 σεμνότατος
1678 2371 1850 2427 πρεσ-

244 2437 450 2509 βύτης,
491 2441 606 2492 τῶν
634 2443 812 2493 θείων
844 2442 1079 2511 γραφῶν
1113 2444 1165 2494 εί
1191 2445 1290 2495 καί
1314 2462 1395 2504 τις
1427 2437 1592 2504 ἄλλος
1629 2438 1850 2511 ἐπιστή-

243 2539 392 2595 μων·
447 2521 719 2588 τοσαύτας
756 2523 826 2593 γέ
860 2546 943 2579 τοι
983 2523 1200 2596 μνήμας
1243 2521 1431 2580 αὐτῶν
1479 2524 1855 2597 ἐνεστέρνιστο

247 2601 325 2672 ὥς
356 2605 430 2679 μὴ
473 2608 659 2663 ἐνδεῖν
697 2612 794 2679 τῆς
838 2605 946 2664 ἀπὸ
990 2608 1332 2681 γραμμάτων
1375 2605 1703 2680 ἐντεύξεως,
1755 2611 1854 2681 τῆς

183 2713 227 2748 30
251 2701 305 2748 εἴ
339 2713 471 2748 ποτε
511 2691 673 2763 λάβοι
711 2697 930 2766 γραφῆς
982 2692 1164 2750 οἴασδ’
1209 2687 1317 2750 οὖν
1358 2691 1854 2766 ἀπομνημονεῦσαι
1926 2743 1944 2749 ,

247 2776 548 2844 διεξόδους.
590 2779 638 2832 5.
671 2782 854 2851 τρίτος
879 2775 907 2833 ὁ
931 2778 1418 2853 θερμουργότατος
1447 2778 1543 2833 καὶ
1571 2782 1650 2854 τῷ
1674 2776 1854 2835 πνεύ-

247 2885 374 2933 ματι
404 2863 538 2930 ζέων
569 2859 680 2919 ἀπὸ
704 2867 800 2934 τῆς
819 2859 1112 2935 Ἰαμνιτῶν
1135 2861 1350 2930 πόλεως
1375 2865 1436 2919 ἐν
1461 2860 1650 2929 αὐτοῖς
1676 2865 1846 2935 ἐγνω-
