2032 3174
352 157 388 196 L
910 126 915 130 ⁴
1055 154 1179 195 OAP.
1211 157 1250 196 3.

348 265 576 333 gradum
641 264 739 332 (B.
802 264 1036 334 gradus)
1104 264 1386 333 dignitatis
1449 265 1663 336 adepti,
1736 274 1790 318 et
1859 285 1955 336 per

348 368 532 402 omnes
596 355 802 401 aetates
865 348 1009 418 apud
1074 366 1198 400 suos
1259 348 1478 402 honoris
1540 349 1700 401 laude
1760 350 1952 403 nobili-

347 435 447 486 tati
486 440 683 499 essent,
724 451 813 486 eos
854 434 945 502 qui
983 433 1223 502 ipsorum
1261 434 1517 502 potestati
1557 434 1762 487 subditi
1802 443 1955 488 erant

349 536 586 588 unquam
644 517 982 570 Christianos
1045 517 1476 587 cognominavit,
1540 537 1609 570 ex
1670 518 1762 572 illo
1825 527 1955 591 typo

348 609 536 655 mutuo
593 602 685 672 qui
742 601 889 671 apud
947 620 1039 655 eos
1083 602 1153 653 in
1207 620 1309 654 usu
1367 610 1512 670 erat3
1573 603 1669 655 sed
1724 622 1791 655 ne
1849 603 1955 655 cul-

347 694 461 739 tum
511 685 729 756 quidem
777 704 809 737 a
847 686 1111 757 subjectis
1160 687 1446 756 quisquam
1485 704 1670 739 eorum
1709 694 1792 739 est
1829 705 1953 740 con-

349 777 603 823 secutus:
678 788 778 822 nec
838 788 968 823 vero
1030 779 1152 841 post
1214 789 1396 823 eorum
1458 779 1687 824 mortem
1750 778 1956 824 tantam

346 855 403 906 in
451 873 542 907 eos
591 855 789 907 amoris
844 856 1262 925 propensionem
1321 856 1700 922 ostenderunt,
1758 865 1819 908 ut
1873 874 1955 908 eo-

350 958 470 991 rum
508 941 687 1008 gratia
723 947 949 993 mortem
988 947 1242 1010 oppetere
1279 940 1456 1010 parati
1497 947 1693 992 essent.
1768 940 1957 1010 Neque

348 1023 443 1077 ulli
494 1025 734 1093 gentium
796 1026 896 1078 sub
955 1024 1103 1077 coelo
1158 1025 1466 1093 degentium
1517 1031 1671 1076 tanta
1719 1043 1957 1095 unquam

348 1108 603 1162 contritio
653 1109 850 1161 accidit
896 1117 1118 1180 propter
1165 1108 1332 1162 ullum
1372 1129 1440 1162 ex
1478 1109 1785 1176 veteribuS,
1831 1110 1960 1180 quia

347 1200 510 1264 typus
547 1211 822 1264 nunquam
861 1201 1070 1247 tantam
1109 1195 1220 1248 vim
1268 1195 1374 1247 sibi
1411 1201 1850 1264 comparaverat,
1899 1200 1960 1245 ut

348 1285 562 1331 tantum
625 1279 837 1348 operari
898 1285 1110 1349 posset,
1184 1285 1442 1348 quantum
1503 1279 1707 1331 veritas
1773 1278 1956 1348 (ipsa)

348 1381 445 1434 per
483 1362 823 1415 Salvatorem
860 1370 1102 1415 nostrum
1143 1362 1417 1429 exhibuit,
1465 1365 1495 1428 ξ
1538 1364 1616 1415 11.
1657 1362 1750 1432 qui
1785 1380 1958 1432 neque

349 1446 652 1518 symbolum
703 1448 800 1515 (Β.
843 1446 1122 1517 symbola)
1169 1466 1342 1518 neque
1389 1454 1580 1517 typum
1623 1447 1720 1516 (Β.
1761 1448 1957 1517 typos)

349 1532 542 1584 summi
590 1532 882 1584 sacerdotii
931 1532 1000 1584 ab
1046 1531 1154 1585 ullo
1203 1540 1512 1602 acceperat,
1564 1549 1738 1601 neque
1784 1549 1957 1583 sacer-

350 1615 518 1669 dotali
557 1635 755 1684 genere
794 1617 1089 1669 secundum
1129 1634 1344 1668 carnem
1384 1623 1499 1668 erat
1537 1615 1795 1668 oriundus
1807 1655 1820 1682 ,
1868 1634 1957 1668 ne-

349 1718 452 1770 que
500 1717 597 1770 per
643 1700 885 1754 homines
935 1702 1099 1752 armis
1138 1701 1429 1752 instructos
1470 1699 1540 1752 ad
1579 1717 1804 1769 regnum
1844 1707 1960 1752 erat

349 1791 598 1851 evectUS,
647 1802 820 1855 neque
865 1784 1130 1856 propheta
1173 1791 1417 1838 veterum
1457 1786 1567 1837 ritu
1605 1784 1783 1837 factus
1824 1792 1957 1851 erat,

349 1886 520 1938 neque
567 1867 679 1920 ulla
725 1869 961 1938 dignitas
1009 1877 1105 1923 aut
1150 1876 1389 1940 potestas
1439 1870 1487 1920 ei
1535 1868 1680 1939 apud
1720 1868 1957 1922 Judaeos

349 1960 482 2006 erat.
557 1953 665 2006 Sed
708 1972 816 2006 non
850 1953 1031 2024 typice
1066 1952 1163 2005 sed
1190 1954 1358 2023 (ipsa)
1389 1955 1614 2006 veritate
1652 1953 1957 2006 omnimodo

335 2057 384 2089 ⁴a
420 2045 576 2108 patre
624 2045 918 2091 exornatus
967 2046 1065 2090 est.
1152 2042 1183 2105 ξ
1227 2039 1309 2090 12.
1370 2038 1445 2091 Ut
1475 2040 1593 2109 jam
1641 2057 1805 2110 supra
1843 2037 1959 2090 dixi

349 2141 456 2174 non
483 2131 544 2175 ut
569 2122 656 2174 hic
683 2123 863 2174 onmia
888 2121 1022 2175 haec
1048 2130 1384 2189 consecutUS,
1414 2131 1467 2175 et
1492 2131 1782 2194 propterea
1808 2121 1958 2174 Chri-

351 2215 465 2259 stus
514 2207 926 2275 cognominatus
975 2214 1079 2273 est,
1138 2206 1234 2273 (B.
1274 2208 1401 2276 sed)
1457 2207 1600 2278 quod
1648 2207 1793 2259 solus
1841 2206 1959 2276 ipse

351 2309 511 2343 verus
552 2291 826 2356 Christus,
879 2299 932 2343 et
978 2292 1276 2344 secundum
1324 2292 1496 2362 ipsius
1547 2310 1741 2345 nomen
1781 2308 1957 2344 sacro-

351 2384 598 2429 sanctum
655 2383 707 2427 et
769 2374 1066 2444 gloriosum
1127 2377 1431 2430 nominavit
1486 2383 1539 2428 et
1593 2375 1843 2446 implevit
1903 2376 1959 2427 in

352 2461 608 2514 universo
671 2459 801 2513 orbe
865 2458 1224 2513 Christianos.
1332 2461 1526 2531 Itaque
1597 2479 1706 2513 non
1767 2468 1957 2531 typum

353 2545 450 2612 (Β.
490 2546 686 2615 typos)
745 2561 919 2614 neque
966 2544 1129 2597 etiam
1185 2545 1478 2613 imaginem
1530 2545 1622 2596 sed
1672 2545 1958 2597 veritatem

350 2627 648 2681 revelatam
703 2636 756 2681 et
814 2628 1178 2681 institutiones
1240 2630 1454 2682 divinas
1514 2636 1675 2698 atque
1723 2627 1960 2696 gloriosa

353 2731 451 2764 sua
488 2713 750 2766 mandata
787 2713 881 2780 iis,
921 2714 1010 2783 qui
1036 2714 1138 2783 ipsi
1165 2704 1524 2766 obedientiam
1553 2713 1957 2783 praestiterunt,

352 2797 605 2864 tradidit,
646 2800 678 2863 ξ
707 2798 789 2849 13.
818 2805 871 2850 et
909 2797 1244 2864 unctionem,
1283 2815 1391 2850 non
1430 2816 1547 2850 eam
1586 2813 1723 2866 quae
1762 2814 1831 2847 ex
1866 2813 1958 2846 1111-

351 2882 567 2949 guentis
617 2883 983 2951 componitur,
1035 2882 1130 2934 sed
1179 2883 1331 2951 (eam
1371 2882 1531 2951 quae)
1570 2899 1665 2951 per
1704 2880 1959 2949 spiritum
