1986 3152
270 125 374 176 422
414 172 420 178 .
947 124 1194 167 EUSEBII

270 265 326 298 τε
358 241 552 314 φέρειν
583 238 612 297 ὁ
643 240 951 312 τύραννος,
992 240 1292 312 μισόκαλος
1335 243 1388 306 ἐς
1419 240 1484 297 τοὶ
1516 242 1753 315 μάλιστα
1785 244 1880 299 καὶ

270 326 497 381 πάντων
551 320 789 396 ἀγαθῶν
842 327 1137 396 ἐπίβουλος
1190 323 1490 398 ὑπάρχων,
1545 324 1613 382 ὃν
1667 332 1880 401 ἔφαμεν

269 415 383 465 τῶν
428 407 516 464 ἐπ’
564 406 838 481 ἀνατολῆς
884 407 1074 482 ἄρχειν
1116 414 1333 482 μερῶν,
1385 407 1515 466 οὐδ’
1569 410 1737 477 ὅλους
1787 413 1879 468 ἐπὶ

269 499 448 566 μῆνας
481 495 534 560 ἓξ
566 498 767 549 τοῦτον
802 495 1174 549 ἐπιτελεῖσθαι
1202 491 1301 550 τὸν
1329 493 1542 566 τρόπον
1584 493 1876 568 ἠνέσχετο·

227 597 247 629 5
271 577 375 634 ὅσα
416 574 468 633 δ’
506 571 612 633 οὖν
653 575 791 651 πρὸς
837 575 1161 651 ἀνατροπὴν
1201 582 1298 649 τῆς
1341 578 1565 652 εἰρήνης
1615 602 1878 652 μηχανω-

268 685 433 735 μενος
486 667 711 735 πρῶτον
750 662 854 734 μὲν
885 670 1093 735 εἴργειν
1122 660 1266 734 ἡμᾶς
1311 667 1407 734 τῆς
1441 665 1502 718 ἐν
1532 675 1648 729 τοῖς
1679 687 1878 737 κοιμη-

267 752 476 820 τηριόις
519 745 768 802 συνόδου
813 745 904 802 δια
936 746 1269 819 προφάσεως
1302 750 1583 820 πειρᾶται,
1629 747 1745 804 εἶτα
1787 748 1878 804 διοὲ

266 854 435 887 τινων
487 835 752 904 πονηρῶν
805 829 1036 903 ἀνδρῶν
1085 829 1256 896 αὐτὸς
1310 833 1486 908 ἑαυτῷ
1538 830 1673 888 καθ’
1717 831 1878 905 ἡμῶν

269 914 661 989 πρεσβεύεται,
703 914 837 981 τούς
876 913 1200 987 Ἀντιοχέων
1241 922 1469 982 πολίτας
1513 917 1876 991 παρορμήσας

207 1018 247 1050 10
271 1000 362 1055 ἐπὶ
393 998 452 1056 τὸ
484 1003 751 1072 μηδαμῶς
791 1023 914 1056 τινα
946 1004 1296 1072 Χριστιανῶν
1334 999 1439 1072 τὴν
1480 998 1669 1057 αὐτῶν
1700 1006 1878 1057 οἰκεῖν

270 1085 662 1157 ἐπιτρέπεσθαι
713 1088 956 1158 πατρίδα
1009 1082 1083 1149 ῶς
1131 1086 1190 1140 ἐν
1240 1090 1473 1157 μεγίστῃ
1518 1089 1701 1159 δωρεᾷ
1741 1084 1874 1158 παρ’

267 1166 447 1224 αὐτοῦ
477 1180 668 1240 τυχεῖν
699 1166 959 1238 ἀξιῶσαι,
991 1168 1084 1223 καὶ
1117 1169 1337 1242 ἑτέρους
1369 1167 1431 1224 δὲ
1453 1166 1623 1224 ταύτὸ
1656 1168 1876 1240 ὑποβα-

268 1260 389 1308 λεῖν
421 1252 857 1325 διαπράξασθαι·
903 1246 983 1308 ῶν
1023 1252 1250 1309 πάντων
1292 1248 1536 1326 οἷρχηγός
1583 1252 1671 1309 ἐπ’
1707 1251 1878 1326 αὐτῆς

263 1333 598 1410 Ἀντιοχείας
644 1336 939 1409 ἐπιφύεται
992 1336 1323 1409 Θεότεκνος,
1377 1336 1558 1403 δεινὸς
1610 1338 1704 1393 καὶ
1743 1337 1878 1410 γόης

204 1438 245 1470 15
268 1422 362 1477 καὶ
391 1421 637 1494 πονηρὸς
668 1419 839 1495 ἀνὴρ,
880 1421 975 1477 καὶ
1003 1426 1100 1493 τῆς
1131 1428 1530 1495 προσωνυμίας
1561 1419 1875 1496 ἀλλότριος·

269 1506 446 1563 ἐδόκει
477 1507 539 1563 δὲ
571 1505 918 1577 λογιστεύειν
947 1503 1015 1562 τοὶ
1047 1505 1186 1562 κατα
1217 1505 1319 1578 τὴν
1358 1505 1537 1562 πόλιν.

394 1602 475 1650 ΙΙΙ.
548 1597 796 1648 Πλεῖστα
837 1589 893 1645 δ’
942 1584 1107 1656 οὗτος
1149 1589 1283 1647 καθ’
1327 1588 1489 1663 ἡμῶν
1530 1590 1874 1664 στρατευσά-

265 1698 458 1747 μενος,
514 1676 606 1730 καὶ
647 1675 830 1731 πάντα
869 1675 1079 1748 τρόπον
1130 1674 1264 1741 τούς
1304 1669 1635 1747 ἡμετέρους,
1690 1674 1876 1749 ῶσπερ

267 1759 422 1826 τινας
475 1762 670 1834 φῶρας
723 1757 1031 1831 ἀνοσίους,
1097 1761 1156 1815 ἐκ
1207 1763 1406 1832 μυχῶν
1455 1764 1733 1834 θηρεῦσαι
1785 1759 1876 1816 διὰ

204 1862 246 1894 20
271 1849 520 1917 σπουδῆς
573 1846 970 1917 πεποιημένος,
1024 1843 1203 1900 πάντα
1254 1867 1314 1900 τε
1367 1844 1455 1900 ἐπὶ
1498 1848 1732 1917 διαβολῇ
1784 1845 1878 1900 καὶ

265 1935 571 2004 κατηγορία
612 1934 680 2002 τῇ
722 1927 860 1986 καθ’
894 1924 1057 2001 ἡμῶν
1097 1929 1584 2002 μεμηχανημένος,
1626 1929 1722 1984 καὶ
1762 1937 1874 1984 θα-

265 2014 437 2069 νάτου
470 2023 641 2079 αἴτιος
671 2020 893 2086 μυρίοις
927 2012 1079 2079 ὅσοις
1111 2012 1360 2085 γεγονῶς
1399 2017 1676 2070 τελευτῶν
1707 2017 1875 2069 εἴδω-

265 2097 364 2152 λόν
403 2120 452 2152 τι
493 2096 864 2169 Διὸςφιλίου
903 2104 1266 2170 μαγγανείαις
1306 2098 1417 2154 τισὶ
1467 2098 1561 2152 καὶ
1602 2103 1876 2168 γοητείαις

267 2181 539 2253 ἱδρύεται,
593 2181 811 2247 τελετάς
852 2204 910 2237 τε
957 2180 1240 2252 ἆνοὲγνους
1292 2179 1448 2255 αὐτῷ
1501 2181 1594 2236 καὶ
1642 2180 1873 2253 μυήσεις

204 2281 245 2313 25
268 2262 730 2338 ἀκαλλιερήτους,
767 2267 1090 2335 ἐξαγίστους
1118 2287 1177 2321 τε
1200 2263 1528 2339 καθαρμούς
1562 2265 1902 2336 ἐπινοήσαςλ

267 2351 423 2422 μέχρι
479 2351 571 2405 καὶ
623 2350 892 2420 βασιλέως
947 2349 1052 2420 τὴν
1104 2355 1391 2424 τερατείαν
1442 2347 1514 2405 δι’
1567 2343 1647 2405 ῶν
1701 2349 1878 2406 ἐδόκει

268 2439 531 2507 χρησμῶν
586 2436 827 2490 ἐκτελεῖν
884 2436 1263 2490 ἐπεδείκνυτο·
1319 2434 1414 2489 καὶ
1457 2430 1525 2505 δὴ
1567 2434 1661 2489 καὶ
1712 2427 1876 2499 οὗτος

268 2525 531 2593 κολακεία
571 2524 640 2592 τῇ
672 2517 806 2574 καθ’
842 2514 1059 2590 ἡδονὴν
1098 2523 1199 2575 τοῦ
1231 2522 1573 2592 κρατοῦντος
1606 2519 1876 2592 ἐπεγείρει

268 2601 407 2659 κατὰ
449 2608 799 2675 Χριστιανῶν
850 2602 951 2659 τὸν
1004 2607 1272 2676 δαίμονα,
1325 2603 1418 2658 καὶ
1468 2601 1570 2659 τὸν
1619 2599 1760 2659 θεὸν
1803 2600 1871 2672 δὴ

204 2704 245 2735 30
268 2692 539 2744 κελεῦσαί
587 2706 788 2760 φησιν,
840 2685 1176 2761 ὑπερορίους
1227 2693 1325 2759 τῆς
1375 2686 1590 2752 πόλεως
1627 2687 1721 2742 καὶ
1760 2691 1875 2742 τῶν

268 2770 411 2844 ἀμφὶ
446 2771 543 2845 τὴν
573 2771 737 2829 πόλιν
762 2770 958 2846 ἀγρῶν
991 2770 1144 2828 ῶσὰν
1170 2770 1410 2845 ἐχθρούς
1441 2769 1593 2846 αὐτῷ
1610 2779 1871 2844 Χριστια-

266 2856 404 2922 νούς
434 2855 716 2914 ἀπελάσαι.

1916 2749 1956 2766 <⁴-
