1986 3152
563 136 721 178 HIST.
754 104 1002 178 memes.
1036 136 1119 178 111.
1152 137 1218 176 39.
1597 133 1697 186 135

87 255 181 312 καὶ
210 251 388 326 μηδὲν
418 248 583 323 ἀηδὲς
617 250 707 307 διὰ
740 250 841 323 τὴν
882 255 980 308 τοῦ
1023 257 1222 324 κυρίου
1263 250 1423 323 χάριν
1464 247 1697 324 ὑπομεί-

87 360 300 401 ναντος.
357 340 436 392 10.
471 339 670 393 τοῦτον
695 337 755 392 δὲ
779 335 875 393 τὸν
898 333 1139 392 Ἰοῦστον
1161 336 1295 408 μετὰ
1325 335 1429 407 τὴν
1458 338 1557 393 τοῦ
1587 355 1699 392 σω-

83 425 248 492 τῆρος
278 418 558 492 ἀνάληψιν
580 420 709 486 τοῦς
736 418 915 491 ἱεροὺς
938 418 1280 486 ἀποστόλους
1303 418 1436 493 μετά
1460 427 1698 477 ,Ματθία

83 507 286 578 στῆσαί
323 528 382 562 τε
423 507 515 561 καὶ
555 503 893 572 ἐπεύξασθαι
932 501 1056 560 ἀντὶ
1086 507 1185 561 τοῦ
1215 503 1491 577 προδότου
1515 502 1697 561 Ἰούδα

89 591 178 645 ἐπὶ
217 589 313 645 τὸν
353 594 559 660 κλῆρον
597 594 692 659 τῆς
733 585 1175 660 ἀναπληρώσεως
1217 592 1318 645 τοῦ
1358 587 1543 645 αὐτῶν
1573 586 1696 661 ἀρι-
1719 611 1740 643 5

85 675 239 745 θμοῦ
279 669 312 744 ἡ
353 676 464 729 τῶν
494 670 764 744 Πράξεων
806 664 920 728 οἶδε’
956 695 1071 736 πως
1106 677 1315 745 ἱστορεῖ
1342 672 1529 747 γραφή
1566 668 1696 728 “nal
1770 717 1774 719 μ

71 755 357 828 “ἔστησαν
388 754 510 828 δύο,
536 753 736 828 Ἰωσὴφ
767 755 863 812 τὸν
886 754 1231 828 καλούμενον
1248 759 1605 828 Βαρσαββᾶν,
1637 753 1698 821 ὃς

78 837 396 912 “ε’πεκλη’θη
425 835 688 912 Ἰοῦστος,
731 842 823 896 καὶ
855 847 1153 898 Ματθίαν’
1198 842 1289 896 καὶ
1321 838 1698 911 προσευξάμε-

74 921 201 982 “voa
234 921 439 982 εἷπαν.”
498 928 579 980 11.
613 926 705 980 καὶ
735 922 872 980 ἄλλα
904 924 966 980 δὲ
995 922 1022 980 ὁ
1057 921 1218 990 αὐτὸς
1251 919 1402 980 &adm
1435 927 1494 980 ἐκ
1518 947 1698 997 παρα-

85 1007 290 1075 δόσεως
321 1006 578 1081 ἀγράφου
611 1014 688 1074 εἰς
719 1005 892 1065 αὐτὸν
921 1005 1125 1079 ἥκοντα
1156 1011 1582 1082 παρατέθειται,
1615 1011 1696 1076 ξδ’-
1721 1034 1761 1064 10

84 1117 186 1159 νας
216 1095 278 1150 τέ
303 1116 457 1158 τινας
487 1091 808 1166 παραβολὰς
831 1097 928 1149 τοῦ
952 1096 1195 1166 σωτῆρος
1220 1095 1312 1149 καὶ
1338 1098 1697 1159 διδασκαλίας

82 1175 277 1249 αὐτοῦ,
309 1183 405 1233 καί
423 1201 548 1234 τινα
571 1175 710 1233 ἄλλα
741 1175 1112 1250 μυθικώτερα.
1172 1182 1253 1233 12.
1288 1181 1348 1234 ἐν
1379 1174 1460 1242 οἷς
1492 1179 1584 1233 καὶ
1615 1202 1692 1250 χι-

83 1259 248 1318 λιάδα
277 1260 402 1318 τινά
432 1279 606 1334 φησιν
638 1264 775 1318 ἐτῶν
807 1267 1034 1318 ἔσεσθαι
1063 1259 1198 1334 μετὰ
1237 1261 1340 1332 τὴν
1383 1264 1442 1317 ἐκ
1481 1265 1699 1334 νεκρῶν

82 1343 419 1416 ἀνάστασιν,
474 1363 794 1417 σωματικως
846 1349 942 1417 τῆς
984 1349 1227 1419 Χριστοῦ
1280 1351 1562 1415 βασιλείας
1605 1347 1694 1402 ἐπὶ

80 1431 314 1501 ταυτησὶ
344 1435 439 1501 τῆς
469 1433 569 1502 γῆς
598 1425 1067 1502 υποστησομένης.
1130 1426 1164 1485 ἀ
1208 1432 1299 1486 καὶ
1330 1425 1570 1501 ἡγοῦμαι
1599 1430 1695 1495 τὰς
1718 1454 1760 1486 15

82 1510 446 1580 ἀποστολικάς
470 1512 951 1587 παρεκδεξάμενον
974 1513 1253 1586 διηγήσεις
1277 1512 1603 1586 ὑπολαβεῖν,
1629 1512 1693 1571 τά

86 1601 146 1654 ἐν
191 1594 560 1670 ῦποδείγμασι
600 1598 736 1671 πρὸς
776 1595 963 1654 αὐτῶν
1003 1601 1277 1670 μυστικῶς
1319 1601 1581 1671 εἰρημένα
1622 1596 1695 1671 μὴ

49 1680 488 1755 ,συνεωρακότά
563 1686 643 1738 13.
686 1681 905 1755 σφόδρα
943 1681 1048 1753 γάρ
1089 1706 1171 1738 τοι
1212 1680 1435 1755 σμικρὸς
1478 1678 1557 1739 ὧν
1597 1681 1696 1739 τὸν

82 1769 252 1838 νοῦν,
297 1761 450 1822 ὦσαν
493 1768 552 1822 ἐκ
589 1770 702 1823 τῶν
746 1763 918 1823 αὐτοῦ
961 1765 1141 1838 λόγων
1171 1765 1584 1839 τεκμηράμενον
1617 1772 1697 1822 εί-

70 1864 239 1921 πεῖν,
283 1857 566 1922 φαίνεται·
611 1849 756 1922 πλὴν
796 1852 890 1907 καὶ
920 1865 1033 1916 τοῖς
1063 1848 1183 1923 μετ’
1218 1848 1388 1907 αὐτὸν
1419 1858 1694 1916 πλείστοις
1718 1875 1760 1906 20

80 1952 230 2000 οσοις
272 1958 383 1991 των
424 1937 892 2009 ἐκκλησιαστικων
941 1941 1037 2007 τῆς
1088 1931 1278 2008 ὁμοίας
1331 1931 1480 1991 αῦτω
1535 1933 1696 2006 δόξης

84 2025 370 2090 παραίτιος
400 2021 614 2091 γέγονε,
646 2017 747 2090 τὴν
777 2016 1106 2092 ἀρχαιότητα
1129 2016 1363 2092 τάνδρὸς
1388 2025 1695 2119 προβεβλη-

82 2105 297 2174 μένοις,
346 2100 530 2175 ὥσπερ
572 2095 676 2159 οῦν
717 2109 1031 2180 Εἰρηναίω,
1084 2106 1176 2159 καὶ
1218 2112 1273 2160 εἴ
1306 2127 1387 2168 τις
1428 2100 1589 2169 άλλος
1630 2102 1696 2159 τὰ

82 2182 246 2259 ὅμοια
275 2211 504 2259 φρονων
533 2185 907 2260 ἀναπέφηνεν.
965 2191 1045 2244 14.
1079 2190 1171 2243 καὶ
1202 2185 1370 2253 άλλας
1396 2187 1456 2243 δε
1478 2191 1543 2260 τῇ
1572 2211 1695 2244 εαυ-

82 2274 184 2326 τοῦ
227 2274 418 2345 γραφῇ
471 2277 859 2345 παραδίδωσιν
893 2268 1243 2343 Ἀριστίωνος
1293 2275 1391 2328 τοῦ
1444 2270 1695 2342 πρόσθεν
1718 2293 1759 2324 25

88 2356 475 2427 δεδηλωμένου
515 2362 626 2413 τῶν
665 2359 764 2412 τοῦ
804 2362 1002 2430 κυρίου
1042 2354 1227 2427 λόγων
1269 2353 1552 2427 διηγήσεις
1603 2358 1695 2412 καὶ

0 2444 2 2508 f
83 2442 183 2494 τοῦ
213 2442 594 2514 πρεσβυτέρου
620 2436 879 2499 Ἰωάννου
919 2439 1282 2513 παραδόσεις,
1329 2438 1418 2511 ἐφ’
1464 2435 1528 2506 ἂς
1567 2438 1695 2504 τοῦς

83 2530 416 2596 φιλομαθεῖς
457 2522 880 2596 ἀναπέμψαντες
921 2522 1236 2596 ἀναγκαίως
1282 2527 1389 2582 νῦν
1440 2521 1698 2595 προσθή-

47 2672 51 2674 ,
86 2622 256 2678 σομεν
285 2621 404 2674 ταῖς
435 2615 886 2680 προεκτεθείσαις
917 2605 1094 2665 αὐτοῦ
1123 2623 1339 2681 φωναῖς
1362 2606 1694 2681 παράδοσιν,

86 2682 124 2760 ἢ
151 2693 276 2762 περὶ
307 2689 547 2765 Μάρκου
577 2696 678 2749 τοῦ
708 2690 768 2749 τὸ
801 2690 1126 2765 εὐαγγέλιον
1167 2690 1505 2767 γεγραφότος
1547 2694 1695 2748 ε’κτέ-
1717 2712 1759 2744 30

199 2883 224 2922 6
254 2883 356 2922 Act.
380 2885 417 2931 1,
439 2886 507 2926 23.
