1986 3152
610 93 765 135 HIST.
799 92 1048 136 ECCLES.
1082 94 1158 136 vl.
1191 95 1258 136 41.
1637 91 1740 144 283

122 205 645 282 “6vvoc9215026avtsg‚
700 211 791 265 καὶ
831 207 1189 275 κελεύσαντες
1231 206 1374 266 ἄθεα
1417 210 1600 281 λέγειν
1642 207 1743 283 ῥή-

121 292 331 366 “ματα,
373 289 447 365 μὴ
481 291 845 364 πειθόμενον,
881 291 1063 361 ξύλοις
1092 317 1151 351 τε
1181 299 1437 358 παίοντες
1467 291 1528 350 τὸ
1561 299 1739 366 σῶμα,

117 373 252 434 “acal
295 377 558 450 καλάμοις
597 374 742 445 ὀξέσι
781 376 841 434 τὸ
886 376 1184 450 πρόσωπον
1224 379 1315 434 καὶ
1356 376 1486 444 τοὺς
1524 374 1740 450 ὀφθαλ-

122 456 295 533 “’μοὺς
327 464 668 530 κεντοῦντες,
699 458 997 533 ἀγαγόντες
1030 468 1107 528 εἰς
1138 459 1198 518 τὸ
1229 459 1557 533 προάστειον
1588 486 1741 519 κατε-

116 541 551 618 “λιθοβόλησαν.
633 550 681 602 4.
727 553 910 603 ἔπειτα
963 545 1164 618 πιστὴν
1215 559 1454 617 γυναῖκα
1497 552 1784 604 Κοΐντανὸ

117 625 512 702 τεκαλουμένην
555 632 642 686 ἐπὶ
683 629 742 686 τὸ
785 635 1070 686 εἰδωλεῖον
1101 627 1402 701 ἀγαγόντες
1432 628 1743 702 ἠνάγκαζον

114 711 523 786 (επροσκυνεῖύ
555 710 1047 786 ἀποστρεφομένην
1082 713 1142 769 δὲ
1173 715 1263 769 καὶ
1296 716 1742 786 βδελυττομένην

119 795 496 869 “ε’κδη’σαντες
527 802 640 853 τῶν
670 800 880 867 ποδών,
915 795 1004 852 διά
1035 795 1214 867 πάσης
1245 801 1339 868 τῆς
1370 795 1581 864 πόλεως
1606 796 1741 854 κατά

115 879 254 938 “τοῦ
283 883 505 954 τραχέος
537 879 916 955 λιθοστρώτου
958 879 1250 953 σύροντες,
1294 883 1742 954 προσαρασσομέ-

115 963 261 1036 “νην
311 978 424 1030 τοῖς
475 970 751 1037 μυλιαίοις
805 970 984 1030 λίθοις
1031 962 1143 1037 ἅμα
1189 966 1280 1021 καὶ
1326 970 1740 1037 μαστιγοῦντες,
1767 980 1806 1010 1⁰

119 1047 246 1106 “ε’πὶ
275 1047 374 1106 τὸν
406 1047 576 1106 αὐτὸν
607 1047 906 1121 ἀγαγόντες
931 1051 1270 1106 κατέλευσαν
1292 1047 1478 1107 τόπον.
1542 1054 1589 1106 5.
1626 1046 1740 1106 εἶθ’

116 1128 522 1236 Ξὸμοθυμαδὸν
560 1132 798 1200 ἀπαντες
842 1132 1106 1206 ώρμησαν
1150 1135 1238 1190 ἐπὶ
1269 1131 1367 1200 τοὶς
1396 1139 1511 1192 τῶν
1540 1144 1742 1191 θεοσε-

116 1213 279 1289 “βῶν
307 1223 511 1290 οἰκίας,
558 1221 649 1274 καὶ
681 1216 778 1285 οὓς
812 1216 1107 1291 ἐγνώριζον
1137 1221 1356 1274 ε’καστοι
1385 1222 1743 1290 γειτνιῶντας

118 1301 586 1368 “ἐπισπεύδοντες
626 1296 792 1375 ἦγον,
836 1301 1053 1359 ἐσύλων
1093 1325 1151 1358 τε
1183 1304 1274 1358 καὶ
1310 1301 1635 1375 διήρπαζον,
1675 1302 1741 1359 τὰ

116 1382 258 1458 “ubal
302 1385 593 1459 τιμιώτερα
635 1389 748 1443 τών
791 1392 1093 1458 κειμηλίων
1121 1385 1540 1460 νοσφιζόμενοι,
1581 1384 1647 1443 τά
1681 1387 1739 1443 δε
1767 1404 1805 1436 ¹5

119 1466 519 1543 “εῦτελε’στερα
562 1473 654 1527 καὶ
697 1469 802 1528 ὅσα
850 1474 909 1526 ἐκ
956 1469 1139 1538 ξύλων
1183 1477 1479 1544 πεποίητο,
1535 1475 1742 1542 διαρρι-
1783 1463 1786 1466 ”

139 1552 424 1620 ’πτοῦντες
455 1557 546 1611 καὶ
578 1561 969 1620 κατακαίοντες
1002 1557 1062 1611 ἐν
1092 1569 1211 1620 ταῖς
1241 1553 1395 1621 ὁδοῖς
1435 1558 1742 1621 ἑαλωκυίας

115 1634 269 1695 “find
302 1646 583 1711 πολεμίων
613 1638 824 1705 πόλεως
855 1653 1121 1711 παρεῖχον
1150 1641 1309 1696 θέαν.
1382 1644 1429 1696 6.
1466 1640 1743 1707 ἐξέκλινον

119 1719 221 1779 “δε
260 1724 352 1779 καὶ
392 1721 796 1797 ὑπανεχώρουν
835 1748 887 1781 οι
925 1721 1187 1795 ἀδελφοὶ,
1228 1726 1319 1780 καὶ
1356 1723 1458 1796 τὴν
1487 1720 1744 1797 ἁρπαγὴν

118 1805 268 1863 “ww
305 1805 699 1881 ὑπαρχόντων,
742 1806 942 1880 ὁμοίως
987 1811 1216 1872 ἐκείνοις
1255 1804 1337 1875 οἶς
1381 1810 1473 1865 καὶ
1514 1814 1742 1874 Παῦλος
1765 1823 1807 1855 520

117 1889 531 1965 “ε’μαρτύρησε,
583 1892 718 1964 μετὰ
771 1917 942 1965 χαρας
994 1894 1410 1965 προσεδέξαντο.
1494 1894 1585 1949 καὶ
1639 1888 1743 1948 οῦκ

118 1971 272 2032 “οἷδ’
310 1985 365 2033 εἷ’
387 2000 497 2048 τις,
546 1976 692 2049 πλὴν
724 1983 775 2034 εἰ
793 1975 876 2050 μή
907 1974 1016 2033 πού
1047 2001 1127 2042 τις
1161 1972 1238 2042 εἷς
1247 1974 1554 2116 ἵέμπεσων,
1585 1978 1743 2081 μέχρι

120 2056 223 2132 “γε
263 2058 463 2117 τούτου
506 2059 603 2118 τὸν
643 2059 839 2133 κύριον
877 2059 1172 2132 ηρνήσατο.
1280 2109 1288 2117 .
1329 2059 1469 2117 ἀλλά
1510 2063 1603 2117 καὶ
1642 2060 1744 2131 τὴν

119 2139 632 2217 “θαυμασιωτάτην
662 2144 784 2203 τότε
814 2148 1103 2217 παρθένον
1133 2149 1441 2218 πρεσβῦτιν
1469 2141 1744 2203 Ἀπολλω-

120 2224 291 2285 “νίαν
334 2228 719 2301 διαλαβόντες,
761 2228 889 2297 τοῦς
931 2230 1033 2302 μὲν
1063 2227 1295 2296 ὀδόντας
1330 2228 1605 2300 ἅπαντας,
1649 2227 1742 2285 κό-
1767 2243 1808 2274 25

119 2307 389 2379 “πτοντες
427 2313 523 2379 τὰς
554 2313 843 2387 σιαγόνας,
889 2312 1189 2386 ἐξήλασαν,
1229 2312 1415 2387 πυράν
1449 2315 1508 2370 δὲ
1538 2312 1744 2385 νήσαν-

121 2391 248 2462 “teg
289 2396 396 2467 πρὸ
438 2399 533 2469 τῆς
573 2397 784 2465 πόλεως
825 2401 1006 2467 ζῶσαν
1044 2395 1316 2470 ἠπείλουν
1350 2397 1742 2468 κατακαύσειν,

120 2478 214 2536 “si
270 2477 343 2553 μὴ
405 2481 895 2554 συνεκφωνήσειεν
962 2479 1153 2550 αὐτοῖς
1210 2483 1276 2539 τὰ
1334 2487 1430 2555 τῆς
1490 2481 1746 2554 ἀσεβείας

121 2562 500 2638 “κηρυ’γματα.
590 2590 624 2635 η
679 2567 740 2623 δε
791 2562 1356 2640 υποπαραιτησαμένη
1416 2567 1595 2669 βραχυ
1654 2568 1744 2622 καὶ

122 2645 192 2667 “2

161 2659 429 2707 ανεθεῐσα
488 2649 768 2717 συντόνως
830 2649 1179 2722 ἑπεπήδησεν
1240 2657 1318 2717 εἰς
1375 2650 1435 2707 τὸ
1489 2654 1599 2723 πῦρ
1653 2674 1743 2706 και
1768 2662 1808 2692 30

244 2846 299 2884 20
330 2845 470 2884 ΗΘΜ.
505 2845 571 2896 10,
603 2846 671 2885 34.
