1986 3152
556 106 711 146 HIST.
742 105 990 147 ECCLES.
1020 108 1097 148 VI.
1130 109 1198 150 41.
1233 109 1301 147 42.
1630 104 1732 156 287

120 219 192 295 “ἢ
243 220 370 287 τοὺς
423 219 623 294 λῃστὰς
667 234 786 289 ταῖς
826 244 883 277 τε
923 220 1187 293 βασάνοις
1229 225 1320 278 καὶ
1360 236 1478 288 ταῖς
1518 220 1734 294 μάστιξι

119 304 568 410 ἶλυμηνάμενος,
600 304 803 378 μεταξύ
834 311 946 362 τῶν
976 312 1196 380 λῃστῶν
1227 309 1551 379 κατέφλεξε,
1583 330 1735 379 τιμη-

120 387 329 448 “Bima
367 389 464 446 τὸν
502 388 774 463 μακάριον
808 394 883 465 τῷ
913 394 1011 447 τοῦ
1043 394 1286 460 Χριστοῦ
1315 396 1734 493 παραδείγματι.

119 473 243 532 “22.
287 473 503 546 αθρόον
545 478 612 531 δέ
646 499 696 531 τι
738 473 1024 547 σύνταγμα
1060 475 1479 547 στρατιωτικὸν,
1511 473 1736 583 ’Ἄμμων

118 554 248 615 “xal
289 557 488 630 Ζήνων
529 562 620 615 καὶ
664 566 1005 630 Πτολεμαῖος
1047 562 1138 615 καὶ
1177 558 1448 631 Ἰγγένης,
1495 561 1586 616 καὶ
1629 559 1735 615 σὺν

117 641 347 709 “αὐτοῖς
393 641 704 715 πρεσβύτης
747 641 1044 714 Θεόφιλος,
1099 645 1444 715 εἶστήκεισαν
1489 642 1594 714 πρὸ
1636 646 1739 700 τοῦ

117 725 542 800 “δικαστηρίου·
595 728 922 799 κρινομένου
976 725 1044 798 δή
1093 750 1240 793 τινος
1283 723 1359 794 ώς
1401 730 1739 799 Χριστιανοῦ

118 807 248 868 “acal
306 810 440 884 πρὸς
493 808 729 882 ἄρνησιν
787 808 895 882 ἤδη
955 812 1218 882 ρέποντος
1280 814 1532 884 ἐπρίοντο
1585 804 1738 867 οὗτοι

120 891 585 968 “παρεστηκότες,
618 896 710 950 καὶ
742 908 854 959 τοῖς
884 918 943 951 τε
974 893 1290 966 προσώποις
1323 897 1612 965 ἐνένευον,
1646 897 1739 951 καὶ

117 977 248 1044 “το“ις
300 992 485 1052 χεῖρας
535 977 847 1049 ἀνέτεινον,
902 981 995 1035 καὶ
1047 985 1577 1052 συνεσχηματίζοντο
1623 993 1737 1045 τοῖς

118 1059 421 1136 “σώμασιν.
484 1067 566 1120 23.
617 1065 950 1137 ἐπιστροφῆς
993 1064 1055 1119 δὲ
1095 1061 1321 1120 πάντων
1360 1062 1495 1137 πρὸς
1536 1062 1738 1130 αὐτούς

122 1143 485 1220 “γενομένης,
554 1155 688 1219 πρίν
739 1171 893 1213 τινας
945 1146 1133 1204 αὐτῶν
1183 1148 1388 1214 ἄλλους
1440 1150 1736 1220 λαβέσθαι,

118 1230 476 1304 “φθάσαντες
516 1234 606 1289 ἐπὶ
646 1230 706 1289 τὸ
751 1230 970 1304 βάθρον
1022 1230 1368 1304 ἀνέδραμον,
1423 1233 1567 1289 εἶναι
1607 1241 1738 1303 Χρι-

118 1315 367 1374 “στιανοὶ
399 1318 674 1388 λέγοντες,
707 1315 779 1382 ὡς
810 1315 909 1373 τόν
938 1340 997 1372 τε
1026 1312 1272 1389 ἡγεμόνα
1303 1319 1394 1373 καὶ
1424 1316 1553 1382 τοὺς
1578 1319 1738 1373 συνέ-

120 1397 325 1472 “δρους
359 1400 635 1474 ἐμφόβους
666 1402 949 1473 γενέσθαι,
984 1403 1075 1457 καὶ
1104 1398 1231 1466 τούς
1255 1401 1358 1473 μὲν
1380 1404 1738 1474 κρινομένους

1762 994 1801 1025 10

1762 1413 1802 1445 15

119 1483 638 1559 “εὐθαρσεστάτους
671 1482 762 1557 ἐφ’
795 1482 877 1550 οἷς
909 1492 1194 1542 πείσονται
1224 1491 1560 1557 φαίνεσθαι,
1610 1485 1739 1551 τούς
1777 1488 1794 1502 '

119 1569 220 1626 “63
263 1569 578 1638 δικάζοντας
620 1566 956 1626 ἀποδειλιᾶν.
1028 1573 1120 1626 καὶ
1161 1562 1311 1626 οὗτοι
1350 1570 1452 1642 μὲν
1496 1573 1555 1626 ἐκ
1588 1575 1739 1626 δικα-

123 1650 401 1727 “στηρίων
453 1653 876 1727 ἐνεπόμπευσαν
917 1655 1008 1710 καὶ
1049 1653 1454 1726 ἠγαλλιάσαντο
1493 1658 1560 1727 τῇ
1601 1678 1740 1727 μαρ-

1600 1735 1671 1757 ..52

122 1736 352 1813 “τυρίᾳ,
384 1737 828 1812 θριαμβεύοντος
858 1736 1060 1806 αὐτοὺς
1093 1737 1326 1806 ἐνδόξως
1356 1762 1453 1795 του
1484 1749 1638 1796 θεον.

255 1834 398 1883 XLII.
463 1833 591 1899 [Nic.
634 1835 690 1883 H.
728 1834 780 1882 E.
821 1835 880 1890 V,
920 1832 1030 1899 3l.]
1101 1821 1324 1880 “”AMoa
1379 1824 1440 1879 δὲ
1491 1831 1740 1880 πλειστοι

125 1902 299 1963 “κατά
339 1906 523 1973 πόλεις
555 1909 645 1963 καὶ
678 1906 864 1980 κώμας
895 1905 1004 1964 ὑπὸ
1034 1913 1145 1964 τῶν
1177 1910 1364 1964 ἐθνῶν
1395 1905 1742 1978 διεσπάσθη-

122 1989 296 2063 “σαν,
343 1983 421 2047 ὧν
465 1989 587 2058 ἑνὸς
628 1997 1073 2066 παραδείγματος
1106 1994 1295 2049 ἕνεκεν
1328 1990 1741 2064 ἐπιμνησθήσο-

122 2074 269 2149 “μαι.
327 2073 612 2151 Ἰσχυρίων
653 2075 989 2149 ἐπετρόπευέ
1025 2101 1132 2132 τινι
1173 2079 1286 2132 τών
1326 2074 1611 2148 ἀρχόντων
1653 2078 1740 2132 ἐπὶ

124 2155 362 2236 “μισθςὸ.
438 2165 636 2218 τοῦτον
673 2159 702 2217 ὁ
745 2159 1082 2234 μισθοδότης
1125 2163 1379 2218 ἐκέλευσε
1421 2166 1623 2231 θῦσαι,
1668 2159 1741 2232 μὴ

122 2242 500 2318 “πειθόμενον
523 2243 765 2318 ὕβριζεν,
796 2247 1098 2319 ἐμμένοντα
1122 2243 1579 2318 προεπηλάκιζεν·
1613 2240 1740 2316 ὑφι-

124 2327 465 2401 “σταμένου,
504 2336 811 2403 βακτηρίαν
839 2337 1106 2403 μεγίστην
1136 2327 1351 2401 λαβών,
1386 2329 1476 2386 διὰ
1507 2331 1619 2386 τών
1652 2331 1743 2385 ἐν-

125 2410 338 2484 “τε’ρων
368 2415 460 2469 καὶ
489 2417 601 2470 τῶν
631 2413 964 2487 σπλάγχνων
995 2412 1200 2481 διώσας
1230 2412 1532 2472 ἀπέκτεινε.
1605 2417 1652 2470 2.
1690 2418 1748 2468 τί

127 2492 256 2555 “δει
303 2500 485 2568 λέγειν
535 2497 595 2554 τὸ
647 2501 860 2570 πλῆθος
911 2501 1023 2554 τών
1065 2501 1124 2555 ἐν
1166 2502 1416 2571 ἐρημίαις
1457 2499 1546 2555 καὶ
1589 2495 1742 2571 όρεσι

126 2576 591 2683 ζπλανηθέντων,
634 2580 742 2638 ὑπὸ
772 2585 936 2655 λιμοῦ
966 2584 1057 2638 καὶ
1091 2587 1256 2655 δίψης
1288 2585 1380 2640 καὶ
1412 2580 1619 2656 κρύους
1650 2581 1741 2636 καὶ

128 2661 350 2767 Ξνόσων
391 2667 482 2722 καὶ
523 2669 743 2740 ληστών
784 2669 874 2723 καὶ
907 2673 1129 2774 θηρίων
1162 2669 1622 2739 διεφθαρμένωτη
1664 2687 1742 2720 ων

128 2746 223 2806 “oc
276 2748 688 2823 περιγενόμενοι
748 2755 844 2822 τῆς
898 2754 1128 2808 ἐκείνων
1181 2753 1322 2809 εἰσὶν
1376 2754 1600 2821 ἐκλογῆς
1652 2749 1743 2804 καὶ

128 2830 323 2906 “νίκης
362 2833 650 2908 μάρτυρες.
734 2839 796 2892 ἓν
849 2836 908 2892 δὲ
960 2838 1051 2891 καὶ
1103 2834 1315 2892 τούτων
1368 2841 1446 2900 εἰς
1499 2831 1743 2903 δήλωσιν

1761 1837 1803 1869 20

1764 2255 1804 2287 25

1765 2678 1805 2708 30
