1986 3152
263 116 366 168 418
535 116 775 158 EUSEBII
803 116 886 156 DE
917 116 1103 157 MART.
1137 115 1428 158 PALAEST.
1462 117 1584 158 XIII.

266 251 462 303 σαντο,
506 235 566 288 ἐν
606 244 722 297 τοῖς
763 230 873 288 ἀπὸ
906 231 1118 303 Λιβύης
1140 232 1243 302 ,καὶ
1274 230 1351 288 δι’
1386 231 1518 304 ὅλης
1550 233 1884 306 Αἰγύπτου,

265 323 484 390 Συρίας
523 339 584 372 τε
624 316 719 371 καὶ
759 320 872 371 τῶν
913 313 1010 371 ἀπ’
1045 313 1320 388 ἀνατολῆς
1358 317 1451 372 καὶ
1489 315 1679 393 κύκλῳ
1709 318 1870 391 μέχρι

261 404 375 457 ταῖν
405 400 542 457 κατὰ
571 399 633 456 τὸ
664 396 970 472 Ἰλλυρικὸν
999 405 1167 472 κλίμα
1198 406 1611 473 παρατείνουσι.
1676 405 1755 457 12.
1799 402 1867 458 τοὶ
1941 408 1958 450 ζ

262 485 368 557 ’γάρ
410 507 493 541 τοι
534 485 786 544 ἐπέκεινα
826 489 941 540 τῶν
980 485 1412 557 δεδηλωμένων,
1460 482 1664 541 Ἰταλία
1715 489 1868 542 πᾶσα
1937 518 1946 542 z

219 595 238 625 5
262 571 354 626 καὶ
388 574 647 640 Σικελία,
681 574 893 625 Γαλλία
923 590 982 624 τε
1004 569 1097 624 καὶ
1121 568 1225 625 ὅσα
1247 568 1385 625 κατα
1411 568 1689 642 δυόμενον
1712 569 1869 642 ἥλιον
1939 567 1963 641 ἴτ’Ὶ

263 655 355 710 ἐπὶ
400 659 666 710 Σπανίαν
711 658 1108 726 Μαυριτανίαν
1161 675 1220 710 τε
1258 654 1352 710 καὶ
1389 651 1683 726 Ἀφρικὴν,
1738 652 1863 710 οὐδ’

260 738 406 804 ὅλοις
459 743 642 795 ἔτεσιν
695 739 829 794 δυσὶ
879 750 996 803 τοῖς
1049 737 1284 810 πρώτοις
1335 742 1436 794 τοῦ
1478 742 1726 810 διωγμοῦ
1765 736 1866 794 τόν

259 823 507 895 πόλεμον
535 821 949 894 ὑπομείναντα,
992 827 1251 894 ταχίστης
1281 821 1606 894 ἠξιώθησαν
1643 824 1864 878 ἐπισκο-

259 898 367 979 πῆς
407 930 464 963 τε
504 911 643 963 θεοῦ
683 907 777 962 καὶ
819 906 1071 979 εἰρήνης,
1124 912 1221 978 τῆς
1267 904 1541 980 οὐρανίου
1596 913 1862 979 προνοίας

199 1017 238 1048 10
261 990 434 1064 φειδώ
473 996 570 1063 τῆς
599 995 712 1048 τῶν
743 991 971 1062 ἀνδρῶν
1012 989 1315 1062 ἁπλότητος
1345 992 1439 1047 καὶ
1469 997 1707 1056 πίστεως
1738 1012 1865 1047 ποι-

258 1077 514 1148 ουμένης.
579 1079 659 1130 13.
707 1074 738 1130 ὃ
768 1080 912 1145 γοῦν
941 1075 1081 1147 μηδὲ
1113 1075 1391 1148 ἱστόρηται
1424 1078 1484 1131 ἐν
1513 1087 1628 1140 τοῖς
1659 1073 1865 1131 ἀνέκα-

257 1169 362 1216 θεν
401 1163 497 1231 τῆς
534 1154 816 1231 Ῥωμαίων
855 1156 1058 1231 ἀρχῆς,
1109 1164 1275 1215 τοῦτο
1314 1165 1425 1216 νῦν
1467 1163 1689 1232 πρῶτον
1727 1158 1860 1215 καθ’

257 1243 398 1316 ἡμᾶς
438 1242 589 1317 παρα
631 1247 817 1299 πᾶσαν
857 1244 1090 1314 γέγονεν
1137 1245 1361 1300 ἐλπίδα·
1423 1248 1712 1316 διαιρεῖται
1761 1243 1866 1315 μὲν

257 1328 365 1401 γάρ
393 1329 483 1384 ἐπὶ
504 1333 583 1403 τῷ
608 1325 742 1384 καθ’
769 1325 912 1400 ἡμᾶς
937 1332 1161 1402 διωγμῷ
1187 1332 1310 1400 διχῆ
1333 1327 1400 1384 τοὶ
1432 1332 1530 1400 τῆς
1553 1333 1860 1399 βασιλείας,

195 1439 233 1471 15
259 1412 482 1485 εἰρήνης
513 1411 572 1468 δ’
595 1410 982 1469 ἀπολαύουσιν
1012 1416 1071 1468 015
1099 1415 1160 1468 ἐν
1181 1413 1402 1489 θατέρῳ
1432 1413 1586 1487 μέρει
1613 1416 1689 1488 τῷ
1720 1433 1863 1487 προ-

257 1498 624 1573 δεδηλωμένῳ
675 1502 1064 1563 κατοικοῦντες
1117 1495 1379 1569 ἀδελφοὶ,
1432 1501 1548 1553 τῶν
1602 1494 1710 1552 ἄνα
1762 1495 1866 1568 τὴν

255 1581 433 1653 ἄλλην
465 1584 805 1654 οἰκουμένην
835 1587 1076 1655 μυρίους
1102 1582 1193 1638 ἐπὶ
1214 1588 1436 1655 μυρίοις
1466 1579 1690 1653 ἀγῶνας
1720 1579 1865 1637 ὑπο-

256 1666 584 1739 μεινάντων.
669 1670 751 1724 14.
800 1665 940 1722 ἄλλα
982 1665 1089 1738 γὰρ
1130 1666 1221 1723 ὅτε
1261 1667 1355 1722 καὶ
1397 1665 1501 1738 τὴν
1542 1665 1674 1721 καθ’
1718 1663 1863 1738 ἡμᾶς

260 1750 567 1823 ἐπισκοπὴν
599 1747 807 1824 εὐμενῆ
831 1751 924 1807 καὶ
948 1755 1114 1807 ’ἵλεων
1137 1749 1171 1822 ἡ
1195 1756 1328 1808 θεία
1351 1751 1510 1824 χάρις
1529 1752 1862 1821 ἐνεδείκυτο,

195 1862 236 1893 20
259 1835 383 1892 τότε
415 1840 555 1906 δῆτα
585 1836 678 1892 καὶ
708 1841 766 1893 οἱ
791 1832 927 1892 καθ’
951 1830 1096 1908 ἡμᾶς
1128 1834 1392 1907 ἄρχοντες
1423 1831 1585 1892 αὐτοὶ
1615 1833 1684 1906 δὴ
1719 1836 1863 1890 ἐκεῖ-

254 1943 373 1991 νοι,
428 1918 501 1976 δι’
561 1915 642 1977 ὧν
693 1921 865 1977 πάλαι
915 1919 982 1976 τὰ
1034 1924 1148 1976 τῶν
1199 1917 1332 1976 καθ’
1380 1915 1523 1993 ἡμᾶς
1579 1921 1862 1992 ἐνηργεῖτο
1920 1956 1922 1958 -

257 2005 544 2077 πολέμων,
577 2003 1007 2081 παραδοξοτοὲτῳ
1032 2004 1228 2078 γνώμῃ
1259 2004 1731 2077 μεταβαλλόμενοι
1754 2025 1863 2060 πα-

257 2093 526 2163 λινῳδίαν
557 2083 727 2162 ᾖδον,
772 2101 1030 2162 χρηστοῖς
1073 2090 1204 2163 περὶ
1243 2087 1405 2162 ἡμῶν
1435 2087 1864 2160 προγράμμασιν

254 2173 348 2226 καὶ
389 2167 613 2245 ἡμέροις
662 2174 991 2246 διατάγμασι
1039 2173 1144 2244 τὴν
1188 2171 1321 2228 καθ’
1366 2168 1527 2244 ἡμῶν
1577 2170 1863 2244 πυρκαϊὰν

190 2282 231 2314 25
255 2251 731 2327 οἷποσβεννύντες·
776 2255 1131 2331 ἀναγραπτέα
1162 2256 1230 2329 δη
1263 2257 1358 2313 καὶ
1388 2252 1421 2328 ἡ
1453 2260 1777 2332 παλινῳδιά.
