2032 3174
626 115 782 156 HIST.
815 113 1062 155 ECCLES.
1093 116 1128 155 1.
1161 118 1200 157 3.
1650 115 1713 166 13

98 229 382 290 Ἰουδαίων
414 233 579 303 λαοῦ,
611 229 750 304 ὁμοῦ
784 231 844 287 δὲ
875 232 965 287 καὶ
995 228 1098 303 τὴν
1127 236 1240 288 τῶν
1272 233 1460 288 ἐθνῶν
1492 227 1572 287 δι’
1608 229 1715 287 αὐ-

103 320 200 374 τοῦ
230 318 429 388 κλῆσιν
459 314 989 390 προμαρτυρόμενοι,
1021 316 1139 372 τοτὲ
1165 315 1267 388 μὲν
1291 308 1405 372 ῶδέ
1423 314 1712 387 πωςἹερε·

101 406 230 474 μίας
269 403 447 472 λέγων
482 395 739 474 “πνεῦμα
781 399 885 472 πρὸ
935 397 1236 472 προσώπου
1282 396 1440 473 ἡμῶν
1483 399 1712 472 Χριστὸς

103 483 292 560 κύριος
305 483 635 557 συνελήφθη
661 488 721 542 ἐν
743 496 861 549 ταῖς
888 488 1223 557 διαφθοραῖς
1238 482 1444 556 αὐτῶν,
1470 476 1537 540 οὗ
1554 492 1712 540 εἴπα-

101 593 206 642 μεν
238 572 296 627 ἐν
327 575 392 644 τῇ
424 572 554 644 σκιᾷ
582 567 755 626 αὐτοῦ
783 566 1061 640 ζησόμεθα
1087 571 1146 625 ἐν
1169 581 1281 634 τοῖς
1313 564 1561 640 ἔθνεσι,”
1593 568 1712 625 τοτὲ
1735 593 1755 626 5

105 654 166 711 δὲ
195 650 495 727 ἀμηχανῶν
524 655 743 725 Δαβὶδ,
786 651 878 708 διὰ
917 650 1130 709 τούτων
1161 650 1294 710 “”ίνα
1333 659 1391 710 τί
1428 651 1713 726 ἐφρύαξαν

103 745 243 810 ἔθνη
275 740 365 794 καὶ
396 740 518 795 λαοὶ
542 739 876 810 ἐμελέτησαν
899 759 1060 806 κενα;
1092 740 1446 809 παρέστησαν
1475 741 1531 794 οἰ
1558 743 1714 809 βασι-

102 830 215 888 λεῖς
253 824 348 894 τῆς
388 826 515 894 γῆς,
569 823 661 878 καὶ
708 827 766 878 oc
802 819 1064 928 ἄρχοντες
1109 820 1475 894 συνήχθησαν
1517 825 1605 878 ἐπὶ
1652 846 1711 878 το

101 903 257 979 αὐτὸ,
289 930 426 962 κατα
455 909 552 963 τοῦ
584 913 782 978 κυρίου
814 908 903 962 καὶ
929 930 1066 963 κατα
1087 911 1185 963 τοῦ
1210 909 1453 978 Χριστου
1484 902 1689 963 αὐτοῦῖ

101 997 182 1057 οἱς
215 993 336 1063 ἑξῆς
370 992 606 1062 ἐπιλέγει
639 994 692 1058 ἐξ
724 987 895 1048 αὐτοῦ
923 990 990 1063 δὴ
1015 988 1317 1064 προσώπου
1343 994 1441 1047 τοῦ
1471 993 1712 1091 Χριστοῦ
1737 1018 1776 1049 10

94 1070 323 1180 “κυ’ριος
357 1075 474 1132 εἷπε
505 1074 641 1149 πρός
671 1098 767 1149 με,
808 1074 928 1140 υιός
958 1099 1066 1147 μου
1109 1076 1160 1132 εἶ
1187 1073 1286 1146 σὺ,
1333 1074 1439 1147 ἐγὼ
1471 1073 1712 1148 σήμερον

101 1159 407 1231 γεγέννηκα
437 1178 515 1216 σε.
587 1169 807 1232 αἴτησαι
831 1156 966 1233 παρ’
1000 1162 1133 1233 ἐμου
1156 1162 1247 1216 καὶ
1273 1159 1435 1216 δῶσω
1461 1178 1546 1217 σοι
1572 1165 1712 1232 ἔθνη

99 1241 204 1315 τὴν
244 1250 616 1318 κληρονομίαν
658 1263 789 1315 σου,
842 1246 934 1301 καὶ
976 1243 1078 1317 τὴν
1133 1242 1463 1317 κατάσχεσίν
1503 1262 1606 1300 σου
1647 1242 1711 1300 τοὶ

101 1329 309 1400 πέρατα
340 1332 436 1400 τῆς
466 1325 618 1400 γῆς.”
685 1334 728 1385 7.
755 1327 820 1386 οὐ
847 1328 1053 1401 μόνους
1076 1330 1137 1386 δὲ
1158 1326 1264 1400 ἄρα
1294 1327 1421 1395 τοὺς
1443 1326 1713 1403 ἀρχιερω-

102 1409 246 1485 σύνῃ
287 1414 708 1485 τετιμημένους,
751 1415 915 1488 ἐλαίῳ
958 1415 1248 1490 σκευαστῷ
1285 1419 1385 1470 τοῦ
1425 1411 1711 1486 συμβόλου
1735 1438 1775 1470 15

102 1498 425 1569 χριομένους
467 1499 658 1568 ἕνεκα,
700 1496 760 1554 τὸ
802 1500 900 1554 τοῦ
931 1501 1173 1570 Χριστοῦ
1214 1495 1535 1569 κατεκόσμει
1576 1495 1706 1571 παρ’

93 1577 366 1654 Ἑβραίοις
406 1579 606 1653 ὄνομα,
659 1579 799 1637 ἀλλὰ
841 1583 931 1637 καὶ
970 1581 1097 1647 τοὺς
1140 1583 1427 1653 βασιλέας,
1480 1578 1577 1648 οὓς
1618 1583 1711 1638 καὶ

101 1661 300 1730 αὐτοὺς
340 1662 569 1737 νεύματι
608 1671 751 1741 θείῳ
791 1667 1070 1738 προφῆται
1111 1672 1358 1740 χρίοντες
1405 1664 1713 1732 εἰκονικούς

31 1753 34 1755 ’
100 1771 254 1814 τινας
285 1747 556 1820 Χριστοὺς
595 1747 1016 1822 ἀπειργάζοντο,
1059 1746 1142 1806 ὅτι
1187 1747 1255 1822 δὴ
1296 1750 1387 1805 καὶ
1428 1745 1586 1807 αὐτοὶ
1616 1755 1712 1821 τῆς

99 1835 200 1889 τοῦ
244 1831 419 1905 μόνου
459 1836 550 1890 καὶ
589 1831 838 1906 ἀληθοῦς
878 1836 1121 1908 Χριστοῦ
1163 1836 1266 1891 τοῦ
1303 1831 1440 1891 κατὰ
1484 1832 1712 1891 πάντων
1734 1860 1774 1892 20

101 1915 488 1987 βασιλεύοντος
511 1925 675 1976 θείου
699 1917 867 1991 λόγου
891 1922 1178 1991 βασιλικῆς
1197 1920 1289 1975 καὶ
1315 1916 1542 1993 ἀρχικῆς
1561 1921 1710 1986 ἐξου-

101 2005 222 2067 σίας
252 2000 378 2068 τούς
407 2001 615 2069 τύπους
649 1999 724 2059 δι’
760 2005 976 2060 ἑαυτῶν
1007 2008 1221 2077 ἔφερον.
1295 2008 1342 2060 8.
1374 1999 1482 2075 ἤδη
1526 2002 1588 2059 δὲ
1618 2005 1708 2059 καὶ

101 2080 286 2142 αὐτῶν
316 2089 428 2142 τῶν
458 2093 760 2161 προφητῶν
789 2087 941 2156 τινὰς
985 2086 1074 2144 διὰ
1114 2095 1407 2161 χρίσματος
1438 2085 1711 2161 Χριστούς

102 2171 162 2225 ἐν
190 2167 343 2247 τύπῳ
373 2173 662 2243 γεγονέναι
692 2171 1142 2245 παρειλήφαμεν,
1174 2169 1247 2239 ῶς
1277 2170 1505 2238 τούτους
1535 2168 1710 2229 ἅπαν-

98 2275 195 2320 τας
223 2253 326 2326 τὴν
367 2257 456 2312 ἐπὶ
496 2252 594 2314 τὸν
623 2255 805 2330 ἀληθῆ
838 2255 1095 2330 Χριστὸν,
1127 2255 1224 2315 τὸν
1264 2262 1465 2314 ἔνθεον
1495 2258 1587 2313 καὶ
1618 2253 1709 2313 οὗ·
1732 2280 1773 2313 25

99 2335 295 2408 ράνιον
324 2337 518 2412 λόγον,
558 2339 849 2414 ἀναφορὰν
879 2348 1050 2415 ἔχειν,
1092 2339 1264 2415 μόνον
1303 2338 1559 2415 ἀρχιερέα
1597 2343 1710 2397 τῶν

99 2415 247 2478 ὅλων
276 2423 367 2478 καὶ
410 2422 581 2495 μόνον
619 2423 835 2500 ἁπάσης
877 2433 1105 2493 κτίσεως
1136 2428 1366 2498 βασιλέα
1407 2428 1498 2483 καὶ
1537 2423 1709 2498 μόνον

102 2508 402 2578 προφητῶν
460 2505 881 2583 ἀρχιπροφήτην
931 2516 1029 2568 τοῦ
1091 2508 1295 2584 πατρὸς
1345 2508 1703 2584 τυγχάνοντα.

101 2587 298 2646 τούτου
339 2588 390 2647 δ’
435 2587 713 2662 ἀπόδειξις
761 2592 820 2652 τὸ
859 2597 1074 2668 μηδένα
1123 2617 1208 2652 πω
1249 2600 1363 2652 τῶν
1403 2592 1573 2652 πάλαι
1616 2591 1707 2650 διὰ

100 2675 203 2729 τοῦ
230 2674 513 2747 συμβόλου
544 2681 945 2753 κεχρισμένων,
985 2678 1122 2753 μήτε
1155 2682 1350 2754 ἱερέων
1378 2676 1515 2753 μήτε
1547 2685 1709 2750 βασι-
1731 2705 1771 2736 30

216 2870 240 2906 3
269 2869 436 2910 Jerem.
461 2872 499 2919 4,
524 2874 592 2912 20.
764 2874 788 2912 6
821 2873 895 2915 Ps.
918 2875 957 2924 2,
983 2876 1021 2915 1.
