1986 3152
514 63 685 139 4ΗΙεΤ.
719 94 965 136 EocLES.
989 96 1088 138 v11
1122 98 1299 140 13—-15
1630 95 1736 148 313

114 210 256 287 “πρὸ
295 214 505 270 πολλοῦ
533 210 631 270 ὑπ’
670 214 804 286 ἐμοῦ
837 210 1262 314 συγκεχώρηται.
1328 214 1416 270 καὶ
1453 212 1544 270 διὰ
1573 215 1737 271 τοῦτο

110 293 428 398 ΞΑὐρήλιος
480 295 790 370 Κυρήνιος,
852 293 881 353 6
942 302 1041 354 τοῦ
1103 305 1367 370 μεγίστου
1418 295 1735 371 πράγματος

112 377 574 453 “προστατεύων,
638 379 735 438 τὸν
795 379 973 438 τύπον
1034 387 1232 439 τοῦτον
1295 380 1392 438 τὸν
1441 380 1539 438 ὑπ’
1600 385 1734 455 ἐμοῦ

111 461 392 523 “δοθέντα
424 461 799 538 διαφυλάξει.”
860 471 1032 522 ταῦτα
1065 468 1154 523 ἐπὶ
1184 466 1243 523 τὸ
1285 469 1627 539 σαφέστερον
1669 469 1729 523 ἐκ

117 553 212 622 τῆς
236 545 516 623 Ῥωμαίων
549 551 970 623 ἑρμηνευθέντα
999 548 1241 622 γλώττης
1285 554 1573 623 ἐγκείσθω.
1635 552 1729 607 καὶ
1775 569 1797 602 5

116 632 255 706 ἄλλη
289 636 348 692 δὲ
377 637 476 691 τοῦ
506 633 677 692 αὐτοῦ
709 633 946 702 διάταξις
978 637 1223 706 φέρεται,
1255 630 1325 706 ἣν
1355 634 1489 707 πρὸς
1516 637 1734 705 ἑτέρους

119 718 450 784 ἐπισκόπους
490 724 811 790 πεποίηται,
852 718 919 774 τὰ
948 724 1060 775 τῶν
1091 721 1451 791 καλουμένων
1480 742 1735 792 κοιμητη-

119 802 258 875 ρίων
287 801 705 874 ἀπολαμβάνειν
737 803 1050 874 ἐπιτρέπων
1079 808 1270 875 χωρία.

243 897 363 947 XIV.
427 896 559 962 [Nic.
600 897 657 946 H.
701 896 754 946 E.
782 895 866 950 VI,
908 894 1016 962 34]
1085 885 1176 943 'Ev
1205 884 1384 961 τούτῳ
1417 886 1477 942 δὲ
1506 890 1602 957 τῆς
1632 887 1735 958 μὲν

112 966 395 1044 Ῥωμαίων
437 972 728 1041 ἐκκλησίας
770 971 937 1026 εἰσέτι
987 967 1109 1028 τότε
1160 980 1461 1043 καθηγεῖτο
1501 968 1731 1041 Ξύστος,
1760 994 1803 1026 ιο

115 1059 212 1127 τῆς
264 1056 323 1111 δὲ
374 1052 460 1111 ἐπ’
510 1053 842 1127 Ἀντιοχείας
892 1053 1024 1127 μετὰ
1070 1053 1285 1126 Φάβιον
1313 1053 1733 1128 πΔημητριανὸς,

121 1136 516 1213 Φιρμιλλιανὸς
558 1139 620 1195 δὲ
659 1146 998 1210 Καισαρείας
1037 1142 1133 1210 τῆς
1172 1143 1600 1212 Καππαδοκῶν,
1643 1143 1735 1196 καὶ

117 1225 206 1281 ἐπὶ
246 1222 458 1289 τούτοις
499 1226 612 1280 τῶν
652 1221 790 1280 κατὰ
829 1222 1051 1280 Πόντον
1093 1226 1400 1296 ἐκκλησιῶν
1429 1222 1736 1297 Γρηγόριος

116 1313 209 1366 καὶ
238 1304 267 1365 6
299 1305 499 1365 τούτου
529 1305 770 1379 ἀδελφὸς
795 1305 1212 1381 Ἀθηνόδωρος,
1240 1304 1558 1382 Ὠριγένους
1589 1307 1736 1380 γνώ-

118 1416 281 1466 ριμοι.
343 1396 438 1464 τῆς
484 1391 536 1448 δ’
584 1394 673 1448 ἐπὶ
716 1398 1093 1465 Παλαιστίνης
1133 1399 1472 1467 Καισαρείας
1504 1398 1733 1450 Θεοκτί-
1761 1412 1803 1445 15

117 1497 252 1535 στου
293 1474 724 1549 μεταλλάξαντος
768 1479 1078 1577 διαδέχεται
1118 1474 1221 1548 τὴν
1271 1476 1578 1549 ἐπισκοπὴν
1618 1476 1736 1534 Δό-

118 1585 281 1634 μνος,
334 1568 535 1664 βραχει
582 1562 643 1618 δε
695 1559 876 1636 χρόνῳ
916 1560 1116 1619 τούτου
1160 1564 1556 1635 διαγενομένου
1602 1561 1735 1619 Θεό-

115 1669 334 1716 τεκνος,
376 1644 403 1702 6
447 1643 580 1702 καθ’
626 1643 794 1718 ἡμᾶς,
839 1644 1094 1747 διάδοχος
1136 1653 1480 1704 καθί.σταται
1529 1650 1636 1717 τῆς
1679 1643 1731 1701 δ’

113 1727 432 1804 Ὠριγένους
483 1734 767 1802 διατριβῆς
817 1732 909 1787 καὶ
962 1754 1120 1796 ουτος
1170 1722 1255 1803 ἦν.
1337 1729 1477 1787 ἀλλὰ
1531 1732 1622 1787 καὶ
1675 1734 1736 1786 ἐν

110 1813 510 1890 Ιεροσολύμοις
534 1811 1004 1888 ἀναπαυσαμένου
1029 1813 1375 1887 Μαζαβάνου
1404 1813 1501 1872 τὸν
1523 1812 1735 1887 θρόνον
1758 1835 1802 1867 20

112 1894 487 1972 Ὑμέναιος,
463 1923 491 1955 ο
535 1902 628 1956 καὶ
660 1898 825 1965 αὐτὸς
858 1901 946 1955 ἐπὶ
977 1905 1253 1966 πλείστοις
1283 1912 1396 1965 τοῖς
1427 1896 1562 1956 καθ’
1595 1898 1735 1972 ἡμᾶς

123 1987 432 2056 διαπρέψας
465 1988 626 2055 ἔτεσι,
660 1986 955 2051 διεδέξατο.

245 2079 345 2128 XV.
412 2078 544 2144 [Nic.
571 2079 629 2128 H.
658 2079 714 2128 E.
744 2079 817 2135 VI,
852 2077 956 2143 13.]
1035 2066 1192 2126 Κατὰ
1242 2067 1471 2135 τούτους
1515 2066 1736 2140 εἰρήνης

118 2148 440 2226 απανταχοῦ
482 2155 594 2209 τῶν
626 2156 933 2224 ἐκκλησιῶν
962 2150 1162 2225 οὔσης,
1209 2156 1270 2210 ἐν
1301 2159 1612 2227 Καισαρείᾳ
1642 2155 1736 2224 τῆς

40 2240 44 2241 ’
119 2243 500 2309 Παλαιστίνης
541 2246 798 2309 Μαρῐνος
840 2241 952 2293 τῶν
1006 2241 1066 2295 ἐν
1107 2243 1416 2310 στρατείαις
1466 2233 1735 2310 ἀξιώμασι
1758 2253 1802 2286 25

118 2323 523 2394 τετιμημένων,
563 2324 714 2392 γένει
754 2344 812 2377 τε
854 2323 947 2378 καὶ
977 2320 1199 2398 πλούτῳ
1230 2321 1543 2396 περιφανὴς
1573 2319 1735 2392 ἀνὴρ,

122 2403 214 2460 διὰ
258 2404 360 2477 τὴν
389 2408 634 2478 Χριστού
671 2412 984 2478 μαρτυρίαν
1021 2404 1124 2478 τὴν
1164 2407 1413 2479 κεφαλὴν
1442 2404 1737 2477 ἀποτέμνε-

119 2512 238 2560 ται,
279 2494 505 2546 τοιᾶσδε
546 2492 737 2547 ἕνεκεν
777 2495 972 2555 αἰτίας.
1043 2495 1091 2547 2.
1135 2490 1264 2564 τιμή
1303 2497 1386 2557 τίς
1428 2494 1543 2548 ἐστι
1588 2488 1736 2559 παρὰ

112 2567 395 2645 Ῥωμαίοις
435 2573 494 2630 τὸ
544 2576 751 2647 κλῆμα,
810 2566 877 2631 οὗ
915 2571 1047 2640 τους
1087 2575 1352 2648 τυχόντας
1393 2577 1568 2648 φασὶν
1610 2577 1737 2630 ἑκα-

121 2656 452 2731 τοντάρχους
482 2665 759 2729 γίνεσθαι.
821 2657 994 2716 τόπου
1026 2658 1411 2732 σχολάζοντος,
1456 2661 1543 2716 ἐπὶ
1574 2660 1734 2715 τοῦτο
1758 2671 1819 2711 30,

121 2746 403 2815 προκοπῆς
442 2742 539 2799 τὸν
579 2750 843 2814 Μαρῖνον
882 2739 916 2814 ἡ
957 2747 1055 2801 τοῦ
1099 2750 1326 2817 βαθμοῦ
1356 2742 1504 2811 τάξις
1536 2740 1733 2799 ἐκάλει.

123 2822 232 2899 ἤδη
262 2850 320 2884 τε
349 2829 619 2900 μέλλοντα
649 2831 744 2899 τῆς
774 2831 930 2900 τιμῆς
963 2835 1208 2901 ἔχεσθαι,
1242 2827 1543 2903 παρελθών
1574 2824 1737 2890 ἄλλος
