2032 3174
343 91 443 143 106
1012 89 1263 130 EUSEBII

335 212 615 263 πλείστων
658 207 861 279 ἑτέρων
901 207 992 261 καὶ
1026 211 1312 262 Φλαουίαν
1342 208 1689 278 Δομέτιλλαν
1731 204 1954 278 ίστορήῑ

338 308 563 361 σαντες,
599 291 651 356 ἐξ
685 287 932 360 ἀδελφῆς
962 301 1262 360 γεγονυῖαν
1295 297 1578 347 Φλαουίου
1608 289 1946 362 Κλήμεντος,

342 371 466 440 ἑνὸς
495 379 606 430 τῶν
637 371 899 445 τηνικάδε
931 375 1019 430 ἐπὶ
1041 371 1246 446 Ῥώμης
1275 369 1535 445 ὑπάτων,
1575 378 1669 447 τῆς
1701 381 1777 441 εἰς
1809 383 1947 447 Χρι-

339 457 472 514 στὸν
503 463 806 530 μαρτυρίας
837 460 1028 514 ἕνεκεν
1060 463 1137 524 εἰς
1159 461 1334 530 νῆσον
1358 464 1606 515 Ποντίαν
1628 458 1764 514 κατὰ
1785 482 1946 532 τιμω-

290 558 315 589 5
340 547 468 613 ρίαν
501 540 783 599 δεδόσθαι.

482 637 605 686 XIX.
662 637 791 703 [Nic.
819 638 876 686 Ι.Ι
906 638 960 686 Ε.
989 637 1075 693 ΙΙΙ,
1110 635 1216 702 10.]
1292 632 1402 682 Τοῦ
1457 624 1506 682 δ’
1555 625 1725 683 αὐτοῦ
1766 635 1945 698 Δομε-

339 714 532 767 τιανοῦ
562 710 689 776 τοὺς
721 708 828 767 απὸ
860 712 1056 781 γένους
1087 713 1277 782 Δαβὶδ
1316 707 1670 782 αναιρεῖσθαι
1711 731 1946 782 προστα-

340 800 532 862 ξαντος
582 793 812 862 παλαιὸς
852 798 1066 868 κατέχει
1105 794 1263 867 λόγος
1303 799 1417 851 τῶν
1460 797 1754 867 αἱρετικῶν
1792 819 1946 861 τινας

341 882 713 952 κατηγορῆσαι,
743 883 855 937 τῶν
885 878 1180 951 ἀπογόνων
1207 876 1412 949 Ἰούδα,
1457 880 1678 951 (τοῦτον
1712 880 1771 936 δὲ
1804 878 1945 937 εἶναι

274 979 316 1010 10
340 962 591 1035 ἀδελφὸν
631 963 769 1020 κατὰ
810 962 987 1033 σάρκα
1027 968 1124 1020 τοῦ
1157 963 1454 1036 σωτῆρος),
1501 960 1574 1029 ὠς
1613 960 1719 1020 ἀπὸ
1751 965 1946 1035 γένους

341 1046 732 1121 τυγχανόντων
762 1050 981 1119 Δαβὶδ,
1023 1051 1115 1105 καὶ
1155 1046 1229 1112 ὡς
1269 1046 1442 1104 αὐτοῦ
1481 1050 1810 1120 συγγένειαν
1848 1053 1947 1104 τοῦ

341 1135 585 1203 Χριστοῦ
613 1131 918 1204 φερόντων.
979 1136 1151 1189 ταῦτα
1194 1135 1254 1188 δὲ
1296 1138 1457 1204 δηλοῖ
1495 1132 1631 1188 κατὰ
1661 1134 1808 1199 λέξιν
1839 1123 1952 1188 οἶδε’

341 1238 455 1282 πως
487 1219 664 1287 λέγων
694 1215 723 1272 ὁ
746 1215 1114 1288 (Ηγήσιπποςγ

481 1311 583 1360 ΧΧ.
639 1298 797 1357 “”Ετι
824 1301 885 1357 δὲ
908 1304 1179 1373 περιῆσαν
1201 1305 1258 1357 οἱ
1276 1298 1383 1355 ἀπὸ
1406 1300 1603 1371 γένους
1625 1303 1723 1356 τοῦ
1747 1305 1947 1401 κυρίου

274 1384 345 1433 15‘
353 1381 567 1441 υἱωνοὶ
604 1383 814 1455 Ἰούδα,
875 1388 975 1441 τοῦ
1017 1385 1154 1442 κατὰ
1193 1382 1371 1455 σάρκα
1421 1387 1723 1457 λεγομένου
1775 1380 1947 1440 αὐτου

332 1465 396 1487 ‘f’

369 1472 647 1541 αδελφοῦ,
700 1466 798 1536 οὓς
850 1468 1292 1541 ε’δηλατόρευσαν
1332 1493 1404 1535 ως
1451 1472 1510 1526 ἐκ
1549 1470 1746 1541 γένους
1783 1468 1945 1534 ὄντας

330 1550 575 1656 ἶΔαβίδ.
618 1553 848 1620 τούτους
893 1552 942 1610 δ’
989 1550 1412 1619 ὁἸουόκατος’
1388 1551 1562 1625 η’γαγε
1593 1551 1729 1626 πρὸς
1760 1562 1947 1624 Δομε-

330 1637 559 1694 “τιανὸν
589 1644 871 1708 Καίσαρα·
922 1642 1174 1711 ἐφοβεῖτο
1216 1662 1320 1710 γαρ
1360 1635 1464 1709 τὴν
1502 1643 1817 1709 παρουσίαν
1846 1641 1945 1693 τοῦ

330 1721 616 1791 “Χριστοῦ
656 1718 727 1788 ὦς
773 1725 864 1779 καὶ
898 1718 1165 1795 οΗρώδης.
1226 1727 1274 1779 2.
1318 1724 1412 1778 καὶ
1452 1720 1805 1794 ἐπηρώτησεν
1846 1717 1945 1776 αύ-

274 1803 344 1856 20
370 1805 500 1872 τους
533 1813 584 1863 εἰ
614 1809 673 1862 ἐκ
703 1813 893 1879 Λαβίδ
926 1813 1061 1878 εἰσι,
1105 1809 1197 1863 καὶ
1229 1804 1641 1880 ωμολόγησαν.
1665 1805 1787 1862 τότε
1818 1807 1945 1876 ε’πη-

333 1886 618 1990 ἶρωτησεν
659 1890 862 1958 αὐτους
903 1890 1075 1958 πόσας
1117 1889 1330 1963 κτήσεις
1371 1898 1618 1964 ε’χουσιν,
1669 1885 1703 1962 ἢ
1756 1887 1946 1946 πόσων

332 1970 663 2075 ἶχρημοὲτων
693 1974 1067 2048 κυριεύουσιν.
1130 2000 1181 2032 οι
1224 1977 1284 2032 δε
1327 1975 1490 2032 εἶπαν
1520 1971 1820 2047 αμφότεροι
1861 1977 1945 2030 ε’ν-

332 2055 682 2131 “νακισχίλια
730 2059 966 2132 δηναρια
994 2058 1265 2132 ὑπαρχειν
1295 2056 1481 2124 αὐτοῖς
1521 2057 1693 2132 μόνα,
1735 2062 1945 2115 εκαστω

333 2138 558 2198 ((αύτῶν
600 2141 900 2214 ἀνήκοντος
938 2146 1039 2199 τοῦ
1078 2140 1317 2215 ἡμίσεος.
1392 2146 1484 2199 καὶ
1525 2149 1697 2199 ταῦτα
1740 2141 1844 2199 οὐκ
1885 2145 1946 2198 ἐν

270 2222 656 2299 ’25“οέργυρίοις
700 2233 945 2299 ἔφασκον
991 2233 1165 2299 ἔχειν,
1222 2223 1346 2282 ἀλλ’
1397 2230 1456 2283 ἐν
1499 2226 1806 2299 διατιμήσει
1845 2231 1945 2297 γῆς

332 2308 635 2382 ((πλέθρων
673 2309 966 2383 τριάκοντα
1007 2313 1169 2368 ἐννέα
1206 2309 1424 2383 μόνων,
1470 2314 1522 2378 ἐξ
1565 2302 1645 2367 οἷν
1684 2312 1776 2366 καὶ
1816 2309 1945 2375 τοὺς

332 2391 577 2466 “φόρους
618 2391 921 2467 ἀναφέρειν
959 2397 1049 2452 καὶ
1093 2392 1295 2461 αὐτοὺς
1334 2392 1794 2467 αύτουργοῦντας
1829 2397 1944 2450 δια-

335 2475 690 2550 ”τρέφεσθαι.
752 2483 799 2535 3.
844 2479 959 2535 εἷτα
1003 2480 1064 2535 δὲ
1103 2481 1194 2535 καὶ
1235 2478 1329 2545 τὰς
1370 2493 1555 2553 χεῖρας
1595 2477 1690 2544 τοὶς
1730 2482 1945 2536 ἑαυτῶν

327 2560 358 2580 “
373 2562 768 2635 ἐπιδεικνύναι,
797 2562 1102 2635 μαρτύριον
1123 2567 1216 2635 τῆς
1239 2562 1572 2635 αὐτουργίας
1595 2562 1697 2635 τὴν
1718 2565 1817 2619 τοῦ
1840 2561 1944 2618 σω’·

271 2644 537 2717 30“ματος
568 2653 837 2719 σκληρίαν
867 2650 959 2704 καὶ
989 2645 1116 2713 τούς
1147 2645 1254 2704 ἀπὸ
1278 2651 1372 2719 τῆς
1397 2653 1662 2720 συνεχοῦς
1688 2650 1944 2718 ἐργασίας
1996 2711 2013 2716 κ

334 2728 908 2803 “ε’ναποτυπωθέντας
942 2733 1030 2788 ἐπὶ
1060 2735 1171 2788 τῶν
1205 2737 1366 2789 ἰδίων
1395 2736 1596 2805 χειρῶν
1619 2729 1818 2795 τύλους
1843 2753 1943 2786 πα-

334 2814 679 2886 “ρισταντας.
740 2820 786 2871 4.
824 2818 1199 2887 ε’ρωτηθέντας
1234 2817 1293 2872 δὲ
1317 2820 1443 2887 περὶ
1466 2821 1564 2874 τοῦ
1588 2817 1831 2889 Χριστοῦ
1852 2815 1942 2870 καὶ
