2032 3174
319 529 348 549 ee

281 556 302 588 5

325 82 392 134 90
617 99 619 101 ·
1014 82 1258 124 EUSEBII

318 196 383 217 (C,

318 204 629 300 “απωλειἀς
664 206 786 254 ἰσον
816 189 899 270 ἦν
971 195 1244 270 προφάσει
1285 197 1388 271 γὰρ
1431 195 1758 271 αὐτομολίας
1790 195 1930 274 ἀνῃ-

318 278 504 353 “ρεῑτό
543 305 623 346 τις
667 279 757 337 διά
797 278 899 353 τὴν
939 279 1151 338 οὐσίαν.
1222 287 1297 358 τῷ
1340 286 1478 358 λιμῷ
1521 283 1583 339 δὲ
1624 280 1655 355 ἡ
1696 281 1929 340 ἀπόνοια

318 361 466 421 Πτῶν
498 369 845 422 στασιαστῶν
869 363 1200 438 συνήκμαζε,
1233 368 1325 422 καὶ
1347 364 1476 422 καθ’
1507 362 1717 440 ἡμέραν
1749 365 1931 439 ἀμφό-

317 444 483 521 “τερα
515 447 908 522 προσεξεκάετο
939 447 1004 506 τά
1040 448 1208 506 δεινά.
1263 454 1311 507 2.
1345 447 1584 524 φανερὸς
1615 453 1718 522 μέν
1747 475 1809 522 γε
1833 449 1932 507 οὐ-
2005 519 2010 524 ¹

358 537 539 606 δαμού
570 547 717 600 σῖτος
749 525 847 606 ἦν,
892 537 1330 606 ἐπεισπηδῶντες
1374 535 1436 590 δὲ
1479 532 1791 608 διηρεύνων
1832 532 1927 600 τάς

318 613 559 689 “οι’κίας,
607 615 788 675 ἔπειθ’
826 614 1084 691 εὑρόντες
1124 618 1226 691 μὲν
1259 614 1329 684 ῶς
1361 615 1775 692 ἀρνησαμένους
1807 616 1932 692 ᾐκί-
2007 638 2010 642 ’

315 698 535 774 “ζοντο,
569 700 641 775 μὴ
676 698 930 776 εὑρόντες
965 703 1024 758 δὲ
1057 701 1129 767 ὡς
1165 705 1581 776 ἐπιμελέστερον
1612 701 1931 777 κρύψαντας
1987 721 1994 727 ’

318 781 692 857 “ε’βασάνιζον.
765 785 1059 860 τεκμήριον
1102 787 1162 843 δὲ
1203 789 1301 844 τοῦ
1339 783 1391 843 τ’
1435 793 1580 860 ἔχειν
1626 789 1716 843 καὶ
1761 784 1834 859 μὴ
1866 785 1932 843 τὰ

316 865 577 943 ’(σῶματα
619 875 730 927 τῶν
772 869 988 928 ἀθλίων
1019 862 1116 943 ἦν,
1157 864 1234 928 ῶν
1265 876 1321 928 οἱ
1346 871 1448 944 μὲν
1481 877 1558 927 ἔτι
1590 876 1931 938 συνεστῶτες

264 980 304 1010 10
320 949 619 1029 “εὐπορεϊν
648 959 852 1030 τροφῆς
887 954 1149 1027 ἐδόκουν,
1192 959 1246 1012 οἱ
1273 954 1560 1028 τηκόμενοι
1596 955 1656 1011 δὲ
1687 952 1794 1027 ἤδη
1826 977 1933 1010 πα-

262 1399 302 1430 15

263 1819 303 1851 20

319 1033 694 1111 “ρωδεύοντο,
727 1041 818 1095 καὶ
851 1045 1088 1097 κτείνειν
1118 1037 1319 1111 ἄλογον
1353 1038 1530 1096 ἐδόκει
1561 1036 1688 1105 τούς
1719 1035 1819 1095 ὑπ”
1849 1041 1934 1095 ἐν·

318 1117 508 1188 ηδείας
548 1124 986 1196 τεθνηξομένους
1027 1121 1237 1180 αὐτίκα.
1319 1128 1365 1180 3.
1410 1124 1602 1180 πολλοὶ
1649 1123 1707 1179 δὲ
1748 1121 1933 1195 λάθρα

316 1201 447 1272 “τάς
480 1206 693 1277 κτήσεις
726 1206 847 1272 ἑνὸς
889 1204 1419 1280 ἀντικατηλλάξαντο
1460 1209 1690 1281 μέτρου,
1738 1211 1932 1279 πυρῶν

317 1285 484 1362 ’(μὲν,
520 1296 571 1347 εἰ
600 1289 996 1362 πλουσιώτεροι
1027 1290 1357 1364 τυγχάνοιεν
1381 1289 1565 1361 ὄντες,
1598 1296 1655 1347 οἷ
1685 1291 1743 1347 δὲ
1775 1292 1932 1347 πενέ-

315 1372 558 1481 :dtspoc
568 1378 782 1449 κριθῆς.
839 1381 1024 1432 ἔπειτα
1055 1381 1468 1442 κατακλείοντες
1500 1374 1729 1442 εαυτοὺς
1762 1380 1838 1440 εἰς
1869 1371 1934 1430 τά

313 1454 658 1564 ἒμυχαίτατα
688 1465 800 1516 τῶν
831 1464 1023 1516 οἰκιῶν
1052 1484 1196 1527 τινες
1239 1484 1341 1532 μεν
1379 1455 1480 1516 υπ’
1511 1457 1681 1532 άκρας
1719 1461 1934 1525 ἐνδείας

316 1541 696 1646 ἶάνέργαστον
725 1541 822 1600 τὸν
853 1557 1008 1601 σῖτον
1038 1543 1267 1616 ἤσθιον,
1310 1568 1362 1600 οι
1405 1544 1466 1600 δε
1497 1550 1761 1615 ἐ’,πεσσον
1795 1541 1867 1609 ὡς
1898 1539 1933 1614 ἦ

318 1622 413 1683 “te
445 1627 657 1700 ἀνάγκη
690 1630 780 1684 καὶ
812 1626 872 1684 τὸ
908 1630 1029 1694 δέος
1060 1627 1307 1702 παρῄνει.
1362 1632 1410 1684 4
1445 1630 1536 1684 καὶ
1566 1625 1801 1698 τράπεζα
1831 1649 1933 1699 μεν

317 1706 347 1729 (Ε
405 1708 417 1728 2

355 1716 601 1784 ουδαμοῦ
642 1718 1000 1783 παρετίθετο,
1041 1716 1139 1768 τοῦ
1183 1713 1241 1768 δε
1282 1710 1457 1785 πυρὸς
1489 1708 1821 1783 ἀφέλκοντες
1853 1708 1930 1767 ἔτ’

319 1793 476 1868 “ῶμά
507 1794 572 1852 τά
604 1802 750 1852 σιτία
782 1794 1094 1868 διήρπαζον.
1159 1794 1367 1867 ἐλεεινὴ
1395 1793 1444 1852 δ’
1482 1795 1551 1867 ἠν
1574 1793 1607 1866 ἡ
1632 1793 1810 1869 τροφὴ
1843 1795 1933 1850 καὶ

318 1875 619 1954 “δακρύων
649 1880 797 1948 ἄξιος
829 1879 861 1952 ἡ
892 1882 1025 1952 θέα,
1059 1883 1182 1936 τῶν-
1200 1904 1301 1952 μεν
1335 1881 1734 1951 δυνατωτέρων
1766 1886 1931 1936 πλεο-

318 1959 736 2036 “νεκτου’ντων,
769 1969 880 2021 τῶν
914 1965 974 2020 δὲ
1003 1925 1264 2021 ἀσθενῶν
1294 1961 1666 2036 ὀδυρομένων.
1710 1968 1757 2019 5.
1791 1961 1934 2020 πάν-

318 2042 468 2104 “cmv
520 2049 621 2120 μὲν
666 2048 732 2120 δὴ
775 2052 977 2106 παθῶν
1015 2043 1375 2121 ὑπερίσταται
1428 2047 1612 2120 λιμὸς,
1662 2044 1829 2104 οὐδὲν
1873 2043 1930 2103 δ’

317 2128 532 2198 “οῧτως
563 2130 868 2189 ἀπόλλυσιν
900 2128 971 2199 ῶς
1003 2131 1187 2198 αἰδώς.
1240 2130 1299 2188 τὸ
1330 2130 1434 2205 γάρ
1458 2129 1635 2198 ἄλλως
1668 2133 1934 2203 ἐντροπῆς

263 2210 509 2282 25“ἀξιον
554 2219 614 2272 ἐν
651 2215 827 2292 τούτῳ
870 2229 1308 2289 καταφρονεῖται.
1382 2229 1640 2288 γυναῖκες
1671 2221 1810 2288 γοῦν
1841 2213 1934 2271 ἀν-

318 2297 510 2404 “δρῶν
549 2301 640 2356 καὶ
671 2305 864 2367 παῖδες
896 2302 1176 2373 πατέρων,
1219 2302 1309 2356 καὶ
1339 2299 1398 2356 τὸ
1423 2299 1802 2374 οἰκτρότατον,
1834 2323 1934 2400 μη-

319 2375 507 2486 ἱτέρες
537 2390 754 2457 νηπίων
781 2382 1077 2457 ἐξήρπαζον
1105 2388 1155 2452 ἐξ
1183 2381 1366 2442 αὐτῶν
1390 2388 1500 2441 τῶν
1525 2383 1810 2457 στομάτων
1839 2381 1934 2450 τάς

319 2462 576 2570 Ξτροφάς.
638 2471 729 2524 καὶ
760 2474 870 2525 τῶν
910 2467 1187 2540 φιλτάτων
1220 2473 1279 2526 ἐν
1327 2470 1480 2542 χερσὶ
1511 2469 1935 2544 μαραινομένων

320 2548 459 2608 “ofin
490 2553 558 2623 ἠν
590 2551 766 2624 φειδω
797 2551 922 2618 τοὺς
953 2557 1051 2609 τοῦ
1093 2555 1187 2625 ζῆν
1227 2552 1538 2626 ἀφελέσθαι
1570 2552 1929 2625 σταλαγμούς.

272 2655 314 2688 30
328 2631 412 2691 “6
447 2638 671 2693 τοιαῦτα
699 2633 753 2692 δ’
789 2640 1072 2703 ἐσθίοντες
1098 2636 1244 2710 ὅμως
1269 2634 1334 2694 οὐ
1363 2635 1744 2694 διελάνθανον.
1797 2659 1933 2692 παν·

322 2715 530 2822 Σταχου
572 2717 625 2776 δ’
668 2713 771 2778 οὖν
812 2724 1104 2793 ἐφίσταντο
1144 2746 1195 2778 οι
1237 2722 1556 2778 στασιασταὶ
1599 2722 1689 2777 καὶ
1720 2718 1932 2777 τούτων

322 2799 475 2870 “vals
489 2800 772 2878 ἁρπαγαῖς.
817 2801 981 2862 ὁπότε
1006 2804 1108 2880 γὰρ
1135 2811 1413 2863 κατίδοιεν
1426 2803 1928 2878 ἀποκεκλεισμένην
