1986 3152
482 106 731 149 EUSEBII
759 106 916 150 HIST.
945 106 1195 149 ECCLES.
1228 107 1308 159 IX,
1339 107 1374 147 Ι.
1637 104 1743 155 419

785 289 995 332 ΛΟΓΟΣ
1035 289 1090 331 Θ.

276 403 314 452 Ι.
392 402 521 466 [Νἰο.
562 403 619 452 Η.
660 403 710 451 E.
750 403 846 460 VII,
884 400 993 466 24]
1079 391 1159 448 Τόι
1211 391 1316 464 μὲν
1366 391 1434 463 δὴ
1484 397 1581 463 τῆς
1632 412 1742 447 πα-

133 479 397 551 λινῳδίας
412 481 514 532 τοῦ
529 477 901 548 προτεθέντος
923 479 1211 549 βασιλικοῦ
1232 476 1506 548 νεύματος
1520 473 1743 547 ἤπλωτο

132 567 228 631 τῆς
251 557 443 625 Ἀσίας
473 558 653 630 πάντη
683 561 777 615 καὶ
807 565 1124 632 πανταχοῦ,
1177 559 1317 616 κατά
1355 583 1414 616 τε
1457 559 1555 626 τας
1597 556 1742 632 άμφὶ

131 643 342 715 ταύτην
393 646 684 717 ἐπαρχίας·
740 638 820 700 ὧν
870 649 1072 700 τοῦτον
1118 645 1586 701 ἐπιτελεσθέντων
1642 643 1743 700 τὸν
1765 669 1786 702 5

130 727 342 801 τρόπον
380 730 696 800 Μαξιμῖνος
737 723 766 783 ὁ
812 727 899 784 ἐπ’
933 726 1204 799 ἀνατολῆς
1246 728 1554 802 τύραννος,
1598 733 1742 784 δυσ-

134 817 461 884 σεβέστατος
503 817 556 868 ει’
590 817 690 868 καί
723 834 802 878 τις
842 811 1038 883 ἄλλος,
1091 813 1185 868 καὶ
1226 817 1323 883 τῆς
1364 818 1444 878 εἰς
1486 812 1587 869 τὸν
1627 818 1741 868 τῶν

131 896 282 953 ὅλων
309 895 451 953 θεὸν
483 894 771 968 εὐσεβείας
802 896 1209 968 πολεμιώτατος
1240 897 1515 967 γεγονώς,
1562 895 1741 952 οὐδα-

129 985 246 1053 μῶς
275 993 391 1047 τοῖς
421 993 720 1055 γραφεῖσιν
751 976 1045 1054 άρεσθεὶς,
1081 978 1207 1037 ἀντὶ
1238 986 1337 1036 τοῦ
1368 981 1739 1053 προτεθέντος

130 1064 448 1138 γράμματος
479 1062 628 1141 λόγῳ
664 1065 993 1138 προστάττει
1026 1077 1143 1131 τοῖς
1165 1063 1268 1121 ὑπ’
1296 1063 1472 1122 αὐτὸν
1503 1064 1738 1139 ἄρχουσι
1763 1090 1805 1122 10

128 1147 229 1206 τὸν
268 1147 403 1205 καθ’
464 1145 627 1222 ἡμῶν
683 1148 900 1206 ἀνεῖναι
940 1149 1201 1222 πόλεμον.
1278 1151 1398 1206 ἐπεὶ
1439 1148 1545 1223 γάρ
1588 1147 1745 1224 αὐτῷ

128 1234 202 1305 μὴ
236 1236 365 1306 ἐξῆν
396 1232 579 1299 ἄλλως
608 1238 678 1307 τῇ
707 1239 820 1291 τῶν
850 1233 1182 1307 κρειττόνων
1214 1232 1516 1305 ἀντιλέγειν
1547 1240 1743 1306 κρίσει,

127 1317 229 1374 τὸν
281 1319 689 1424 προεκτεθέντα
738 1318 914 1391 νόμον
958 1320 1017 1374 ἐν
1062 1317 1401 1395 παραβύστῳ
1442 1320 1594 1389 θεις,
1647 1319 1743 1374 καὶ

128 1401 278 1469 ὅπως
320 1405 381 1458 ἐν
423 1413 538 1468 τοῖς
581 1397 685 1458 υπ’
736 1401 912 1459 αὐτὸν
951 1403 1142 1476 μέρεσι
1191 1402 1270 1503 μῆ
1322 1409 1400 1469 εἰς
1452 1406 1742 1475 προῦπτον

128 1484 328 1560 ἀχθείη
373 1492 707 1560 φροντίσας,
762 1485 1000 1563 ἀγράφῳ
1055 1487 1434 1560 προστάγματι
1473 1500 1588 1553 τοῖς
1629 1482 1735 1543 υπ’
1764 1510 1803 1542 15

127 1570 304 1628 αὐτὸν
327 1569 560 1646 ἄρχουσι
582 1571 683 1628 τὸν
706 1570 841 1628 καθ’
868 1571 1028 1644 ἡμῶν
1054 1571 1299 1644 διωγμὸν
1323 1571 1540 1629 άνεῖναι
1561 1589 1741 1646 προσ·

126 1655 321 1712 τάττει.
404 1659 462 1712 οί
511 1656 575 1712 δὲ
615 1655 681 1712 τὰ
722 1661 818 1728 τῆς
859 1656 1316 1730 παρακελεύσεως
1357 1654 1611 1728 ἀλλήλοις
1652 1656 1743 1712 διὰ

126 1745 349 1814 γραφῆς
391 1738 901 1813 ὑποσημαίνουσιν.
983 1744 1033 1796 2.
1089 1736 1119 1797 ὁ
1173 1745 1316 1812 γοῦν
1368 1739 1502 1814 παρ’
1546 1739 1742 1806 αὐτοῖς

125 1829 203 1899 τῷ
233 1830 347 1881 τῶν
390 1824 743 1896 ἐξοχωτάτων
785 1824 1043 1899 ἐπάρχων
1085 1823 1350 1898 ἀξιώματι
1387 1825 1742 1898 τετιμημένος

127 1914 377 1980 Σαβῖνος
410 1908 549 1981 πρὸς
581 1908 711 1976 τούς
750 1908 871 1966 κατ’
907 1916 1072 1975 ἔθνος
1115 1905 1467 1982 ἡγουμένους
1497 1909 1600 1982 τὴν
1631 1915 1735 1980 βα-
1762 1930 1804 1963 20

125 1995 317 2059 σιλέως
370 1995 628 2066 ἐμφαίνει
666 1992 900 2067 γνώμην
950 1994 1043 2051 δια
1079 1990 1378 2067 εῬωμαικῆς
1433 1997 1740 2065 ἐπιστολῆς,

125 2080 190 2150 ῆς
220 2079 315 2134 καὶ
346 2075 519 2149 αὐτῆς
550 2077 584 2150 ἡ
614 2080 876 2152 ἑρμηνεία
904 2084 1106 2135 τοῦτον
1137 2080 1372 2152 περιέχει
1400 2078 1501 2135 τὸν
1530 2079 1742 2152 τρόπον

126 2157 216 2218 3.‘
219 2156 615 2237 Λιπαρωτάτῃ
647 2164 740 2219 καὶ
763 2165 1174 2238 καθωσιωμένῃ
1201 2168 1423 2238 σπουδῇ
1454 2187 1488 2235 η
1519 2162 1741 2234 θειότης

117 2241 270 2303 “τῶν
295 2251 584 2304 δεσποτῶν
606 2242 771 2320 ἡμῶν
792 2249 1100 2305 θειοτάτων
1131 2246 1562 2323 αὐτοκρατόρων
1593 2247 1734 2304 πάν-

117 2325 265 2386 Γ(των
303 2335 418 2387 τῶν
459 2329 784 2405 ἀνθρώπων
825 2332 921 2399 τὰς
965 2337 1216 2399 διανοίας
1258 2332 1396 2407 πρὸς
1437 2332 1540 2405 τὴν
1572 2328 1736 2389 ὁσίαν
1761 2353 1802 2385 25

117 2410 250 2470 “καὶ
293 2412 478 2489 ὀρθὴν
527 2421 630 2472 τοῦ
686 2421 782 2489 ζῆν
828 2415 968 2474 ὁδὸν
1023 2430 1384 2493 περιαγαγεῖν
1438 2423 1517 2474 ἔτι
1570 2415 1741 2473 πάλαι

117 2494 393 2573 “ὡ’ρισεν,
434 2499 586 2566 ὅπως
626 2501 721 2556 καὶ
761 2505 820 2557 οἰ
853 2498 1124 2576 ἀλλοτρίᾳ
1146 2501 1429 2575 Ῥωμαίων
1460 2508 1740 2575 συνηθείᾳ

116 2578 496 2641 “άκολουθεῖν
539 2589 838 2652 δοκοῦντες
891 2584 989 2651 τοὶς
1030 2583 1394 2659 ὀφειλομένας
1433 2592 1741 2661 θρησκείας

116 2662 268 2735 “τοῖς
311 2667 610 2736 ἀθανάτοις
652 2677 809 2736 θεοῖς
854 2672 1173 2728 ἐπιτελοῖεν.
1242 2675 1291 2727 4.
1338 2667 1466 2727 ἄλλ’
1502 2670 1535 2743 ἡ
1568 2675 1739 2726 τινῶν

112 2747 403 2821 “ἔνστασις
441 2756 536 2811 καὶ
564 2754 877 2829 τραχυτάτη
914 2754 1091 2827 βουλὴ
1125 2760 1204 2822 είς
1233 2760 1502 2813 τοσοῦτον
1531 2755 1717 2827 περιέ-
1736 2773 1777 2805 30

113 2831 250 2910 “στη
293 2834 368 2905 ὦς
408 2839 545 2912 μήτε
574 2844 817 2915 λογισμῷ
849 2843 1044 2916 δικαίῳ
1077 2845 1174 2912 τῆς
1204 2840 1510 2906 κελεύσεως
1541 2838 1720 2895 δυ’να-

1370 2932 1481 2984 27*
