1986 3152
558 126 638 165 DE
670 125 849 167 MART.
885 126 1181 168 PALAEST.
1214 127 1289 167 IV.
1616 124 1722 178 389

120 247 320 316 ἔρωτος
359 242 452 296 καὶ
494 247 803 314 παρρησίας
845 246 941 313 τῆς
986 247 1064 307 εἰς
1105 241 1243 298 θεὸν
1284 238 1580 315 ὁμολογίας
1621 250 1722 301 τοῦ

119 330 395 398 μακαρίου
427 325 521 380 καὶ
564 320 637 389 ῶς
668 322 894 395 ἀληθῶς
937 323 1120 397 ἀμνοῦ
1152 325 1398 398 ακακου,
1441 327 1723 402 μάρτυρος

115 407 426 482 Ἀπφιανοῦ
457 409 631 480 φημὶ,
662 413 763 464 τοῦ
796 408 902 482 πρὸ
936 415 1135 466 πυλῶν
1160 411 1251 466 ἐπὶ
1273 418 1521 484 θεωρίαν
1553 412 1725 470 ἅπασι

118 507 231 560 τοῖς
283 516 421 550 κατα
470 492 804 564 Καισαρειαν
843 493 1178 565 θαυμαστὸν
1229 495 1575 569 παραδειγμα
1627 503 1725 569 τῆς

121 584 200 645 εἰς
228 577 327 634 τὸν
357 577 534 651 μόνον
563 575 702 633 θεὸν
734 575 1018 648 εὐσεβείας
1043 581 1526 680 προβεβλημένου;
1559 584 1607 635 3.
1645 587 1725 638 εί·-
1748 598 1769 631 5

122 661 322 720 κοστόν
353 667 472 728 ἔτος
504 659 729 718 οὐδέπω
760 667 925 717 τοῦτο
954 667 1051 733 τῆς
1094 668 1194 719 τοῦ
1229 664 1479 735 σώματος
1510 660 1727 736 ἡλικίας

117 771 192 820 ην
236 745 409 803 αὐτῶ.
483 750 706 819 πρῶτον
744 745 848 818 μὲν
890 748 997 801 οὐν
1037 751 1134 817 τῆς
1159 745 1437 818 Ἑλλήνων
1478 753 1728 814 παιδείας

122 834 284 889 ἕνεκα
315 836 582 903 κοσμικῆς
614 829 909 902 (ἐτύγχανε
939 853 1048 903 γαρ
1081 831 1174 886 καὶ
1205 835 1317 886 τῶν
1348 852 1486 887 κατα
1518 832 1729 905 κόσμον

120 909 186 973 εὖ
216 915 363 988 μάλα
405 914 632 990 πλούτῳ
665 913 1136 987 περιρρεομένων)
1177 913 1276 970 τὸν
1321 920 1552 972 πλείονα
1592 939 1731 972 κατα

120 1000 225 1072 τὴν
256 998 516 1073 Βηρυτὸν
549 1004 843 1071 διατρίψας
873 997 1108 1072 χρόνον,
1151 998 1469 1071 παραδοξον
1508 1001 1602 1055 καὶ
1646 1007 1723 1058 εί-
1753 1019 1793 1052 10

119 1098 278 1156 πεῖν,
325 1083 398 1149 ὡς
442 1086 502 1140 ἐν
543 1083 772 1157 τοιαύτῃ
816 1083 969 1140 πόλει
1005 1089 1118 1139 τῶν
1148 1088 1495 1157 νεωτερικῶν
1528 1086 1732 1142 ἐπιθυ-

119 1174 261 1242 μιῶν
289 1164 555 1241 ’ὑπεράνω
585 1168 914 1239 γενόμενος,
959 1169 1051 1223 καὶ
1091 1165 1233 1240 μήθ’
1277 1162 1391 1224 ’ὑπὸ
1424 1167 1600 1240 ἀκμῆς
1628 1174 1731 1226 τοῦ

121 1253 370 1326 σώματος
433 1249 573 1324 μήθ’
631 1247 744 1308 ὑπὸ
795 1257 893 1323 τῆς
943 1257 1056 1308 τῶν
1106 1253 1252 1308 νέων
1305 1254 1549 1325 ἑταιρίας
1605 1257 1727 1308 δια-

120 1338 361 1412 φθαρεὶς
390 1336 489 1392 τὸν
518 1335 728 1409 τρόπον
761 1336 1138 1407 σωφροσύνην
1167 1333 1456 1408 ἠσπάζετο,
1487 1343 1730 1408 κοσμίως

120 1423 214 1478 καὶ
266 1426 480 1494 σεμνῶς
525 1422 617 1476 καὶ
660 1419 905 1492 εὐσεβῶς
957 1420 1095 1476 κατα
1135 1419 1239 1475 τόν
1280 1426 1551 1493 αἱροῦντα
1591 1430 1730 1495 Χρι-
1753 1437 1793 1470 15

122 1510 423 1582 στιανισμῶ
455 1504 627 1575 λόγον
658 1505 926 1576 διεξάγων
956 1506 1047 1560 καὶ
1079 1504 1177 1560 τὸν
1211 1506 1412 1561 ἑαυτοῦ
1442 1510 1727 1576 παιδαγω-

50 1598 56 1601 ’
122 1595 241 1662 γῶν
271 1596 414 1662 βίον.
484 1593 534 1644 4.
582 1596 637 1657 εἰ
672 1590 735 1646 δὲ
776 1589 879 1662 χρὴ
925 1588 1149 1662 μνήμην
1190 1591 1596 1661 ποιησαμένους
1637 1591 1730 1646 καὶ

120 1681 219 1748 τῆς
263 1678 529 1748 πατρίδος
575 1671 754 1730 αὐτοῦ
807 1691 1080 1746 κοσμησαι
1121 1674 1214 1729 καὶ
1258 1674 1468 1745 ταύτην
1510 1672 1602 1730 δια
1632 1679 1732 1729 τοῦ

122 1762 501 1832 προαχθέντος
545 1761 597 1826 ἐξ
631 1756 803 1831 αὐτῆς
843 1765 1110 1829 γενναίου
1141 1763 1237 1831 τῆς
1266 1763 1587 1829 θεοσεβειας
1619 1756 1731 1814 ἀθ-

122 1846 328 1916 λητου,
374 1841 618 1914 εὐλόγως
658 1846 730 1899 αὐ
775 1866 866 1898 και
906 1848 1071 1900 τοῦτο
1102 1842 1417 1914 ποιήσομεν.
1478 1846 1526 1897 5.
1574 1851 1730 1907 εἴτις
1752 1860 1795 1892 20

125 1951 235 2001 αρα
259 1927 457 1999 Παγας
484 1929 769 1984 ἐπίσταται
798 1932 895 2000 τῆς
918 1933 1133 1992 Λυκίας
1164 1924 1268 1983 οὐκ
1299 1923 1516 1998 α’σημον
1547 1926 1730 1998 πόλιν,

124 2015 391 2069 ἐντεῦθεν
433 2007 755 2084 ὁρμώμενος
787 2010 816 2068 ὁ
848 2018 1103 2081 νεανίας,
1144 2010 1280 2083 μετα
1322 2010 1423 2082 τὴν
1456 2011 1733 2067 ἐπάνοδον

124 2101 223 2168 τῆς
255 2096 394 2153 κατὰ
424 2096 528 2168 τὴν
557 2095 818 2170 Βηρυτὸν
864 2101 1144 2166 παιδείας,
1184 2100 1286 2151 τοῦ
1328 2094 1536 2168 πατρὸς
1578 2091 1732 2170 αὐτῷ

123 2180 189 2237 τοὶ
221 2194 467 2254 πρωτεῖα
496 2185 592 2252 τῆς
625 2185 890 2255 πατρίδος
921 2179 1378 2253 ἄποφερομένου,
1422 2178 1495 2252 μὴ
1529 2174 1645 2243 οἷός
1675 2201 1734 2234 τε

123 2267 315 2338 φέρειν
353 2265 456 2338 τὴν
499 2264 612 2338 ἅμα
651 2271 729 2342 τῶ
761 2267 928 2339 πατρὶ
959 2267 1051 2321 καὶ
1082 2277 1197 2330 τοϊς
1227 2269 1304 2339 τῷ
1335 2265 1484 2336 γένει
1514 2261 1726 2337 προσή-
1750 2279 1790 2311 25

124 2369 286 2406 κουσι
319 2355 659 2421 συνουσίαν,
703 2350 788 2407 ὅτι
828 2350 969 2423 μηδὲ
1013 2355 1109 2422 ζῆν
1150 2347 1342 2414 αὐτοῖς
1386 2347 1563 2404 ἐδόκει
1595 2345 1733 2403 κατὰ

123 2433 255 2499 τούς
293 2439 391 2505 τῆς
441 2441 765 2506 θεοσεβείας
805 2433 1083 2507 θεσμούς,
1134 2432 1407 2512 πνεύματι
1449 2428 1503 2487 δ’
1547 2430 1734 2501 ῶσπερ

123 2525 273 2594 θείῳ
298 2521 733 2591 κατεσχημένος,
765 2520 854 2575 καὶ
885 2519 1030 2575 κατά
1059 2541 1181 2574 τινα
1217 2516 1489 2589 φυσικὴν,
1520 2521 1735 2588 μᾶλλον

125 2598 178 2658 δ’
215 2607 419 2660 ἔνθεον
459 2604 560 2659 καὶ
603 2601 790 2675 ἀληθῆ
832 2609 1176 2674 φιλοσοφίαν
1217 2608 1403 2673 μεῖζον
1444 2599 1734 2673 φρονήσας

125 2691 220 2758 τῆς
249 2688 647 2761 νενομισμένης
678 2693 780 2744 τοῦ
810 2693 939 2758 βίου
964 2686 1128 2758 δόξης
1146 2729 1161 2757 ,
1193 2690 1291 2757 τῆς
1321 2708 1378 2741 τε
1407 2689 1520 2740 τῶν
1542 2681 1731 2754 σῶμα·
1754 2696 1796 2727 30

125 2793 238 2828 των
267 2772 636 2839 καταπτύσας
666 2767 1066 2843 ἡδυπαθείας,
1107 2769 1364 2844 κρύβδην
1395 2767 1527 2833 τούς
1559 2771 1730 2822 οἰκεί-

68 2911 81 2929 ,
126 2876 223 2922 ους
275 2854 558 2931 ἀποδράς,
611 2857 710 2912 καὶ
761 2855 902 2928 μηδὲ
953 2860 1067 2911 τῶν
1109 2855 1403 2926 ἐφημέρων
1453 2853 1733 2907 δαπανῶν
