1986 3152
287 126 393 177 210
983 126 1228 166 EUSEBII

288 246 657 310 συνεστῶτος,
703 235 734 296 δ
773 241 865 296 καὶ
907 237 1037 306 εἰς’
1009 241 1148 311 ημᾶς
1179 245 1594 312 παρατείνεται,
1633 242 1725 297 καὶ
1757 239 1893 313 πρὸς

286 330 398 383 τῶν
439 328 498 381 ἐν
539 323 684 399 λόγῳ
725 326 816 379 καὶ
856 326 924 397 τῇ
964 325 1090 396 περὶ
1127 347 1192 379 τα
1221 333 1352 381 θεῖα
1383 327 1604 398 σπουδῇ
1635 329 1945 383 δυνατῶν-

286 417 717 482 συγκροτεῖσθαι
769 405 1204 480 παρειλήφαμεν.
1290 411 1350 464 ἐν
1397 407 1458 464 δε
1500 420 1614 476 τοῖς
1658 402 1950 480 μάλιστα

286 491 403 551 κατ’
451 495 628 550 ἐκεῖνο
668 495 862 562 καιροῦ
907 490 1208 564 διαλάμψαι
1247 490 1407 564 λόγος
1447 498 1557 564 ἔχει
1595 491 1692 549 τὸν
1734 497 1892 566 δεδη-

244 599 264 631 5
288 579 555 651 λωμένον,
586 572 677 632 οἷα
708 578 800 632 καὶ
831 572 938 632 απὸ
968 574 1278 648 φιλοσόφου
1309 573 1528 649 ἀγωγῆς
1555 580 1668 633 τῶν
1690 583 1895 634 καλου-
1918 620 1932 629 .

285 665 469 735 μένων
514 663 786 718 Στωϊκῶν
838 659 1177 733 ὁρμώμενον.
1257 664 1308 716 2.
1358 658 1635 733 τοσαύτην
1689 659 1739 716 δ’
1789 652 1911 719 οὖν’

285 763 458 819 φασιν
501 741 673 802 αὐτὸν
715 742 1064 818 ἐκθυμοτάτῃ
1109 746 1360 802 διαθέσει
1401 750 1727 817 προθυμίαν
1767 747 1895 818 περὶ

284 830 381 887 τὸν
431 840 594 886 θεῖον
646 827 812 900 λόγον
857 831 1210 896 ἐνδείξασθαι
1264 825 1337 896 ώς
1387 830 1479 885 καὶ
1530 827 1746 901 κήρυκα
1797 832 1896 886 τοῦ

285 913 422 970 κατὰ
452 910 693 986 Χριστὸν
734 909 1061 985 εὐαγγελίου
1099 926 1214 979 τοῖς
1247 911 1331 969 ἐπ’
1366 909 1637 985 ανατολῆς
1667 918 1896 970 ἔθνεσιν

223 1018 261 1048 10
285 995 706 1070 αναδειχθῆναι,
738 999 896 1069 μέχρι
925 998 1017 1052 καὶ
1046 1000 1141 1068 τῆς
1166 995 1362 1054 Ἰνδων
1383 995 1743 1069 στειλαμενον
1771 1001 1888 1069 γῆς.

284 1077 427 1155 ἦσαν
457 1105 583 1154 γαρ,
614 1082 758 1152 ἦσαν
789 1083 954 1137 εἰσέτι
983 1078 1104 1137 τότε
1135 1086 1360 1146 πλείους
1393 1078 1771 1153 ευαγγελισταὶ
1797 1083 1896 1138 τοῦ

284 1164 480 1238 λόγου,
513 1160 714 1222 ἔνθεον
745 1167 906 1236 ζῆλον
936 1163 1301 1221 αποστολικοῦ
1332 1163 1637 1238 μιμήματος
1669 1183 1946 1222 συνεισ-

285 1252 479 1322 φέρειν
533 1241 619 1305 ἐπ’
671 1245 897 1322 αυξήσει
943 1250 1035 1304 καὶ
1079 1252 1344 1322 οἰκοδομῇ
1383 1254 1481 1305 τοῦ
1520 1258 1683 1306 θείου
1726 1246 1896 1321 λόγου

284 1331 752 1405 προμηθούμενοι.
815 1336 862 1388 3.
909 1355 988 1389 ων
1029 1328 1105 1398 εἷς
1142 1331 1440 1405 γενόμενος
1469 1330 1620 1390 καὶὸ
1652 1330 1894 1390 Πανται-

222 1435 262 1467 15
284 1441 379 1483 νος
410 1419 502 1474 καὶ
533 1422 610 1483 είς
635 1415 844 1481 Ἰνδοὺς
876 1419 1067 1473 ἐλθεῖν
1098 1418 1329 1488 λέγεται,
1361 1423 1503 1474 ἔνθα
1525 1414 1684 1489 λόγος
1708 1416 1895 1491 εὑρεῖν

283 1499 453 1559 αὐτὸν
503 1499 848 1574 προφθάσαν
898 1498 999 1573 τὴν
1058 1497 1231 1557 αὐτοῦ
1282 1507 1596 1574 παρουσίαν
1646 1500 1705 1558 τὸ
1758 1499 1894 1558 κατὰ

284 1594 588 1643 Ματθαῖον
637 1582 959 1658 εὐαγγέλιον
1007 1583 1156 1656 παρά
1195 1602 1340 1643 τισιν
1380 1583 1580 1643 αὐτόθι
1617 1586 1717 1642 τὸν
1757 1593 1895 1658 Χρι-

283 1670 415 1728 στὸν
447 1669 843 1742 ἐπεγνωκόσιν,
874 1666 955 1735 οἷς
971 1677 1398 1742 Βαρθολομαῖον
1425 1675 1540 1726 τῶν
1569 1666 1893 1727 ἀποστόλων
1927 1671 1930 1676 ’

284 1757 384 1812 ἕνα
422 1757 681 1827 κηρῦξαι,
724 1751 910 1820 αὐτοῖς
947 1775 1006 1809 τε
1030 1750 1302 1826 Ἐβραίων
1343 1752 1621 1826 γράμμασι
1663 1752 1765 1826 τὴν
1794 1757 1894 1810 τοῦ
1946 1798 1950 1801 -

220 1854 260 1886 20
286 1844 590 1896 Ματθαίου
631 1846 958 1907 καταλεῖψαι
987 1838 1239 1911 γραφὴν,
1281 1835 1353 1910 ἣν
1383 1839 1475 1894 καὶ
1508 1837 1783 1907 σώζεσθαι
1815 1843 1892 1903 είς

282 1923 379 1981 τὸν
421 1921 766 1995 δηλούμενον
803 1921 1017 1996 χρόνον.
1078 1927 1128 1979 4.
1161 1919 1194 1979 ὅ
1222 1946 1288 1994 γε
1316 1920 1428 1995 μὴν
1456 1921 1772 1988 Πάνταινος
1805 1924 1894 1979 ἐπὶ

283 2014 506 2073 πολλοῖς
548 2005 937 2079 κατορθώμασι
972 2012 1070 2064 τοῦ
1100 2003 1221 2063 κατ’
1252 2003 1672 2080 Ἀλεξάνδρειαν
1701 2013 1892 2064 τελευ-

281 2093 394 2146 τῶν
423 2086 635 2161 ἡγεῖται
668 2096 1090 2162 διδασκαλείου,
1138 2089 1280 2164 ζώσῃ
1311 2094 1476 2164 φωνῇ
1506 2093 1597 2148 καὶ
1630 2087 1722 2146 διὰ
1751 2107 1891 2161 συγ-
1925 2134 1930 2140 -

283 2172 618 2246 γραμμάτων
668 2174 796 2240 τούς
845 2177 959 2231 τών
1009 2181 1185 2231 θείων
1232 2172 1522 2246 δογμάτων
1566 2171 1891 2247 θησαυρούς

220 2270 261 2303 2⁵
283 2256 873 2330 ὑπομνηματιζόμενος.

409 2352 490 2401 ΧΙ.
556 2351 682 2417 [Nic.
711 2353 767 2400 Η.
795 2353 847 2401 Ε.
871 2352 951 2408 ·1v,
980 2350 1090 2417 33]
1149 2339 1305 2399 Κατὰ
1334 2344 1528 2398 τοῦτον
1559 2354 1677 2409 ταῖς
1708 2347 1890 2407 θείαις

283 2438 525 2498 γραφαῖς
549 2424 998 2499 συνασκούμενος
1024 2418 1110 2481 ἐπ’
1135 2422 1546 2498 Ἀλεξανδρείας
1573 2428 1890 2498 ἐγνωρίζετο

283 2509 528 2582 Κλήμης,
559 2508 849 2582 ὁμώνυμος
877 2516 953 2586 τῷ
985 2508 1150 2566 πάλαι
1178 2514 1273 2582 τῆς
1291 2506 1572 2583 Ῥωμαίων
1598 2515 1888 2581 ἐκκλησίας

281 2592 611 2669 ἡγησαμένςο
653 2596 886 2666 φοιτητῇ
924 2597 1036 2651 τών
1075 2592 1411 2652 ἀποστόλων.
1487 2599 1534 2651 2.
1580 2592 1638 2660 ὃς
1685 2593 1754 2665 δὴ
1795 2594 1888 2650 καὶ

217 2700 260 2733 30
282 2675 544 2750 ὀνομαστὶ
587 2681 646 2734 ἐν
687 2674 773 2742 αἶς
812 2680 1110 2746 συνέταξεν
1134 2675 1581 2737 τΥποτυπώσεσιν
1622 2676 1775 2734 ὦσαν
1808 2682 1887 2733 δι·
1912 2737 1934 2743 ς

284 2761 564 2818 δασκοὲλου
595 2766 691 2818 τοῦ
723 2768 1045 2819 Πανταίνου
1075 2766 1372 2835 μέμνηται,
1404 2764 1599 2819 τοῦτόν
1627 2785 1686 2819 τε
1719 2758 1909 2823 αὐτὸν,

282 2849 374 2902 καὶ
413 2849 523 2902 τών
555 2847 939 2920 Στρωματέων
980 2849 1040 2903 ἐν
1069 2846 1269 2923 πρώτῳ
1301 2845 1684 2920 συγγράμματι
1716 2851 1885 2902 αίνίτ-
1911 2844 1913 2849 ’
