2032 3174
589 124 748 169 HIST.
778 124 1026 168 ECCLES.
1059 126 1119 165 Π.
1156 127 1223 166 23.
1649 123 1712 174 77

109 240 432 299 ἀποστόλων
462 238 755 313 γενόμενος
788 243 1064 348 διαδοχῆς,
1099 243 1158 296 ἐν
1188 244 1262 317 τῷ
1285 242 1510 316 πέμπτῳ
1543 236 1715 297 αὐτοῦ

108 322 459 399 ὑπομνήματι
498 329 695 382 τοῦτον
736 327 913 397 λέγων
956 328 1161 399 ἱστορεῖ
1189 323 1285 381 τὸν
1328 323 1531 398 τρόπον
1554 322 1719 381 “δια-

99 408 356 483 “δε’χεται
398 409 460 466 δὲ
498 408 600 481 τὴν
651 411 946 481 ἐκκλησίαν
994 403 1128 482 μετὰ
1175 413 1287 465 τῶν
1326 407 1650 466 ἀποστόλων
1689 403 1717 464 6

102 491 380 567 “ἆδελφὸς
430 496 527 550 τοῦ
579 499 776 567 κυρίου
819 491 1103 565 Ἰακωβος,
1157 489 1185 548 6
1230 489 1561 566 ὀνομασθεὶς
1610 488 1718 547 ὑπὸ

121 576 367 635 πάντων
410 582 619 642 δίκαιος
660 575 767 632 ἀπὸ
799 579 910 633 τῶν
948 580 1046 632 τοῦ
1077 582 1275 649 κυρίου
1316 575 1532 650 χρόνων
1562 576 1718 649 μέχρι
1742 601 1760 633 5

104 660 235 718 “καὶ
266 658 450 734 ἡμῶν
500 662 620 717 ἐπεὶ
650 662 843 717 πολλοὶ
868 657 1117 732 Ἰάκωβοι
1142 664 1450 718 ἐκαλοῦντο
1501 665 1547 717 ἶ)
1563 650 1720 727 οὗτος

104 744 205 802 “δε
240 748 297 802 ἐκ
327 751 535 810 κοιλίας
565 743 764 817 μητρὸς
798 742 969 801 αὐτοῦ
999 741 1150 816 ἅγιος
1181 735 1265 817 ἦν
1332 745 1486 802 οἶνον
1517 746 1607 800 καὶ
1638 749 1719 800 σί-

103 827 276 902 “κερα
314 827 416 885 οὐκ
461 834 641 900 ἔπιεν,
694 824 825 884 οὐδὲ
867 833 1113 901 ἔμψυχον
1157 833 1342 900 ἔφαγε.
1426 827 1594 901 ξυρὸν
1634 830 1723 884 ἐπὶ

105 909 244 985 ο(τὴν
275 909 523 985 κεφαλὴν
555 910 725 968 αὐτοῦ
748 910 851 969 οὐκ
881 910 1073 985 ἀνέβη,
1108 917 1293 969 ἔλαιον
1316 910 1418 968 οὐκ
1439 910 1722 983 ἠλείψατο,

102 995 233 1053 “nal
273 1001 550 1073 βαλανείῳ
593 992 696 1052 οὐκ
738 995 1015 1070 ἐχρήσατο.
1090 1001 1136 1053 6.
1179 993 1356 1073 τούτῳ
1398 997 1550 1073 μόνῳ
1596 998 1723 1067 ἐξῆν
1746 1020 1784 1051 10

103 1078 222 1147 “ecg-
253 1105 317 1137 τα
349 1077 478 1153 ἅγια
510 1082 752 1137 εἰσιέναι.
815 1077 948 1137 οὐδε
984 1105 1089 1154 γαρ
1123 1083 1317 1155 ἐρεοῦν
1347 1079 1553 1154 ἐφόρει,
1586 1076 1724 1136 αλλὰ

103 1163 418 1268 Σσινδόνας.
481 1167 571 1221 καὶ
602 1163 768 1237 μόνος
801 1163 1083 1239 εἰσήρχετο
1116 1171 1193 1231 εἰς
1223 1166 1321 1221 τὸν
1350 1162 1515 1236 ναὸν,
1562 1160 1725 1237 ηὑρί-

103 1247 268 1306 “κετό
319 1271 378 1305 τε
430 1255 679 1321 κείμενος
725 1251 812 1305 ἐπὶ
850 1262 963 1316 τοῖς
992 1247 1215 1321 γόνασι,
1269 1250 1360 1305 καὶ
1402 1246 1723 1320 αἰτούμενος

103 1329 283 1406 “ῦπερ
314 1356 411 1389 του
444 1334 583 1389 λαοῦ
612 1330 840 1405 ἄφεσιν,
877 1358 948 1400 ως
980 1332 1386 1405 ἀπεσκληκέναι
1424 1356 1490 1388 τα
1521 1332 1724 1404 γόνατα

127 1415 324 1473 ἀὐτοῦ
359 1421 522 1489 δίκην
552 1414 828 1489 καμήλου,
865 1416 955 1473 διὰ
984 1415 1044 1473 τὸ
1068 1415 1152 1473 αεὶ
1186 1416 1453 1490 κάμπτειν
1484 1434 1723 1490 προσκυ-
1748 1438 1787 1470 15

106 1499 348 1558 τενοῦντα
378 1504 454 1576 τῷ
484 1501 603 1577 θεῷ
630 1499 696 1557 τὰ
726 1499 932 1573 γόνατα
973 1503 1065 1557 καὶ
1106 1507 1383 1558 αἰτεῖσθαι
1415 1498 1619 1573 ἄφεσιν
1648 1502 1723 1576 τῷ

105 1583 272 1660 “λαςό.
337 1589 380 1640 7.
419 1584 511 1640 δια’
540 1587 608 1656 γέ
632 1608 714 1641 τοι
743 1583 844 1656 τὴν
873 1581 1192 1658 ὑπερβολὴν
1232 1589 1326 1657 τῆς
1370 1583 1724 1656 δικαιοσύνης

122 1666 314 1725 “αὐτοῦ
357 1671 599 1725 ἐκαλεῖτο
642 1673 851 1734 δίκαιος
886 1671 974 1726 καὶ
1009 1665 1245 1740 ωβλίας,
1287 1667 1316 1725 ὅ
1363 1672 1512 1725 ἐστιν
1533 1667 1725 1739 Ελλη-

109 1750 293 1810 “νιστὶ
324 1750 551 1826 περιοχὴ
581 1755 680 1808 τοῦ
711 1756 849 1809 λαοῦ
879 1755 971 1809 καὶ
1005 1750 1359 1825 δικαιοσύνη,
1403 1751 1475 1819 ὦς
1506 1756 1562 1808 οι
1589 1773 1726 1825 προ-

107 1835 312 1942 Ξφῆται
354 1839 582 1909 δηλοῦσι
626 1838 751 1911 περὶ
786 1835 972 1894 αὐτοῦ.
1045 1842 1094 1893 8.
1127 1860 1273 1903 τινες
1313 1838 1415 1894 οῦν
1444 1839 1555 1893 τῶν
1589 1858 1723 1892 επτα
1749 1858 1789 1889 20

108 1919 416 1991 “αιρέσεων
445 1924 558 1976 τῶν
591 1923 650 1978 ε’ν
678 1924 754 1997 τῷ
778 1926 923 1998 λαῷ,
955 1944 1069 1978 των
1098 1922 1604 2000 προγεγραμμένων
1634 1943 1725 2020 μοι

109 2003 211 2061 “ε’ν
233 2018 346 2070 τοῖς
368 2001 781 2078 υπομνήμασιν,
816 2004 1200 2063 ἐπυνθανοντο
1218 2003 1388 2062 αὐτοῦ
1411 2011 1492 2071 τίς
1517 2002 1550 2078 ἡ
1575 2002 1725 2077 θύρα

106 2087 243 2146 “tofi
267 2087 458 2161 Ἰησοῦ.
514 2090 604 2145 καὶ
630 2093 783 2162 ἐλεγε
805 2095 1003 2147 τοῦτον
1029 2089 1170 2147 εἶναι
1187 2089 1283 2147 τὸν
1307 2094 1539 2163 σωτῆρα.
1596 2093 1641 2144 9.
1673 2090 1726 2155 ἐξ

108 2163 228 2230 “c6v
257 2196 401 2239 τινες
435 2175 767 2230 ἐπίστευσαν
797 2172 880 2230 ὅτι
906 2170 1116 2247 Ἰησοῦς
1143 2177 1291 2232 ἐστιν
1320 2172 1347 2230 6
1373 2171 1622 2247 Χριστός.
1670 2176 1728 2228 αἱ

108 2254 208 2313 “δε
233 2259 467 2330 αιρέσεις
499 2282 555 2313 αι
586 2260 977 2332 προειρημέναι
1000 2256 1102 2317 οῦκ
1127 2261 1419 2316 ἐπίστευον
1442 2255 1567 2316 οὔτε
1591 2281 1727 2313 ανα-
1751 2278 1790 2309 25

110 2338 344 2443 ῐῖστασιν
382 2339 511 2398 οὔτε
551 2341 847 2442 ἐρχόμενον
887 2341 1195 2400 ἀποδοῦναι
1239 2341 1449 2399 ἑκαστω
1496 2365 1632 2398 κατα
1662 2337 1726 2396 τά

112 2421 285 2497 “ἔργα
315 2421 499 2482 αὐτοῦ.
561 2423 680 2482 όσοι
713 2427 773 2483 δε
803 2429 895 2483 καὶ
929 2430 1286 2499 ἐπίστευσαν,
1331 2426 1421 2484 διὰ
1446 2423 1722 2497 Ἰακωβον.

113 2505 234 2564 “.10
271 2511 491 2565 πολλων
522 2501 624 2566 οῦν
653 2511 744 2566 καὶ
774 2515 888 2568 τῶν
920 2509 1205 2586 ἀρχόντων
1241 2509 1616 2568 πιστευόντων
1657 2509 1726 2580 ἠν

113 2589 397 2666 “θόρυβος
437 2595 549 2649 τῶν
573 2590 863 2652 Ἰουδαίων
904 2597 995 2652 καὶ
1039 2597 1404 2670 γραμματέων
1435 2596 1525 2651 καὶ
1559 2602 1726 2664 Φαρι-

109 2674 325 2733 “σαίων
366 2675 642 2749 λεγόντων
679 2675 763 2734 ὅτι
803 2678 1123 2737 κινδυνεύει
1163 2683 1267 2746 πᾶς
1298 2678 1326 2736 6
1359 2678 1486 2745 λαὸς
1514 2674 1727 2749 Ἰησοῦν
1750 2698 1790 2729 30

111 2757 247 2816 “τὸν
288 2758 524 2833 Χριστὸν
564 2767 896 2834 προσδοκᾶν.
979 2770 1169 2835 ἔλεγον
1208 2754 1311 2820 οῦν
1358 2759 1725 2824 συνελθόντες

111 2841 143 2864 (θ
203 2842 273 2861 -2

150 2868 225 2900 τω
268 2844 528 2921 Ιακεόβω
587 2850 1012 2920 παρακαλοῦμέν
1053 2869 1141 2918 σε,
1194 2849 1406 2919 ἐπίσχες
1448 2844 1543 2902 τὸν
1573 2841 1725 2914 λαὸν,
