1986 3152
0 2487 121 2559 ’.ι-ὁ

497 114 655 158 fils-T.
687 113 937 158 ECCLES.
969 115 1048 157 1v.
1081 115 1145 157 16.
1181 116 1246 156 17.
1575 113 1676 165 165

59 226 434 304 “φιλαργυρίᾳ
478 230 540 286 δὲ
581 227 731 287 πάνυ
773 228 1042 303 προσεχὴς
1083 220 1168 301 ἦν.
1230 234 1277 286 9.
1320 227 1573 286 θανάτου
1615 230 1675 286 δὲ

57 312 124 369 “ὁ
167 327 539 385 καταφρονεῖν
580 313 985 387 συμβουλεύων
1025 311 1201 379 οὕτως
1254 310 1418 380 αὐτὸς
1473 316 1674 370 ἐδεδίει

55 395 188 454 “vav
226 396 476 455 θάνατον
529 394 601 464 ὥς
652 401 743 459 καὶ
790 395 1094 456 Ἰουστϊνον
1147 397 1403 472 καθάπερ
1454 396 1673 475 μεγάλῳ

55 477 245 558 “κακς5
260 484 336 558 τῷ
360 481 590 560 θανάτῳ
614 489 937 554 περιβαλεῖν
959 480 1512 556 πραγματεύσασθαι,
1534 481 1670 539 διότι

55 563 383 639 “κηρύττων
431 566 533 639 τὴν
581 565 853 638 ἀλήθειαν
895 573 1118 640 λίχνους
1167 565 1293 632 τούς
1334 565 1674 640 φιλοσόφους
1698 585 1718 616 5

54 645 184 706 “nal
215 648 538 716 ἀπατεῶνας
571 648 915 723 ἐξήλεγχεν.”
1007 652 1099 706 καὶ
1141 649 1202 706 τὸ
1243 651 1346 723 μὲν
1377 649 1514 707 κατὰ
1540 649 1670 708 Ἰου-

66 747 257 790 στῖνον
286 733 592 807 μαρτύριον
622 733 883 807 τοιαύτην
915 742 1098 806 εἴληχε
1128 732 1230 805 τὴν
1262 740 1460 791 αἰτίαν.

186 827 327 877 XVII.
380 827 508 893 [Nic.
538 829 595 878 Η.
628 829 678 877 E
714 829 791 887 ΙΙΙ,
819 827 930 895 33.]
994 817 1052 875 Ὁ
1094 816 1142 873 δ’
1191 815 1355 883 αυτὸς
1396 815 1539 891 ἀνὴρ
1570 816 1674 891 πρὸ

58 906 156 958 τοῦ
187 899 311 958 κατ’
350 898 523 959 αὐτὸν
554 901 768 974 ἀγῶνος
802 904 1006 975 ἑτέρων
1036 899 1141 976 πρὸ
1182 898 1356 958 αὐτοῦ
1394 925 1677 975 μαρτυρη-

61 983 281 1043 σάντων
313 988 384 1042 ἐν
403 991 470 1060 τῇ
514 987 753 1062 προτέρα
794 985 969 1044 αὐτου
1006 985 1342 1060 μνημονεύει
1383 984 1673 1062 ἀπολογία,
1700 1006 1739 1036 10

59 1076 338 1144 χρησίμως
381 1073 451 1145 τῇ
492 1069 764 1128 ὑποθέσει
804 1074 896 1128 καὶ
936 1075 1108 1128 ταῦτα
1152 1076 1402 1144 ἱστορῶν.
1463 1075 1511 1128 2.
1546 1069 1676 1145 γρά-

54 1177 178 1256 φει
186 1155 248 1212 δε
274 1146 438 1211 ωδε“
445 1154 592 1228 γυνή
614 1180 695 1222 τις
718 1162 990 1258 συνεβίου
1013 1153 1179 1230 άνδρὶ
1202 1154 1676 1227 ἆκολασταίνοντι,

54 1225 570 1298 “οἰκολασταίνουσα
611 1242 702 1297 καὶ
747 1237 887 1313 αυτὴ
928 1238 1213 1314 πρότερον.
1278 1241 1468 1312 ἐπειδὴ
1510 1240 1572 1296 δε
1610 1264 1676 1296 τα

51 1321 84 1343 Η
167 1329 189 1340 ιν

90 1347 189 1380 του
214 1328 456 1398 Χριστοῦ
485 1323 850 1398 διδάγματα”
820 1349 983 1398 εγνω,
1017 1328 1431 1431 ἐσωφρονίσθη,
1463 1325 1555 1380 καὶ
1580 1323 1677 1380 τὸν

52 1403 332 1481 “affe'vffpa‘
309 1414 511 1480 ομοίως
556 1425 872 1482 σωφρονεῖν
901 1415 1125 1466 πείθειν
1167 1405 1558 1483 ἐπειρᾶτο,τά
1591 1413 1676 1465 δι-
1700 1425 1739 1457 15

51 1489 343 1564 “dcimam
368 1492 745 1567 ἀναφέρουσα,
777 1492 881 1566 τήν
909 1518 969 1551 τε
998 1497 1312 1566 μέλλουσαν
1334 1506 1450 1558 τοῖς
1474 1516 1542 1549 ου
1566 1514 1677 1550 σω-

53 1574 312 1648 “φρόνως
352 1579 444 1634 καὶ
486 1576 620 1650 μετὰ
663 1577 831 1651 λόγου
872 1576 1052 1652 ὀρθοῦ
1092 1580 1312 1650 βιοῦσιν
1354 1584 1584 1635 ἔσεσθαι
1617 1581 1677 1634 ἐν

53 1659 301 1737 “αἰωνι’ῳ
342 1664 478 1734 πυρὶ
518 1660 749 1719 κόλασιν
789 1661 1229 1735 ἀπαγγέλλουσα.
1290 1666 1338 1718 3.
1382 1660 1410 1718 6
1454 1662 1515 1718 δὲ
1558 1675 1676 1728 ταῖς

51 1739 285 1811 “αύταΐς
316 1743 634 1818 ἀσελγείαις
667 1749 944 1820 ἐπιμένων
966 1747 1265 1822 ἀλλοτρίαν
1290 1743 1381 1803 διὰ
1404 1749 1516 1803 τῶν
1540 1743 1677 1819 πρά-

51 1823 229 1896 “ges-av
261 1832 496 1887 ἐποιεῖτο
540 1828 640 1904 τὴν
678 1830 937 1904 γαμετήν.
1009 1831 1204 1903 ἀσεβὲς
1246 1829 1352 1903 γάρ
1394 1829 1674 1904 ἡγουμένη
1697 1847 1739 1878 20

54 1908 150 1970 “16
204 1912 399 1972 λοιπὸν
440 1910 473 1988 ἡ
525 1913 670 1988 γυνὴ
727 1922 1270 1988 συγκατακλίνεσθαι
1311 1913 1474 1988 ἀνδρὶ
1528 1912 1677 1986 παρὰ

47 1992 186 2054 ιέτὸν
216 2001 312 2070 τῆς
353 1997 576 2071 φύσεως
616 1998 790 2073 νόμον
830 2002 921 2057 καὶ
952 1999 1100 2075 παρὰ
1131 2000 1191 2056 τὸ
1224 2004 1440 2056 δίκαιον
1470 1997 1678 2071 πόρους

52 2079 296 2190 Ξὴδονῆς
329 2085 387 2139 ἐκ
429 2083 633 2150 παντὸς
675 2087 1003 2161 πειρωμένω
1045 2094 1332 2142 ποιεῖσθαι
1374 2086 1470 2155 τῆς
1512 2090 1680 2152 συζυ-

54 2161 211 2238 “ydus
254 2171 602 2241 χωρισθῆναι
644 2167 943 2241 ἐβουλήθη.
1019 2173 1068 2225 4.
1102 2171 1196 2226 καὶ
1243 2170 1360 2225 ἐπεὶ
1406 2170 1679 2236 ἐξεδυσω-

53 2248 243 2352 ’ἶπεῖτο
274 2247 383 2308 υπὸ
415 2276 528 2309 των
560 2251 752 2325 αὐτῆς,
787 2260 867 2310 ἔτι
897 2257 1233 2326 προσμένειν
1257 2251 1679 2326 συμβουλευόν-
1701 2268 1742 2300 25

53 2331 223 2407 τετων,
281 2334 354 2403 ὦς
399 2343 477 2403 εἰς
521 2339 721 2394 ἐλπίδα
763 2341 1071 2444 μεταβολῆς
1118 2335 1344 2409 ἥξοντάς
1396 2359 1528 2394 ποτε
1579 2360 1676 2393 του

53 2413 326 2492 ”ἆνδρός,
368 2425 664 2494 βιαζομένῃ
708 2420 912 2494 ἑαυτὴν
957 2424 1236 2495 ἐπέμενεν.
1309 2426 1357 2478 5.
1392 2419 1584 2493 ἐπειδὴ
1619 2422 1679 2476 δε

92 2502 354 2576 οταύτης
385 2501 528 2578 ἀνὴρ
562 2511 640 2572 εἰς
670 2499 774 2578 τὴν
799 2502 1220 2580 Ἀλεξάνδρειαν
1250 2507 1549 2579 πορευθεὶς
1580 2529 1680 2577 χα-

54 2580 375 2684 *Ξλεπωτερα
418 2588 680 2662 πράττειν
710 2587 1068 2663 απηγγέλθη,
1111 2613 1259 2656 οπως
1299 2589 1373 2663 μὴ
1414 2586 1680 2653 κοινωνὸς

52 2698 67 2722 e
71 2664 203 2727 ’τοῖν
233 2669 590 2746 ἀδικημάτων
620 2675 710 2730 καὶ
743 2672 1108 2748 ἀσεβημάτων
1139 2676 1365 2747 γένηται
1383 2718 1398 2746 ,
1431 2676 1676 2746 μένουσα
1699 2687 1740 2719 30

177 2865 226 2903 12
258 2866 418 2908 lustin.
441 2866 571 2918 Apol.
599 2857 656 2907 ΓΙ.
682 2880 722 2910 e.
746 2869 786 2908 2.
