1986 3152
253 118 360 172 360
929 117 1180 158 EUSEBH

252 234 465 305 ταύτην
506 238 798 305 αἰσχίστην
838 233 933 287 καὶ
972 232 1199 287 πάντων
1234 229 1520 304 ῶμοτάτην
1549 235 1643 289 καὶ
1674 229 1860 290 ἀπαν,

252 317 628 392 θρωποτάτην
657 329 772 382 τοῖς
797 314 1005 389 ὁρῶσιν
1028 314 1201 371 ἅπασι
1223 318 1630 389 παρεσχημένα.
1673 321 1722 374 2.
1757 317 1860 373 ἀλ-

253 409 338 457 λοι
361 397 415 456 δ’
444 394 518 456 αῦ
550 400 717 456 πάλιν
748 400 1004 474 δένδρεσι
1025 399 1119 455 καὶ
1148 401 1412 473 πρέμνοις
1439 402 1865 474 ἐναπέθνησκον

252 485 645 558 δεσμούμενοι·
699 483 835 550 τοῦς
873 483 982 557 γὰρ
1034 482 1269 556 μάλιστα
1311 485 1705 558 στερροτάτους
1746 490 1862 542 τῶν

209 585 230 617 5
253 570 479 625 κλάδων
509 580 784 642 μηχαναῖς
813 586 955 625 τισιν
987 569 1078 624 ἐπὶ
1106 566 1315 624 ταυτὸν
1347 570 1740 640 συνέλκοντες,
1782 575 1863 636 εἰς

255 651 485 727 ἑκάτερά
524 675 583 709 τε
621 652 838 709 τούτων
878 652 945 708 τά
986 656 1101 708 τῶν
1144 652 1448 727 μαρτύρων
1478 650 1866 719 ἀποτείνοντες

253 739 420 810 σκέλη
438 781 454 810 ,
498 742 576 803 εἰς
606 736 709 808 τὴν
742 739 957 793 ἑαυτῶν
985 735 1229 808 ἠφίεσαν
1259 735 1393 802 τοῦς
1422 737 1663 803 κλάδους
1694 739 1862 811 φέρε-

253 831 388 879 σθαι
428 821 633 894 φύσιν,
687 820 908 895 ἅθρουν
950 825 1064 876 τῶν
1105 826 1291 893 μελῶν
1333 820 1684 895 διασπασμὸν
1725 819 1860 878 καθ’

253 900 334 962 ῶν
372 904 530 962 ταῦτ’
568 908 889 979 ἐνεχείρουν
923 908 1295 971 ἐπινοοῦντες.
1371 908 1420 962 3.
1465 907 1560 961 καὶ
1590 905 1771 962 ταῦτά
1800 929 1865 976 γε

189 1006 231 1038 10
254 989 435 1047 πάντα
480 991 765 1063 ἐνηργεῖτο
808 987 913 1045 οῦκ
955 987 1041 1045 ἐπ’
1088 987 1282 1060 ὀλίγας
1333 988 1540 1062 ἡμέρας
1581 987 1616 1061 ἢ
1658 989 1864 1063 χρόνον

251 1074 376 1131 τινά
400 1073 651 1147 βραχῦν,
683 1071 811 1129 ἀλλ’
848 1074 938 1128 ἐπὶ
968 1072 1186 1147 μακρὸν
1215 1072 1365 1130 ὅλων
1399 1076 1538 1130 ἐτῶν
1571 1074 1862 1146 διάστημα,

253 1157 346 1214 ὁτὲ
375 1158 480 1229 μὲν
510 1157 788 1213 πλειόνων
829 1155 864 1228 ἢ
897 1159 1064 1227 δέκα,
1113 1155 1205 1213 ὁτὲ
1245 1157 1308 1212 δὲ
1348 1155 1495 1230 ὑπὲρ
1525 1156 1660 1223 τοῦς
1692 1166 1865 1214 εἴκοσι

251 1240 352 1298 τὸν
398 1237 645 1315 ἀριθμὸν
698 1239 1150 1315 ἀναιρουμένων·
1206 1239 1403 1297 ἄλλοτε
1446 1241 1510 1297 δὲ
1550 1239 1654 1313 οὐχ
1698 1235 1865 1313 ἧττον

252 1326 345 1381 καὶ
373 1325 701 1399 τριάκοντα,
733 1323 841 1396 ἤδη
875 1324 938 1380 δὲ
970 1325 1139 1396 ἐγγύς
1169 1346 1280 1381 που
1311 1326 1406 1381 καὶ
1439 1324 1729 1397 ἑξήκοντα,
1772 1328 1866 1382 καὶ

188 1425 229 1457 15
253 1410 425 1466 πάλιν
457 1408 654 1465 ἄλλοτε
687 1409 885 1466 ἑκατὸν
930 1411 991 1466 ἐν
1029 1408 1211 1484 ἡμέρα
1253 1414 1353 1484 μιᾷ
1386 1408 1589 1484 ἄνδρες
1621 1409 1735 1483 ἅμα
1764 1433 1864 1466 κο-

250 1499 381 1566 μιδῆ
411 1499 631 1566 νηπίοις
661 1495 756 1550 καὶ
785 1495 1047 1565 γυναιξὶν
1080 1496 1422 1566 ἐκτείνοντο,
1465 1501 1741 1560 ποικίλαις
1771 1497 1866 1550 καὶ

252 1578 715 1644 ἐναλλαττούσαις
745 1584 1031 1653 τιμωρίαις
1060 1578 1562 1651 καταδικαζόμενοι.
1615 1583 1663 1635 4.
1711 1583 1863 1635 ἱστο-

253 1662 502 1736 ρήσαμεν
544 1662 607 1719 δὲ
660 1663 754 1719 καὶ
807 1661 971 1719 αὐτοὶ
1026 1664 1117 1719 ἐπὶ
1168 1667 1284 1719 τῶν
1334 1662 1523 1720 τόπων
1574 1663 1866 1736 γενόμενοι

251 1753 481 1814 πλείους
534 1746 759 1821 ἀθρόως
810 1740 948 1804 κατά
1002 1753 1138 1820 μίαν
1189 1745 1401 1822 ἡμέραν
1446 1746 1580 1813 τούς
1623 1747 1727 1820 μὲν
1767 1752 1866 1819 τῆς

188 1847 230 1879 20
252 1837 500 1904 κεφαλῆς
541 1828 830 1905 ἀποτομὴν
867 1830 1316 1905 ὑπομείναντας,
1361 1830 1495 1898 τούς
1538 1831 1600 1887 δὲ
1638 1831 1743 1904 τὴν
1774 1831 1865 1887 διὰ

251 1916 431 1990 πυρὸς
474 1922 775 1989 τιμωρίαν,
830 1915 903 1982 ῶς
956 1914 1343 1989 ἀμβλύνεσθαι
1394 1916 1713 1988 φονεύοντα
1765 1916 1866 1973 τὸν

252 2005 518 2073 σίδηρον,
551 1999 867 2058 ἀτονοῦντά
896 2025 956 2058 τε
987 2005 1364 2072 διαθλᾶσθαι,
1398 2000 1607 2067 αὐτοῦς
1640 2001 1703 2056 δὲ
1733 1999 1865 2066 τοῦς

252 2081 625 2157 ἀναιροῦντας
650 2083 1077 2157 ἀποκάμνοντας
1101 2081 1408 2157 ἀμοιβαδὸν
1433 2081 1714 2156 ἀλλήλους
1738 2089 1863 2140 δια-

253 2168 529 2238 δέχεσθαι.
592 2171 641 2223 5.
700 2168 792 2224 ὅτε
822 2170 916 2224 καὶ
956 2168 1428 2240 θαυμασιωτάτην
1469 2166 1648 2242 ὁρμὴν
1698 2175 1866 2225 θείαν

187 2265 230 2297 25
252 2274 310 2308 τε
342 2249 413 2316 ὡς
445 2249 671 2323 ἀληθῶς
704 2251 949 2324 δύναμιν
990 2253 1084 2308 καὶ
1125 2259 1453 2325 προθυμίαν
1494 2258 1613 2309 τῶν
1656 2259 1736 2318 εἰς
1765 2253 1865 2310 τὸν

253 2334 503 2407 Χριστὸν
532 2340 635 2391 τοῦ
665 2341 809 2392 θεοῦ
840 2336 1289 2393 πεπιστευκότων
1314 2342 1705 2411 συνεωρῶμεν.
1750 2337 1865 2410 ἅμα

250 2424 395 2490 γοῦν
446 2424 516 2492 τῇ
559 2419 697 2475 κατὰ
748 2425 862 2477 τῶν
903 2422 1190 2495 προτέρων
1241 2421 1516 2494 ἀποφάσει
1572 2421 1866 2494 ἐπεπήδων

252 2499 497 2559 ἄλλοθεν
538 2502 695 2560 ἄλλοι
734 2509 811 2581 τῷ
855 2505 961 2580 πρὸ
1005 2510 1107 2562 τοῦ
1152 2510 1424 2563 δικαστοῦ
1455 2513 1683 2579 βηματι,
1726 2515 1864 2579 Χρι-

252 2586 512 2653 στιανούς
539 2594 685 2660 σφᾶς
710 2587 1121 2661 ὁμολογοῦντες
1137 2633 1151 2661 ,
1186 2586 1572 2665 ἀφροντίστως
1595 2590 1699 2663 μὲν
1722 2588 1865 2664 πρὸς

187 2685 230 2718 30
253 2671 319 2727 τά
352 2671 508 2728 δεινά
537 2673 630 2727 καὶ
660 2673 790 2740 τοῦς
831 2679 945 2731 τῶν
984 2678 1299 2731 πολυειδῶν
1329 2675 1595 2747 βασάνων
1624 2674 1867 2748 τρόπους
1942 2740 1967 2747 χ

253 2760 617 2829 διακείμενοι,
659 2755 1090 2831 ἀκαταπλήκτως
1134 2758 1198 2814 δὲ
1238 2759 1733 2834 παρρησιαζόμενοι
1775 2761 1866 2814 ἐπὶ

253 2844 324 2913 τῇ
357 2845 437 2907 είς
466 2840 568 2898 τὸν
597 2846 713 2898 τῶν
746 2839 895 2899 ὅλων
926 2842 1068 2899 θεὸν
1105 2841 1395 2920 εὐσεβείᾳ,
1438 2844 1574 2918 μετά
1604 2867 1662 2900 τε
1691 2846 1866 2916 χαρᾶς
