2032 3174
325 97 398 148 54
999 91 1243 133 EUsEssn

329 228 534 282 ψαντος
566 208 716 285 αὐτῷ
747 211 846 265 τοῦ
875 205 1186 280 πνεύματος
1211 206 1456 280 ἡσθῆναι
1479 211 1546 282 τῇ
1578 211 1688 265 τῶν
1711 204 1937 282 ἀνδρῶν

329 301 646 370 προθυμίᾳ,
679 296 934 365 κυρῶσαί
958 315 1016 348 τε
1045 290 1147 363 τὴν
1177 293 1399 364 γραφὴν
1432 297 1508 359 εἰς
1541 295 1788 359 ἔντευξιν
1817 306 1937 359 ταῖς

330 384 660 452 ἐκκλησίαις,
674 376 926 451 (Κλήμης
947 379 1005 432 ἐν
1031 378 1167 452 ἕκτῳ
1185 371 1741 434 τῶνὙποτυπῶσεων
1764 399 1937 450 παρα-

328 468 568 522 τέθειται
599 460 700 535 τὴν
749 466 1023 534 ἱστορίαν,
1068 473 1542 534 συνεπιμαρτυρεῖ
1578 459 1627 517 δ’
1666 459 1813 538 αὐτῷ
1845 462 1936 518 καὶ

282 545 355 606 εὖ
384 545 747 621 Ἱεραπολίτης
793 549 1085 611 ἐπίσκοπος
1131 542 1356 617 ὀνόματι
1396 544 1673 618 Παπίας),
1727 548 1825 602 τοῦ
1877 546 1938 602 δὲ

329 632 569 707 Μάρκου
599 628 971 705 μνημονεύειν
1001 629 1096 687 τὸν
1126 632 1344 703 Πέτρον
1377 632 1435 686 ἐν
1464 633 1530 703 τῇ
1562 631 1799 704 προτέρᾳ
1826 632 1936 686 ἐπιν

328 723 522 792 στολῇ,
555 714 627 789 ἣν
657 718 747 773 καὶ
779 713 1041 782 συντάξαι
1072 716 1246 786 φασὶν
1280 710 1367 770 ἐπ’
1403 712 1569 786 αὐτῆς
1592 712 1813 787 “Ρι’μης,
1845 732 1938 786 ση-

327 807 548 875 μαίνειν
598 825 656 858 τε
707 796 857 857 τοῦτ’
912 797 1108 871 αὐτὸν,
1162 796 1263 870 τὴν
1315 797 1476 854 πόλιν
1532 797 1940 872 τροπικῶτερον

327 889 640 958 Βαβυλῶνα
671 882 1040 955 προσειπόντα
1073 881 1163 940 δια
1187 881 1400 939 τούτων
1423 879 1756 951 “άσπάζεται
1794 881 1939 956 υμᾶς

265 996 305 1027 10
328 969 362 1043 ἡ
397 974 457 1027 ἐν
490 974 785 1042 Βαβυλῶνι
816 967 1150 1039 συνεκλεκτὴ
1179 969 1271 1023 καὶ
1305 966 1535 1039 Μάρκος
1565 963 1594 1024 ὁ
1619 966 1738 1035 υιός
1768 991 1890 1040 μου.

439 1066 574 1115 XVI.
632 1066 759 1127 [Nic.
789 1066 846 1114 H.
881 1065 932 1113 Ε.
963 1065 1019 1120 ΙΙ,
1052 1062 1158 1128 15]
1222 1055 1428 1109 Τοῦτον
1474 1053 1534 1108 δε
1574 1052 1672 1109 τὸν
1703 1051 1941 1126 Μάρκον

329 1137 550 1210 πρῶτόν
572 1157 745 1211 φασιν
775 1140 862 1195 ἐπὶ
888 1144 981 1210 τῆς
997 1136 1287 1209 Αἰγύπτου
1313 1135 1670 1209 στειλάμενον
1692 1134 1752 1193 τὸ
1778 1133 1939 1208 εὐαγ-

326 1224 511 1294 γέλιον
541 1220 569 1279 ὃ
603 1221 672 1294 δή
703 1225 794 1279 καὶ
835 1220 1223 1294 συνεγράψατο
1266 1224 1522 1293 κηρῦξαι,
1566 1224 1852 1292 ἐκκλησίας
1883 1243 1940 1276 τε

327 1313 550 1381 πρῶτον
581 1305 663 1364 ἐπ’
702 1306 872 1378 αὐτῆς
899 1303 1313 1377 Ἀλεξανδρείας
1337 1303 1739 1376 συστήσασθαι.
1791 1309 1941 1360 2.το-

265 1415 306 1446 ι5
332 1390 505 1464 σαύτη
550 1390 599 1447 δ’
649 1389 756 1465 ἄρα
807 1396 919 1447 τῶν
972 1387 1172 1447 αὐτόθι
1224 1387 1669 1446 πεπιστευκότων
1721 1385 1941 1462 πληθύς

329 1474 555 1550 ἀνδρῶν
594 1499 652 1532 τε
693 1478 784 1532 καὶ
816 1477 1099 1547 γυναικῶν
1131 1477 1190 1530 ἐκ
1224 1472 1443 1546 πρῶτης
1489 1476 1744 1546 ἐπιβολῆς
1777 1474 1942 1531 συνέ-

329 1577 447 1632 στη,
475 1559 546 1617 δι’
569 1557 853 1632 ἀσκήσεως
876 1556 1328 1633 φιλοσοφωτάτης
1345 1581 1405 1614 τε
1429 1559 1519 1614 καὶ
1545 1556 1941 1631 σφοδροτάτης,
2023 1619 2026 1622 ,

332 1640 403 1710 ῶς
434 1646 525 1699 καὶ
555 1648 773 1716 γραφῆς
805 1643 990 1701 αὐτῶν
1021 1641 1248 1710 ἀξιῶσαι
1278 1640 1373 1709 τὰς
1408 1641 1692 1716 διατριβάς
1723 1645 1815 1699 καὶ
1845 1641 1942 1708 τὰς

330 1726 691 1800 συνηλύσεις,
742 1726 809 1784 τά
847 1751 905 1784 τε
945 1725 1225 1799 συμπόσια
1270 1728 1361 1782 καὶ
1402 1727 1506 1798 τὴν
1545 1725 1719 1798 ἄλλην
1757 1730 1942 1783 πᾶσαν

266 1835 308 1866 20
330 1815 429 1869 τοῦ
459 1818 586 1883 βίου
617 1810 840 1885 ἀγωγὴν
871 1809 967 1868 τὸν
999 1817 1242 1868 Φίλωνα.

457 1908 599 1958 xv11.
657 1907 783 1973 [Nic.
813 1908 870 1956 H.
901 1907 954 1954 E.
985 1907 1040 1960 11,
1074 1905 1151 1955 16.
1186 1905 1296 1972 17.]
1354 1890 1455 1952 “ov
1495 1896 1586 1950 καὶ
1631 1893 1791 1966 λόγος
1833 1900 1941 1967 ἔχει

331 1979 467 2037 κατὰ
508 1980 794 2038 Κλαύδιον
836 1981 922 2036 ἐπὶ
974 1983 1068 2051 τῆς
1101 1978 1305 2052 Ῥώμης
1359 1985 1435 2045 εἰς
1480 1975 1701 2051 ὁμιλίαν
1753 1983 1942 2036 ἐλθεῖν

331 2067 528 2141 Πέτρῳ
546 2109 559 2136 ,
591 2079 704 2131 τοῖς
729 2067 903 2122 ἐκεῖσε
932 2063 1052 2121 τότε
1083 2063 1421 2136 κηρύττοντι.
1477 2066 1567 2119 καὶ
1593 2060 1696 2120 οὐκ
1720 2060 1942 2130 άπεικός

333 2145 402 2206 ἂν
434 2158 519 2221 εἰή
549 2148 711 2206 τοῦτό
742 2173 832 2221 γε,
878 2149 995 2204 ἐπεὶ
1027 2150 1118 2205 καὶ
1150 2145 1180 2204 ὅ
1214 2172 1398 2221 φαμεν
1431 2144 1579 2223 αύτῷ
1610 2146 1940 2221 σύγγραμμα

268 2253 313 2286 25
335 2239 411 2300 εἰς
452 2231 687 2305 ὕστερον
740 2234 830 2289 καὶ
883 2230 1018 2305 μετά
1069 2231 1300 2306 χρόνους
1343 2229 1494 2308 αὐτῷ
1536 2233 1938 2304 πεπονημένον,

333 2322 524 2391 σαφῶς
554 2315 682 2383 τοὺς
725 2318 889 2374 εἰσέτι
919 2320 1028 2374 νῦν
1068 2319 1160 2373 καὶ
1194 2323 1271 2383 εἰς
1302 2314 1440 2389 ἡμᾶς
1481 2318 1941 2389 πεφυλαγμένους

332 2408 426 2475 τῆς
459 2405 747 2474 ἐκκλησίας
778 2404 1018 2475 περιέχει
1041 2399 1294 2468 κανόνας.
1348 2406 1396 2459 2.
1431 2398 1568 2457 ἀλλὰ
1592 2404 1683 2458 καὶ
1706 2399 1803 2458 τὸν
1816 2406 1942 2472 βίον

333 2490 445 2543 τῶν
475 2483 609 2559 παρ’
643 2485 777 2559 ἡμῖν
808 2483 1063 2558 ἀσκητῶν
1095 2484 1166 2553 ῶς
1199 2492 1281 2543 ἔνι
1311 2484 1544 2559 μάλιστα
1576 2483 1941 2558 ἀκριβέστατα

336 2573 571 2642 ἱστορῶν
611 2569 810 2643 γένοιτ’
857 2567 927 2628 ἂν
967 2575 1195 2643 ἔκδηλος
1235 2567 1336 2628 οὐκ
1369 2570 1529 2638 εἰδῶς
1559 2569 1760 2643 μόνον,
1803 2566 1941 2625 ἀλλά

270 2675 314 2707 30
336 2657 427 2712 καὶ
459 2654 892 2729 ἀποδεχόμενος,
927 2653 1227 2724 ἐκθειάζων
1257 2680 1314 2714 τε
1344 2658 1438 2713 καὶ
1479 2652 1771 2728 σεμνύνων
1813 2650 1942 2720 τούς
1984 2712 2020 2720 Ἢ

448 2851 474 2890 9
505 2851 628 2891 Petr.
654 2853 691 2902 1,
715 2851 753 2900 5,
781 2852 846 2891 13.
