2032 3174
331 109 397 160 74
997 109 1245 150 EUSEBH

315 221 701 298 “δορυφόροις.
763 227 810 280 2.
846 221 1056 294 φθάνει
1101 221 1152 280 δ’
1189 221 1360 280 αὐτοῦ
1391 223 1490 296 τὴν
1520 223 1697 298 ὁρμὴν
1730 227 1922 297 Φῆλιξ,

308 305 667 379 “ὑπαντήσας
707 305 841 380 μετὰ
881 310 992 364 τῶν
1023 306 1339 382 Ῥωμαϊκῶν
1378 307 1632 366 ὁπλιτῶν.
1695 310 1786 365 καὶ
1818 313 1925 374 πᾶς

308 390 374 448 “6
416 394 584 463 δῆμος
626 389 985 464 συνεφήψατο
1024 395 1118 464 τῆς
1169 390 1408 464 ἀμύνης,
1461 390 1600 450 ὥστε
1642 398 1924 466 συμβολῆς

307 475 646 548 “γενομένης
685 474 782 532 τὸν
822 476 923 547 μὲν
967 475 1275 548 Αίγύπτιον
1316 489 1520 549 φυγεῖν
1548 473 1666 548 μετ’
1699 473 1923 549 ὀλίγων,

273 559 336 617 5“
350 563 733 634 διαφθαρῆναι
770 560 829 615 δὲ
859 562 950 616 καὶ
983 566 1332 634 ζωγρηθῆναι
1358 566 1649 627 πλείστους
1679 563 1790 617 τῶν
1821 558 1927 618 σὺν

306 643 339 663 Ν
404 643 415 662 7
478 648 495 657 ν
524 640 552 661 9,

350 668 511 720 αυτςο.
615 648 661 700 3.
695 649 867 700 ταῦτα
899 647 960 702 ἐν
989 648 1057 718 τῇ
1083 647 1313 719 δευτέρᾳ
1335 647 1446 702 τῶν
1478 649 1736 717 ι’στοριῶν
1765 640 1793 700 ὁ
1818 641 1926 701 ’ch-

1998 0 2032 91 ης

316 743 514 800 σηπος·
577 732 864 800 ἐπιστῆσαι
907 729 967 785 δὲ
1015 727 1167 796 ἄξιον
1213 741 1324 794 τοῖς
1366 731 1612 786 ἐνταῦθα
1653 727 1789 785 κατὰ
1829 725 1927 785 τὸν
2005 791 2011 798 ,

316 810 629 884 Αἰγύπτιον
683 814 1085 886 δεδηλωμένοις
1137 815 1227 870 καὶ
1277 826 1389 879 τοῖς
1433 817 1493 869 ἐν
1536 826 1652 879 ταῖς
1683 810 1928 887 Πράξεσι
2006 818 2015 878 j

314 902 426 953 τῶν
457 894 795 954 ἀποστόλων.
867 903 1008 954 ἔνθα
1049 893 1114 953 τὰ
1146 895 1281 954 κατὰ
1315 895 1528 968 Φήλικα
1573 894 1707 970 πρὸς
1737 902 1835 954 τοῦ
1867 899 1929 953 ἐν

256 1011 296 1042 10
311 979 703 1054 Ἱεροσολύμοις
746 979 1030 1054 χιλιάρχου
1063 991 1271 1080 εἴρηται
1301 987 1377 1058 τῷ
1409 979 1647 1057 Παύλῳ,
1687 977 1926 1053 ὁπηνίκα

316 1072 736 1134 κατεστασίαζεν
767 1063 939 1122 αὐτοῦ
970 1065 1028 1122 τὸ
1058 1069 1169 1122 τῶν
1195 1062 1480 1123 Ἰουδαίων
1510 1069 1749 1136 πλῆθος·
1806 1061 1927 1122 ούκ

317 1147 422 1219 ἄρα
468 1166 538 1204 συ
584 1149 634 1205 εἶ
671 1145 698 1204 ὁ
741 1147 1045 1220 Αἰγύπτιος
1085 1145 1112 1206 ὁ
1155 1149 1260 1222 πρὸ
1301 1148 1516 1249 τούτων
1555 1173 1664 1206 των
1705 1145 1927 1222 ἡμερων

316 1230 704 1298 ἀναστατώσας
736 1235 827 1288 καὶ
860 1233 1142 1305 ἐξαγαγων
1175 1237 1234 1290 ἐν
1266 1239 1331 1306 τῇ
1344 1231 1547 1335 ἐρημω
1578 1257 1707 1299 τους
1738 1255 1922 1304 τετρα-

316 1322 617 1389 κισχιλίους
642 1314 849 1389 ἀνδρας
879 1341 991 1373 των
1022 1315 1353 1390 σικαρίων;”
1395 1315 1533 1373 ἀλλὰ
1563 1314 1629 1373 τά
1659 1340 1760 1389 μεν
1791 1340 1927 1373 κατα

259 1430 300 1461 15
325 1400 539 1473 Φήλικα
570 1404 807 1457 τοιαῦτα.

442 1496 586 1544 XXII.
645 1495 768 1561 [Nic.
798 1496 852 1545 ΙΙ.
884 1495 937 1544 Ε.
967 1496 1023 1553 11,
1052 1493 1306 1561 28-33]
1379 1483 1589 1543 Τούτου
1624 1484 1686 1540 δὲ
1711 1489 1926 1557 Φῆστος

316 1565 423 1625 ὑπὸ
467 1571 729 1642 Νέρωνος
778 1567 1031 1641 διάδοχος
1079 1571 1375 1641 πέμπεται,
1422 1567 1553 1625 καθ’
1605 1565 1671 1625 ὃν
1717 1573 1928 1625 δικαιο-

317 1652 689 1725 λογησάμενος
741 1651 769 1708 ὁ
801 1657 1024 1718 Παῦλος
1078 1654 1296 1725 δέσμιος
1349 1655 1437 1709 ε’πὶ
1475 1651 1678 1725 Ῥώμης
1719 1649 1922 1723 ἄγεται.

309 1734 661 1809 Ἀρίσταρχος
706 1733 758 1791 δ’
793 1733 942 1812 αὐτῷ
975 1739 1182 1807 συνῆν,
1227 1733 1292 1794 ὃν
1324 1737 1413 1792 καὶ
1449 1734 1668 1802 εἰκότως
1700 1753 1924 1809 συναιχ-

253 1850 294 1882 20
316 1819 571 1893 μάλωτόν
610 1843 718 1877 που
757 1823 868 1877 τῶν
911 1823 1211 1876 ἐπιστολῶν
1242 1816 1519 1876 ἀποκαλεῖ.
1584 1821 1675 1876 καὶ
1708 1824 1928 1886 Λουκᾶς

317 1905 396 1976 δὲ,
422 1903 449 1961 ὁ
481 1910 574 1971 τᾶς
598 1903 820 1978 πράξεις
844 1907 955 1961 τῶν
978 1901 1300 1960 ἀποστόλων
1323 1908 1509 1978 γραφῇ
1531 1901 1833 1976 παραδοὺς,
1867 1907 1928 1960 ἐν

315 1986 530 2054 τούτοις
561 1990 826 2045 κατέλυσε
855 1987 957 2060 τὴν
989 1991 1265 2061 ἱστορίαν,
1300 1993 1513 2046 διετίαν
1543 1987 1678 2060 ὅλην
1711 1990 1799 2044 ἐπὶ
1831 1990 1928 2060 τῆς

310 2067 511 2144 Ρώμης
552 2071 648 2129 τὸν
679 2078 910 2129 Παῦλον
950 2069 1146 2128 άνετον
1180 2076 1527 2145 διαστριψαι,
1571 2074 1662 2128 καὶ
1702 2074 1798 2128 τὸν
1829 2076 1927 2128 τοῦ

317 2160 457 2213 θεοῦ
497 2154 662 2227 λόγον
703 2152 997 2222 ἀκωλύτως
1038 2158 1268 2229 κηρῦξαι
1307 2154 1802 2255 ἐπισημηνάμενος.
1874 2159 1922 2212 2.

255 2268 296 2301 25
319 2239 438 2297 τότε
469 2263 571 2312 μεν
602 2231 703 2296 οὖν
733 2237 1223 2312 ἀπολογησάμενον
1255 2231 1420 2305 αὖθις
1454 2242 1543 2296 ἐπὶ
1573 2237 1675 2311 τὴν
1705 2245 1802 2296 τοῦ
1812 2263 1926 2340 κη·
1990 2271 1995 2279 ·

320 2322 592 2396 ρύγματος
635 2328 923 2380 διακονίαν
964 2322 1122 2395 λόγος
1165 2329 1273 2396 ἔχει
1305 2330 1628 2380 στείλασθαι
1667 2323 1764 2380 τὸν
1794 2320 1927 2380 ἀπό-

319 2417 544 2479 στολον,
579 2405 844 2479 δεύτερον
877 2405 925 2463 δ’
965 2406 1230 2479 ἐπιβάντα
1260 2412 1325 2482 τῇ
1357 2407 1494 2483 αὐτῇ
1527 2406 1681 2465 πόλει
1704 2411 1778 2484 τῷ
1804 2403 1925 2464 κατ’

323 2489 493 2549 αὐτὸν
523 2497 886 2564 τελειωθῆναι
918 2499 1215 2569 μαρτυρίᾳ).
1273 2495 1332 2549 ἐν
1352 2485 1394 2570 ᾧ
1420 2498 1642 2565 δεσμοῖς
1675 2490 1927 2565 ἐχόμενος

321 2573 422 2648 τὴν
461 2575 596 2650 πρὸς
647 2575 920 2648 Τιμόθεον
969 2577 1235 2649 δευτέραν
1284 2575 1575 2649 ἐπιστολὴν
1619 2574 1926 2646 συντάττει,

257 2659 459 2734 εοὸμοῦ
509 2665 797 2733 σημαίνων
848 2658 949 2732 τήν
999 2685 1056 2717 τε
1108 2664 1380 2733 προτέραν
1422 2659 1574 2736 αὐτῷ
1623 2661 1928 2732 γενομένην

436 2855 485 2892 12
518 2853 615 2908 Aet.
641 2855 710 2905 21,
735 2855 801 2894 38.
979 2855 1032 2894 20
1065 2852 1162 2894 Col.
1185 2855 1223 2903 4,
1257 2855 1319 2895 10.
1503 2855 1554 2894 21
1585 2853 1685 2895 Act.
1710 2852 1776 2903 28,
1801 2854 1868 2893 30.
