2032 3174
313 124 381 176 36
991 125 1241 166 EUSEBH

311 241 446 315 πρὸς
486 239 660 312 γάμον
695 238 973 312 Ἡρώδης,
1026 235 1303 310 ἀθετήσας
1354 241 1455 311 μὲν
1502 239 1605 312 τὴν
1644 243 1919 312 προτέραν

311 323 464 401 αὐτῷ
504 323 639 380 κατὰ
678 322 882 397 νόμους
922 327 1298 396 γεγενημένην
1337 321 1548 397 (Ἀρέτα
1580 322 1633 381 δ’
1667 317 1738 397 ἦν
1779 324 1918 397 αὕτη

310 412 408 465 τοῦ
448 413 736 479 Πετραίων
767 410 1037 479 βασιλέως
1060 407 1360 482 θυγάτηρ),
1392 407 1493 480 τὴν
1518 409 1578 466 δὲ
1601 407 1918 482 “Ηρωδιοῖδα

312 499 509 561 ζῶντος
544 491 839 565 διαστήσας
870 496 967 549 τοῦ
998 489 1228 560 ἀνδρός·
1277 489 1349 548 δι’
1388 488 1459 563 ἣν
1488 495 1581 549 καὶ
1612 493 1708 550 τὸν
1733 490 1919 550 Ἰωάν-

267 598 289 631 5
313 601 419 649 νην
450 575 663 634 ἀνελών
693 576 935 650 πόλεμον
965 587 1176 651 αἴρεται
1207 576 1341 649 πρὸς
1371 576 1468 633 τὸν
1491 576 1734 649 Ἀρέταν,
1768 573 1920 634 ὦσαν

308 660 679 734 ἠτιμασμένης
721 659 868 738 αὐτῷ
909 667 1004 732 τῆς
1050 660 1342 733 θυγατρός.
1413 665 1462 717 2.
1510 664 1571 718 ἐν
1615 653 1659 737 ᾦ
1698 664 1917 737 πολέμῳ

307 744 483 819 μάχης
523 747 823 819 γενομένης
863 745 1042 803 πάντα
1082 747 1218 818 φησὶ
1262 743 1359 802 τὸν
1391 743 1645 816 θΗριόδου
1685 744 1920 816 στρατὸν

312 835 723 903 διαφθαρῆναι,
767 831 858 886 καὶ
899 834 1072 887 ταῦτα
1113 831 1455 886 πεπονθέναι
1497 834 1592 900 τῆς
1622 833 1919 901 ἐπιβουλῆς

309 917 500 972 ἕνεκεν
538 919 632 987 τῆς
673 913 810 971 κατὰ
847 918 946 971 τοῦ
971 911 1232 972 Ἰωάννου
1273 916 1656 986 γεγενημένης.
1718 919 1764 970 3.
1798 913 1826 970 ὁ
1861 912 1912 970 δ’

245 1020 287 1052 ιο
312 995 474 1066 αυτὸς
494 995 751 1072 Ἰώσηπος
778 1003 837 1055 ἐν
859 1013 971 1065 τοῖς
994 997 1228 1071 μαλιστα
1247 996 1594 1054 δικαιότατον
1609 1000 1701 1054 καὶ
1725 1004 1917 1068 βαπτι-

305 1080 454 1155 στὴν
486 1081 771 1156 ὁμολογῶν
814 1085 1102 1154 γεγονέναι
1148 1081 1244 1140 τὸν
1282 1080 1592 1181 Ἰωαννην,
1629 1096 1744 1147 τοῖς
1789 1085 1916 1154 περὶ

309 1166 483 1224 αὐτοῦ
511 1167 648 1223 κατὰ
679 1165 780 1238 τὴν
810 1191 920 1224 των
953 1164 1297 1239 εὐαγγελίων
1318 1164 1542 1239 γραφὴν
1565 1164 1918 1239 ἀναγεγραμ-

308 1253 492 1324 μένοις
524 1265 918 1325 συμμαρτυρεῖ.
982 1257 1188 1321 ιστορεῖ
1220 1252 1279 1307 δε
1304 1253 1395 1306 καὶ
1424 1248 1521 1307 τὸν
1542 1249 1800 1321 Ηριόδην
1823 1255 1918 1323 τῆς

307 1342 590 1408 βασιλείας
621 1334 1077 1392 ἀποπεπτωκέναι
1123 1333 1214 1391 διὰ
1245 1328 1348 1406 τὴν
1379 1332 1554 1405 αὐτὴν
1577 1329 1915 1406 εΗρωδιοὲδα,

244 1440 285 1472 15
309 1416 441 1491 μεθ’
474 1411 539 1491 ἧς
581 1418 751 1476 αὐτὸν
790 1421 883 1476 καὶ
928 1425 1004 1486 εἰς
1045 1418 1145 1492 τὴν
1173 1416 1917 1492 ὑπερορίαν.οἰπεληλοὲσθαι,

314 1510 550 1561 Βίενναν
579 1507 673 1576 τῆς
704 1509 942 1570 Γαλλίας
973 1509 1149 1561 οἰκεῖν
1179 1505 1673 1560 καταδικασθέντα.
1743 1506 1792 1559 4.
1827 1505 1918 1560 καὶ

305 1587 476 1645 ταῦτα
519 1612 582 1661 γε
621 1587 774 1664 αὐτῷ
813 1591 872 1644 έν
911 1586 1363 1663 ὀκτωκαιδεκάτῳ
1402 1589 1496 1658 τῆς
1536 1583 1918 1659 ἀρχαιολογίας

310 1670 643 1744 δεδήλωται,
687 1678 827 1729 ἔνθα
867 1678 1175 1742 συλλαβαῖς
1215 1668 1406 1736 αὐταῖς
1446 1673 1574 1742 περὶ
1613 1674 1712 1727 τοῦ
1738 1667 1916 1727 Ἰωαν-
1988 1709 2006 1715 ,‚

307 1780 410 1812 νου
441 1759 614 1812 ταῦτα
644 1754 847 1828 γράφει
870 1752 1018 1811 “affl
1043 1756 1105 1811 δὲ
1127 1757 1239 1811 τῶν
1262 1754 1554 1812 Ἰουδαίων
1578 1754 1757 1810 ἐδόκει
1781 1753 1916 1812 ὀλω-

244 1839 493 1897 εο“λέναι
522 1838 619 1897 τὸν
640 1838 894 1914 (Ηρεόδου
925 1839 1160 1912 στρατὸν
1189 1837 1297 1896 ὑπὸ
1327 1844 1425 1895 τοῦ
1455 1842 1615 1910 θεοῦ,
1648 1840 1740 1895 καὶ
1773 1837 1918 1911 μάλα

299 1924 566 1990 “δικαίως
606 1926 939 1997 τιννυμένου
979 1924 1115 1980 κατὰ
1159 1920 1361 1995 ποινὴν
1383 1921 1648 1980 Ἰωάννου
1688 1927 1787 1980 τοῦ
1818 1947 1918 1980 κα-

299 2007 614 2082 “λουμένου
655 2011 972 2080 βαπτιστοῦ.
1045 2012 1093 2064 5.
1136 2014 1337 2064 κτείνει
1377 2005 1480 2079 γὰρ
1520 2010 1719 2064 τοῦτον
1739 2006 1919 2079 “Ηρω’-

301 2089 467 2165 “δης,
514 2089 733 2164 αγαθὸν
771 2091 950 2164 ανδρα
995 2095 1086 2148 καὶ
1130 2106 1243 2158 τοῖς
1270 2089 1555 2159 Ἰουδαίοις
1599 2090 1915 2165 κελεύοντα,

300 2172 541 2249 ’Ἑρετην
573 2180 874 2234 ἐπασκοῦσι
905 2178 997 2232 καὶ
1027 2201 1089 2233 τα
1114 2175 1249 2247 πρὸς
1282 2172 1552 2247 ἀλλήλους
1588 2175 1916 2251 δικαιοσύνῃ

243 2260 314 2363 2ῠῖ
319 2259 432 2317 ‘mxl
474 2259 608 2334 πρὸς
649 2260 744 2318 τὸν
784 2259 923 2318 θεὸν
965 2257 1220 2335 εὐσεβείᾳ
1273 2263 1572 2333 χρωμένοις
1630 2263 1920 2336 βαπτισμῷ

301 2341 604 2402 “συνιέναι
668 2342 813 2402 οὕτω
845 2369 948 2419 γαρ
983 2345 1051 2416 δὴ
1072 2347 1163 2401 καὶ
1187 2343 1289 2416 τὴν
1312 2342 1575 2415 βαπτισιν
1605 2342 1917 2415 ἀποδεκτὴν

317 2426 490 2486 “αὐτω
528 2440 864 2502 φανεῖσθαι,
907 2428 980 2501 μὴ
1024 2431 1115 2485 ἐπί
1142 2453 1310 2486 τινων
1350 2424 1685 2502 αμαρταδων
1715 2452 1919 2501 παραι-

301 2512 492 2585 “τήσει
523 2517 851 2621 χρωμένων,
884 2510 1008 2570 ἀλλ’
1045 2510 1133 2586 ἐφ’
1169 2509 1364 2589 ἁγνεία
1394 2538 1492 2571 του
1523 2513 1790 2587 σώματος,
1823 2511 1918 2570 ἅτε

301 2597 408 2671 ’ςδὴ
450 2599 541 2654 καὶ
582 2601 677 2670 τῆς
717 2603 896 2671 ψυχῆς
938 2597 1264 2672 δικαιοσύνῃ
1309 2599 1914 2671 προεκκεκαθαρμένης.

244 2679 391 2739 30“6.
424 2684 514 2739 καὶ
544 2685 655 2740 τῶν
685 2681 869 2740 ἄλλων
893 2686 1359 2756 συστρεφομένων
1384 2679 1628 2755 (καὶγὰρ
1661 2681 1918 2754 ἥσθησαν
1980 2745 1989 2750 .

299 2426 312 2446 ί·

428 2868 563 2919 19Ἀ.
586 2878 618 2916 1.
643 2877 763 2927 vm,
789 2879 828 2927 5,
853 2880 890 2918 2.
