2032 3174
548 101 707 143 HIST.
746 100 994 141 ECCLES.
1027 102 1062 141 1.
1100 103 1166 142 12.
1203 103 1267 142 13.
1644 99 1713 151 39

106 223 440 291 προστίθησι
491 219 668 288 λέγων
715 211 941 272 “ἔπειτα
994 212 1161 288 ωφθη
1222 230 1336 282 τοῖς
1387 214 1713 282 ἀποστόλοις

106 299 275 359 πᾶσι]
359 303 531 359 ταῦτα
562 301 665 373 μὲν
695 291 798 357 οῦν
828 302 954 373 περὶ
985 302 1178 357 τωνδε.
1240 303 1336 372 τῆς
1370 300 1430 356 δε
1460 302 1587 372 περὶ
1618 299 1714 358 τὸν

106 391 392 445 Θαδδαῖον
426 389 667 457 ἱστορίας
697 387 940 450 τοιοῦτος
971 385 1200 456 γέγονεν
1228 380 1256 440 ὁ
1290 382 1503 458 τρόπος.

233 477 1322 546 X111.[Nic.H.E.11,7.etEuao1-1v,
1360 477 1470 544 29]
1525 463 1713 524 Ητοῦ

106 562 305 629 κυρίου
347 556 434 611 καὶ
477 555 721 625 σωτῆρος
771 550 927 624 ἡμῶν
960 517 1161 623 Ἰησοῦῢ
1179 557 1421 626 Χριστοῦ
1471 549 1712 624 θειότης,
1738 576 1757 609 5

110 645 188 706 εἰς
219 637 427 704 πάντας
458 634 792 710 ἀνθρώπους
822 637 916 706 τῆς
959 639 1398 708 παραδοξοποιοῦ
1432 634 1717 708 δυνάμεως

111 725 300 780 ἕνεκεν
341 722 625 794 βοωμένη,
668 724 900 792 μυρίους
939 717 1103 785 ὅσους
1145 723 1236 776 καὶ
1277 723 1387 777 των
1434 717 1519 777 ἐπ’
1554 719 1719 777 ἀλλο-

112 810 290 879 δαπῆς
332 803 662 879 πορρωτάτω
702 826 760 860 τε
798 805 892 875 τῆς
917 800 1186 869 Ἰουδαίας
1227 802 1411 860 νόσων
1451 806 1541 860 καὶ
1574 827 1718 861 παν-

107 897 274 947 τοίων
304 893 506 946 παθῶν
538 892 720 945 ἐλπίδι
743 892 1045 959 θεραπείας
1079 885 1321 960 ἐπήγετο.
1363 892 1412 944 2.
1440 886 1610 962 ταύτῃ
1634 912 1717 944 τοι

109 970 689 1046 βασιλεῦς”Αβγαρος,
722 975 832 1029 τῶν
861 970 1003 1043 ὑπὲρ
1036 970 1337 1045 Εὐφράτην
1380 974 1564 1029 ἐθνῶν
1598 975 1715 1028 ἐπι-
1740 995 1779 1026 10

109 1057 387 1131 σημότατα
420 1055 809 1128 δυναστεύων,
852 1054 1022 1113 πάθει
1052 1055 1111 1113 τὸ
1144 1062 1299 1129 σῶμα
1332 1059 1496 1132 δεινῷ
1528 1056 1619 1112 καὶ
1652 1055 1718 1113 οὐ

111 1148 444 1218 θεραπευτῷ
474 1140 608 1199 ὅσον
650 1138 741 1197 ἐπ’
777 1139 1105 1216 ἀνθρωπεία
1150 1139 1382 1213 δυνάμει
1413 1150 1723 1212 καταφθει-

112 1226 376 1299 ρόμενος,
431 1224 503 1292 ὡς
555 1228 646 1282 καὶ
699 1221 937 1296 τοῦνομα
978 1228 1078 1282 τοῦ
1109 1223 1289 1297 Ἰησοῦ
1329 1222 1471 1282 πολῦ
1502 1222 1718 1290 καὶτὰς

114 1309 376 1384 δυνάμεις
417 1308 731 1382 συμφώνως
781 1308 916 1382 πρὸς
957 1307 1218 1366 ἁπάντων
1266 1312 1720 1382 μαρτυρουμένας

111 1393 369 1466 ἐπύθετο,
406 1395 582 1465 ἱκέτης
614 1391 786 1450 αὐτοῦ
816 1395 1032 1466 πέμψας
1066 1391 1138 1449 δι’
1167 1391 1606 1466 ἐπιστοληφόρου
1637 1398 1717 1464 γί-

110 1503 293 1549 νεται,
340 1482 435 1550 τῆς
479 1476 647 1535 νόσου
692 1489 879 1550 τυχεῖν
910 1473 1227 1549 ἀπαλλαγῆς
1258 1475 1441 1544 ἀξιῶν.
1518 1481 1564 1533 3.
1598 1475 1626 1532 ὁ
1660 1478 1720 1533 δὲ

109 1561 184 1635 μὴ
222 1561 343 1619 τότε
383 1565 642 1619 καλοῦντι
681 1559 1002 1628 ὑπακούσας
1046 1563 1331 1632 ἐπιστολῆς
1371 1565 1510 1632 γοῦν
1551 1557 1721 1618 αὐτὸν

111 1653 255 1712 ἰδίας
286 1649 554 1725 καταξιοϊ,
592 1648 689 1703 ἕνα
719 1649 829 1701 τῶν
859 1643 1034 1701 αὑτοῦ
1064 1648 1333 1717 μαθητῶν
1362 1643 1721 1702 ἀποστέλλειν

35 1766 38 1768 v
114 1732 202 1788 ἐπὶ
232 1736 507 1805 θεραπείᾳ
530 1733 623 1802 τῆς
647 1728 836 1800 νόσου,
868 1728 1008 1801 ὁμοῦ
1040 1752 1097 1785 τε
1122 1727 1295 1785 αὐτοῦ
1318 1734 1595 1802 σωτηρίαν
1627 1730 1719 1785 καὶ

109 1820 224 1872 τῶν
261 1812 654 1887 προσηκόντων
696 1809 958 1870 ἁπάντων
998 1809 1454 1886 ὑπισχνούμενος.
1530 1817 1580 1867 4.
1615 1810 1718 1870 οῦκ

119 1905 196 1965 εἰς
226 1899 436 1972 μακρ“ν
480 1899 540 1955 δὲ
582 1896 688 1971 ἄρα
730 1896 879 1974 αὐτῷ
914 1900 1218 1970 ἐπληροῦτο
1262 1895 1328 1954 τά
1357 1901 1452 1970 τῆς
1486 1899 1722 1969 ἐπαγγε-

115 1988 250 2050 λίας.
309 1981 443 2055 μετά
472 1985 611 2055 γοῦν
654 1981 756 2056 τὴν
802 1986 860 2039 ἐκ
891 1985 1106 2055 νεκρῶν
1150 1979 1454 2038 ἀνάστασιν
1499 1983 1589 2038 καὶ
1620 1979 1722 2053 τὴν

117 2073 194 2134 εἰς
225 2064 496 2139 οῦρανοῦς
527 2064 733 2124 ἄνοδον
755 2070 974 2139 Θωμᾶς,
1006 2070 1119 2123 τῶν
1150 2063 1472 2123 ἀποστόλων
1504 2062 1581 2132 εἷς
1611 2068 1723 2122 ’τῶν

116 2149 361 2224 δώδεκα,
397 2156 709 2224 Θαδδαῖον,
754 2154 812 2209 ἐν
842 2149 1067 2227 ἀριθμῷ
1095 2153 1184 2207 καὶ
1217 2147 1386 2208 αὐτὸν
1414 2153 1527 2208 τῶν
1561 2152 1722 2222 ἑβδο-

113 2234 357 2307 μήκοντα
386 2239 484 2293 τοῦ
514 2239 757 2310 Χριστοῦ
785 2239 1054 2309 μαθητῶν
1083 2236 1533 2308 κατειλεγμένον,
1565 2233 1720 2306 κινή-
1746 2258 1763 2287 2

115 2337 200 2375 σει
239 2324 496 2396 θειοτέρα
537 2322 624 2377 ἐπὶ
665 2319 767 2390 τὴν
784 2318 1058 2378 Ἔδεσσαν
1096 2318 1313 2393 κήρυκα
1355 2322 1446 2376 καὶ
1493 2317 1724 2390 εὐαγγε-

117 2402 308 2474 λιστὴν
346 2407 439 2476 τῆς
479 2407 605 2476 περὶ
635 2411 734 2462 τοῦ
765 2408 1005 2478 Χριστοῦ
1040 2409 1400 2470 διδασκαλίας
1443 2404 1722 2475 ἐκπέμπει,

117 2484 296 2543 πάντα
336 2510 393 2544 τε
425 2484 500 2544 δι’
535 2485 704 2546 αὐτοῦ
748 2490 813 2545 τὰ
843 2492 938 2561 τῆς
969 2491 1068 2545 τοῦ
1099 2493 1342 2562 σωτῆρος
1381 2487 1539 2560 ἡμῶν
1570 2487 1722 2551 τέλος

119 2568 428 2643 ἐλάμβανεν
461 2573 800 2644 ἐπαγγελίας.
845 2579 984 2646 ἔχεις
1015 2574 1106 2630 καὶ
1129 2571 1340 2629 τούτων
1370 2569 1724 2644 ἀνάγραπτον

117 2653 218 2725 τὴν
246 2663 586 2728 μαρτυρίαν,
630 2659 690 2714 ἐκ
719 2660 830 2715 τῶν
870 2655 1295 2714 κατά”Εδεσσαν
1335 2653 1393 2712 τὸ
1423 2659 1722 2727 τηνικαῦτα
1746 2677 1763 2707 3

117 2742 555 2813 βασιλευομένην
579 2739 742 2798 πόλιν
763 2745 1371 2815 γραμματοφυλακείων
1389 2747 1719 2811 ληφθεῖσαν.

119 2823 178 2878 ἐν
207 2827 344 2894 γοῦν
367 2838 482 2892 τοῖς
505 2823 702 2882 αὐτόθι
727 2831 1006 2898 δημοσίοις
1028 2823 1268 2898 χάρταις,
1300 2836 1412 2888 τοῖς
1433 2820 1498 2880 τά
1519 2819 1722 2879 παλαιὰ

1743 1418 1782 1450 15

1741 1839 1782 1870 20
