2032 3174
316 106 386 158 5ss
999 105 1247 146 EUSEBII
1292 110 1312 159 3

324 224 579 279 κακῶσαί
604 245 757 285 τινας
789 226 900 277 τῶν
931 217 1039 276 ἀπὸ
1063 223 1158 290 τῆς
1183 223 1472 292 ἐκκλησίας
1490 266 1504 292 ,
1537 220 1729 279 ἀνεῖλέ
1747 246 1805 279 τε
1829 220 1944 280 Ἰά-

322 311 507 377 κωβον
538 303 634 361 τόν
665 302 911 376 ἀδελφὸν
935 302 1196 362 Ἰωάννου
1225 303 1522 380 μαχαίρᾳ,”
1578 311 1627 363 2.
1661 309 1787 379 περὶ
1811 304 1939 363 τού-

321 414 419 447 του
466 386 518 445 δ’
553 384 579 445 ὁ
620 387 843 461 Κλήμης
883 394 981 445 τοῦ
1010 385 1271 461 Ἰακώβου
1312 391 1403 445 καὶ
1436 393 1684 462 ἱστορίαν
1714 389 1938 463 μνήμης·

323 471 483 542 ἀξίαν
516 476 574 531 ἐν
604 476 670 547 τῇ
700 478 812 530 τῶν
834 471 1271 530 Ὑποτυπώσεων
1306 472 1516 546 ἑβδόμῃ
1549 481 1941 547 παρατίθεται,

280 582 300 614 5
326 556 477 615 ὦσαν
511 562 568 615 ἐκ
600 556 958 630 παραδόσεως
989 562 1102 615 τῶν
1132 557 1236 630 πρὸ
1262 555 1433 614 αὐτοῦ
1465 557 1716 631 φάσκων,
1747 558 1830 615 ὅτι
1864 558 1931 630 δὴ

321 639 350 700 ὁ
395 640 707 714 εἰσαγαγών
750 639 920 699 αὐτὸν
961 648 1038 709 εἰς
1081 641 1462 714 δικαστήριον,
1502 642 1939 717 μαρτυρήσαντα

325 726 463 785 ι’δὼν
504 723 703 799 αὐτὸν,
746 729 999 799 κινηθεὶς
1046 723 1398 800 ὡμολόγησεν
1442 726 1583 784 εἶναι
1635 730 1727 784 καὶ
1770 724 1940 793 αὐτὸς

327 810 526 869 ἑαυτὸν
578 811 925 883 Χριστιανόν.
1009 816 1055 868 3.
1106 810 1549 884 συναπήχθησαν
1601 804 1704 868 οὖν
1749 810 1944 884 ἄμφω,

323 898 489 969 φησὶ,
544 897 634 952 καὶ
677 894 813 953 κατὰ
854 894 955 967 τὴν
1006 892 1139 952 ὁδὸν
1179 892 1413 967 ἠξίωσεν
1456 893 1740 967 ἀφεθῆναι
1786 894 1937 971 αὐτῷ
2005 932 2013 942 ·

263 1004 304 1035 10
325 976 439 1037 ὑπὸ
470 983 567 1037 τοῦ
591 979 872 1052 Ἰακώβου.
944 979 971 1037 ὁ
1007 981 1066 1036 δὲ
1106 979 1294 1052 ὀλίγον
1337 979 1681 1052 σκεψάμενος
1705 975 1947 1052 “ει’ρήνητ

324 1061 455 1122 σοι”·
486 1064 633 1136 εἶπε,
667 1067 756 1121 καὶ
788 1071 1160 1137 κατεφίλησεν
1185 1063 1369 1122 αὐτόν.
1433 1066 1523 1120 καὶ
1548 1061 1724 1131 οὕτως
1755 1061 1935 1137 ἆμφό-

323 1172 469 1221 τεροι
501 1147 639 1221 ὁμοῦ
673 1148 1184 1222 ἐκαρατομήθησαν.
1244 1153 1291 1206 4.
1326 1148 1385 1206 τὸ
1409 1154 1708 1222 τηνικαῦτα
1741 1149 1832 1219 δὲ,
1866 1146 1946 1215 ὥς

324 1252 496 1306 φησιν
528 1231 560 1305 ἡ
592 1239 723 1290 θεία
754 1233 958 1307 γραφὴ,
994 1233 1131 1290 ι’δών
1161 1229 1463 1305 ὁ”Ηρώδης
1498 1235 1585 1290 ἐπὶ
1617 1235 1683 1306 τῇ
1712 1236 1812 1290 τοῦ
1836 1229 1939 1290 Ἰα-

326 1314 512 1390 κώβου
543 1315 825 1389 ἀναιρέσει
855 1315 937 1374 ὅτι
970 1316 1038 1389 δὴ
1070 1315 1204 1390 πρὸς
1235 1316 1441 1389 ἡδονῆς
1483 1327 1566 1389 εἴη
1597 1315 1655 1373 τὸ
1687 1316 1947 1389 πραχθὲν·

267 1415 441 1467 ιετοῑς
484 1398 802 1473 Ἰουδαίοις,
859 1404 1163 1459 ἐπιτίθεται
1208 1403 1298 1458 καὶ
1339 1403 1564 1478 Πέτρῳ,
1619 1406 1839 1472 δεσμοῖς
1880 1423 1947 1458 τε

329 1484 498 1543 αὐτὸν
529 1485 812 1558 παραδούς
855 1483 988 1544 ὅσον
1029 1484 1184 1543 οὔπω
1225 1487 1316 1542 καὶ
1347 1485 1444 1543 τὸν
1475 1483 1593 1542 κατ’
1632 1482 1806 1542 αὐτοῦ
1834 1483 1941 1558 φό-

327 1594 429 1628 νον
463 1569 766 1643 ἐνήργησεν
807 1568 902 1643 ὄὲν,
948 1569 1098 1644 εἰμὴ
1141 1568 1231 1627 διὰ
1269 1577 1430 1636 θείας
1464 1574 1789 1641 ἐπιφανείας
1821 1572 1946 1626 ε’πι-
2022 1596 2025 1599 ·

328 1653 556 1719 στάντος
589 1653 738 1730 αὐτῷ
771 1654 990 1727 νύκτωρ
1021 1653 1260 1726 ἀγγέλου
1292 1652 1615 1726 παραδόξως
1645 1655 1756 1710 τῶν
1789 1657 1937 1727 εἶργ-

328 1741 449 1812 μῶν
501 1735 835 1810 ἀπαλλαγεὶς
892 1741 977 1794 ἐπὶ
1029 1737 1130 1809 τὴν
1181 1741 1281 1795 τοῦ
1332 1736 1677 1811 κηρύγματος
1742 1734 1948 1810 ἀφεῖτο

264 1846 306 1879 20
332 1828 636 1880 διακονίαν.
682 1825 772 1879 καὶ
805 1820 869 1879 τοὶ
899 1823 1002 1896 μὲν
1021 1819 1155 1879 κατὰ
1181 1823 1397 1894 Πέτρον
1422 1819 1594 1889 οὕτως
1620 1822 1766 1894 εἶχεν
1795 1827 1947 1879 οἰκο-

321 1913 531 1983 νομίας.

453 2003 510 2051 Χ.
570 2002 700 2067 [Nic.
738 2003 796 2052 H.
825 2003 880 2052 E.
921 2002 986 2058 ΙΙ,
1019 2000 1125 2067 13]
1199 1989 1273 2047 To}
1315 1992 1381 2046 δέ
1419 2014 1482 2063 γε
1525 1993 1620 2062 τῆς
1661 1990 1797 2047 κατὰ
1827 1994 1948 2049 τῶν

328 2073 652 2133 ἀποστόλων
685 2074 1041 2149 ἐγχειρήσεως
1082 2079 1180 2131 τοῦ
1211 2077 1479 2147 βασιλέως
1517 2071 1697 2132 οὐκέτ’
1733 2072 1938 2148 ἀναβο-

330 2165 428 2232 λῆς
462 2168 655 2232 εἴχετο,
687 2157 826 2216 ἀλλά
848 2162 915 2232 γε’
932 2183 1012 2216 τοι
1038 2157 1209 2216 αὐτὸν
1231 2158 1259 2216 ὁ
1284 2162 1378 2231 τῆς
1409 2164 1567 2224 θείας
1595 2163 1750 2230 δίκης
1774 2184 1945 2232 τιμω-

266 2272 308 2304 25
332 2243 425 2317 ρὸς
468 2241 721 2310 διάκονος
762 2242 977 2318 μετῄει,
1027 2250 1339 2315 παραυτίκα
1368 2241 1511 2317 μετὰ.
1533 2241 1635 2314 τὴν
1665 2246 1775 2300 τῶν
1805 2241 1945 2302 ἄπο·

331 2327 542 2385 στόλων
563 2327 881 2400 ἐπιβουλὴν,
916 2326 987 2395 ὡς
1018 2327 1051 2401 ἡ
1074 2332 1183 2385 των
1207 2326 1475 2403 Πράξεων
1501 2331 1710 2398 ἱστορεῖ
1730 2327 1938 2402 γραφὴ,

330 2410 647 2487 ὁρμήσαντα
686 2412 788 2485 μὲν
831 2415 917 2469 ἐπὶ
957 2411 1057 2485 τὴν
1088 2412 1458 2487 Καισάρειαν,
1504 2415 1564 2469 ἐν
1597 2410 1842 2488 ἐπισήμῳ
1876 2411 1943 2468 δ’

333 2499 578 2554 ἐνταῦθα
621 2498 808 2569 ἑορτῆς
851 2495 1024 2572 ἡμέρᾳ
1057 2500 1278 2572 λαμπρᾷ
1308 2499 1399 2553 καὶ
1441 2498 1701 2571 βασιλικῇ
1730 2516 1938 2571 κοσμη-

332 2579 573 2655 σάμενον
605 2583 830 2654 ἐσθῆτι,
870 2579 1087 2653 ὑψηλόν
1116 2605 1173 2639 τε
1215 2581 1320 2655 πρὸ
1351 2579 1590 2654 βήματος
1625 2579 1940 2654 δημηγορή-

264 2690 310 2726 30
334 2680 531 2722 σαντα·
571 2654 668 2722 τοῦ
707 2663 812 2739 γάρ
841 2674 937 2722 ἴτοι
981 2664 1158 2739 δήμου
1201 2663 1404 2732 παντὸς
1445 2662 1947 2737 ἐπευφημήσαντος
1982 2719 2012 2726 x.

448 2862 499 2901 13
529 2860 628 2904 Aet.
656 2861 721 2911 12,
746 2862 784 2900 3.
959 2860 1013 2899 26
1043 2859 1141 2899 Aet.
1168 2856 1235 2911 12,
1259 2860 1328 2899 20.
