2032 3174
243 97 258 103 ‘
305 106 370 158 76
982 104 1228 144 EUSEBII

306 225 442 296 ῥᾷον
473 219 573 292 τὴν
604 218 744 292 ὑπὲρ
775 221 874 275 τοῦ
901 215 1168 290 δόγματος
1192 221 1287 274 τοῦ
1313 217 1545 275 Παύλου
1570 221 1911 291 καταδεχθῆ·

308 329 397 361 ναι
428 306 751 375 ἀπολογίαν,
786 301 1156 377 προελθόντος
1189 301 1249 357 δὲ
1283 306 1357 367 εἰς
1383 299 1680 375 ἀθεμίτους
1711 300 1913 374 τόλμας

305 386 438 461 μετὰ
469 391 581 445 τῶν
611 385 796 444 ἄλλων
828 389 919 442 καὶ
949 384 1014 442 τὰ
1046 382 1181 442 κατὰ
1210 388 1323 442 τῶν
1352 382 1672 443 ἀποστόλων
1717 389 1912 459 ἐπιχει-

308 476 487 546 ρῆσαί

266 581 284 613 5
434 566 602 615 xxm.
662 565 788 631 [Nic.
817 565 874 614 H.
904 565 954 613 E.
986 565 1041 619 11,
1070 561 1173 629 38]
1246 551 1514 610 Ἰουδαῖοί
1559 575 1620 625 γε
1667 553 1776 625 μὴν
1816 557 1914 610 τοῦ

306 639 539 696 Παύλου
581 645 837 710 Καίσαρα
881 639 1379 709 ἐπικαλεσαμένου,
1422 640 1518 694 ἐπί
1553 660 1610 693 τε
1649 636 1751 707 τὴν
1789 631 1918 694 Ῥω-

304 729 486 797 μαίων
517 722 680 779 πόλιν
710 718 819 778 ὑπὸ
835 720 1058 794 Φήστου
1090 723 1611 794 παραπεμφθέντος,
1643 724 1738 791 τῆς
1764 723 1917 776 ἐλπί-

306 832 394 875 οος
427 804 558 864 καθ’
587 805 656 878 ἣν
683 805 943 880 ἐξήρτυον
969 804 1116 881 αὐτῷ
1147 805 1249 877 τὴν
1276 804 1578 878 ἐπιβουλὴν
1602 803 1916 861 ἆποπεσόν-

306 916 422 964 τες,
458 893 546 948 ἐπὶ
573 888 834 962 Ἰάκωβον
864 889 960 947 τὸν
990 893 1088 947 τοῦ
1112 896 1310 963 κυρίου
1334 891 1625 963 τρέπονται
1650 885 1918 962 ἀδελφὸν,

245 1002 284 1033 10
311 967 354 1053 ᾧ
384 974 518 1046 πρὸς
550 980 661 1032 τῶν
691 971 1012 1031 αποστόλων
1043 970 1071 1030 ὁ
1103 980 1197 1046 τῆς
1232 976 1528 1045 ἐπισκοπῆς
1553 976 1647 1044 τῆς
1674 975 1733 1029 ἐν
1754 971 1917 1042 Ιερο-

306 1057 566 1132 σολῦμοις
599 1063 964 1132 ἐγκεχείριστο
995 1055 1214 1131 θρόνος.
1259 1062 1486 1115 τοιαῦτα
1518 1058 1578 1114 δε
1603 1055 1790 1122 αὐτοῖς
1821 1058 1914 1113 καὶ

306 1142 371 1200 τὰ
412 1143 548 1199 κατὰ
586 1142 784 1199 τούτου
823 1146 1099 1215 τολμᾶται.
1169 1147 1217 1198 2.
1253 1148 1330 1208 είς
1371 1143 1539 1215 μέσον
1585 1139 1755 1199 αὐτὸν
1785 1138 1916 1212 ἄγα-

306 1226 493 1299 γόντες
548 1225 781 1301 ἄρνησιν
832 1230 927 1298 τῆς
981 1231 1058 1291 εἰς
1108 1225 1204 1283 τὸν
1246 1225 1485 1299 Χριστὸν
1537 1230 1771 1290 πίστεως
1827 1227 1915 1281 ἐπὶ

307 1308 510 1377 παντὸς
544 1309 769 1383 ἐζήτουν
800 1313 898 1367 τοῦ
928 1313 1079 1366 λαοῦ.
1142 1312 1239 1366 τοῦ
1273 1310 1332 1366 δὲ
1355 1302 1504 1380 παρὰ
1529 1308 1630 1381 τὴν
1654 1307 1916 1366 ἁπάντων

246 1420 285 1452 15
308 1393 535 1468 γνώμην
569 1395 839 1470 ἐλευθέρᾳ
870 1397 1031 1467 φωνῇ
1064 1395 1154 1450 καὶ
1196 1397 1404 1467 μᾶλλον
1436 1388 1470 1465 ἢ
1501 1391 1923 1466 προσεδόκησαν

311 1482 398 1536 ἐπὶ
429 1482 523 1550 τῆς
555 1477 807 1551 πληθύος
838 1477 1055 1550 ἁπάσης
1080 1481 1634 1553 παρρησιασαμένου,
1667 1479 1758 1534 καὶ
1788 1475 1922 1549 ὁμο-

309 1561 646 1636 λογήσαντος
678 1561 804 1620 υἶόν
837 1563 978 1620 εἶναι
1009 1565 1110 1619 τοῦ
1138 1566 1278 1620 θεοῦ
1308 1560 1404 1619 τὸν
1435 1564 1656 1635 σωτῆρα
1697 1563 1788 1617 καὶ
1819 1559 1919 1616 κύ-

309 1672 430 1722 ριον
474 1646 628 1720 ἡμῶν
655 1644 898 1720 Ἰησοῦν,
939 1643 1142 1754 μηκέθ’
1187 1643 1300 1703 οἷοί
1336 1670 1394 1703 τε
1439 1644 1539 1718 τὴν
1579 1649 1677 1701 τοῦ
1717 1642 1920 1716 ἀνδρὸς

309 1737 620 1805 μαρτυρίαν
661 1733 885 1833 φέρειν,
930 1753 1002 1786 τω
1047 1732 1139 1786 καὶ
1183 1727 1527 1786 δικαιότατον
1572 1725 1740 1785 αὐτὸν
1771 1750 1919 1800 παρα

247 1838 288 1870 20
310 1829 423 1881 τοις
454 1818 589 1871 πᾶσι
623 1811 697 1870 δι’
733 1812 1004 1888 ἀκρότητα
1036 1806 1098 1885 ἧς
1122 1837 1308 1887 μετηει
1332 1837 1468 1870 κατα
1491 1810 1587 1869 τὸν
1612 1818 1735 1884 βίον
1759 1820 1921 1885 φιλο-

311 1906 510 1971 σοφίας
552 1923 610 1956 τε
656 1900 746 1955 καὶ
800 1903 1123 1970 θεοσεβείας
1175 1895 1566 1969 πιστεύεσθαι,
1620 1902 1918 1966 κτείνουσι,

311 1982 504 2056 καιρὸν
536 1989 612 2050 εἰς
658 1985 912 2050 ἐξουσίαν
953 1980 1218 2054 λαβόντες
1260 1979 1363 2054 τὴν
1393 1979 1691 2055 ἀναρχίαν,
1734 1979 1816 2037 ὅτι
1850 1977 1918 2052 δὴ

311 2070 407 2124 τοῦ
442 2065 666 2137 Φήστου
707 2063 826 2123 κατ’
860 2064 992 2123 αὐτὸ
1036 2070 1132 2123 τοῦ
1174 2071 1368 2139 καιροῦ
1411 2067 1498 2122 ἐπὶ
1529 2068 1624 2136 τῆς
1649 2063 1920 2129 Ἰουδαίας

309 2149 735 2222 τελευτήσαντος
766 2147 977 2223 ἄναρχα
1008 2151 1099 2206 καὶ
1130 2146 1568 2222 ἀνεπιτρόπευτα
1598 2148 1662 2206 τὰ
1692 2152 1787 2220 τῆς
1819 2146 1922 2205 αῦ-

248 2257 289 2290 25
311 2233 437 2292 τόθι
469 2233 791 2306 διοικήσεως
823 2233 1188 2306 καθειστήκει.
1259 2238 1306 2290 3.
1339 2232 1435 2290 τὸν
1467 2234 1526 2290 δὲ
1567 2235 1660 2304 τῆς
1691 2235 1789 2288 τοῦ
1816 2228 1922 2289 Ἰα-

311 2317 498 2390 κώβου
538 2322 793 2390 τελευτῆς
832 2316 1038 2392 τρόπον
1077 2316 1184 2390 ῆδη
1215 2318 1316 2391 μὲν
1355 2315 1624 2392 πρότερον
1656 2322 1717 2373 αἱ
1743 2337 1922 2390 παρα-

311 2413 560 2460 τεθεῖσαι
599 2409 696 2459 τοῦ
744 2400 1059 2475 Κλήμεντος
1111 2405 1294 2475 φωναὶ
1350 2399 1758 2473 δεδηλωκασιν,
1814 2397 1920 2456 ἀπὸ

311 2491 409 2543 τοῦ
441 2493 741 2559 πτερυγίου
782 2490 1099 2559 βεβλῆσθαι
1141 2485 1286 2563 ξύλῳ
1328 2509 1386 2543 τε
1426 2487 1528 2558 τὴν
1573 2484 1708 2557 πρὸς
1738 2483 1921 2542 θάνα-

311 2594 407 2627 τον
450 2574 767 2643 πεπλῆχθαι
809 2568 978 2627 αὐτὸν
1019 2569 1379 2643 ἱστορηκότος.
1453 2567 1818 2644 ἀκριβέστατά
1858 2591 1920 2639 γε

248 2676 290 2708 30
312 2653 422 2728 μὴν
452 2654 516 2710 τὰ
547 2653 666 2710 κατ’
696 2653 866 2711 αὐτὸν
896 2653 1300 2728 ὁ“Ηγη’σιππος,
1337 2656 1426 2711 ἐπὶ
1450 2659 1545 2727 τῆς
1567 2651 1782 2727 πρώτης
1808 2655 1920 2708 τῶν
1989 2713 2006 2718 ,

427 2848 479 2888 26
512 2839 758 2900 πρότερον]
791 2847 849 2898 II,
879 2849 913 2890 1.
938 2861 976 2899 p.
1002 2849 1068 2899 45,
1093 2849 1161 2888 23.
