2032 3174
603 116 759 157 HIST.
794 115 1040 159 ECOLES.
1074 117 1109 156 Ι.
1146 118 1208 158 13.
1641 116 1675 166 4

1678 116 1709 166 CO

1694 234 1707 256 β

102 233 196 289 καὶ
227 237 478 303 βοτανῶν
523 229 927 303 ἐθεράπευσεν,
971 233 1062 287 καὶ
1101 228 1167 288 οὐ
1208 229 1407 305 μόνον,
1449 229 1588 288 ἄλλα
1619 256 1710 288 και

82 314 298 388 ’Ἁβδον
326 315 422 372 τὸν
452 318 550 372 τοῦ
567 313 777 386 ’Ἀβδον
808 313 1096 389 ποδάγραν
1137 322 1357 388 ἔχοντα,
1399 312 1457 382 ὃς
1489 318 1580 372 καὶ
1613 313 1710 372 αύ-

101 399 191 466 τὸς
222 399 554 471 προσελθων
583 396 690 456 ὑπὸ
722 397 849 465 τούς
881 398 1055 466 πόδας
1086 398 1258 457 αὐτοῦ
1291 405 1514 472 ἔπεσεν,
1549 398 1710 473 εὐχάς

102 508 160 541 τε
195 483 286 540 διὰ
316 484 492 557 χειρὸς
517 483 706 555 λαβὼν
730 484 1113 556 ἐθεραπεύθη·
1161 483 1397 551 πολλούς
1421 507 1479 540 τε
1509 482 1710 550 ἄλλους

100 575 439 640 συμπολίτας
494 565 678 624 αὐτῶν
722 563 750 623 ὁ
791 565 956 633 αὐτὸς
1009 566 1226 640 ἰάσατο,
1279 566 1575 641 θαυμαστοὶ
1620 570 1753 626 καὶὸ

102 651 312 725 μεγάλα
357 656 562 722 ποιων,
604 653 695 708 καὶ
736 649 1031 724 κηρύσσων
1071 651 1166 707 τὸν
1208 650 1372 723 λόγον
1411 655 1510 709 τοῦ
1551 656 1709 709 θεοῦ.

107 742 186 794 19.
220 729 354 808 μετὰ
378 737 632 792 δὲταῦτα
654 732 974 808 δ”Αβγαρος
1010 731 1119 798 Ϊ“σύ
1154 741 1418 806 Θαδδαῖε,
1451 742 1575 809 ἔφη,
1608 736 1714 795 σὺν

98 818 338 892 δυνάμει
369 823 466 876 τοῦ
505 822 646 876 θεοῦ
678 822 850 875 ταῦτα
881 833 1084 890 ποιεῖς,
1134 821 1224 875 καὶ
1263 818 1418 891 ἡμεῖς
1461 838 1522 876 σε
1555 819 1712 877 αὐτοὶ

100 902 513 976 ἐθαυμάσαμεν.
575 899 699 959 ἀλλ’
729 905 816 959 ἐπὶ
839 902 1052 970 τούτοις
1084 904 1282 976 δέομαί
1299 921 1419 975 σου,
1443 902 1720 976 -διήγησαί

100 1011 194 1060 μοι
233 989 360 1058 περὶ
400 992 495 1060 τῆς
538 985 806 1054 ἐλεύσεως
850 990 950 1044 τοῦ
973 984 1149 1059 Ἰησοῦ
1180 993 1295 1053 πῶς
1329 990 1573 1061 ἐγένετο,
1621 990 1712 1044 καὶ
1738 1015 1776 1046 ιο

105 1073 231 1144 περὶ
261 1075 356 1143 τῆς
390 1070 676 1144 δυνάμεως
708 1070 900 1143 αὐτοῦ,
933 1075 1025 1128 καὶ
1051 1076 1111 1128 ἐν
1134 1077 1265 1147 ποίᾳ
1285 1071 1519 1145 δυνάμει
1544 1076 1714 1129 ταῦτα

105 1159 304 1227 ἐποίει,
349 1154 508 1212 ἅτινα
537 1153 903 1229 ἠκούσαμεν.”
964 1161 1048 1213 20.
1083 1158 1175 1212 καὶ
1206 1154 1233 1213 ὃ
1267 1161 1546 1223 Θαδδαῖος
1570 1155 1715 1214 (ςνῦν

102 1241 205 1312 μὲν
235 1238 599 1313 σιωπήσομαι,
633 1247 758 1313 ἔφη,
794 1239 983 1312 ἐπειδὴ
1010 1243 1241 1313 κηρῦξαι
1264 1239 1360 1297 τὸν
1385 1239 1551 1312 λόγον
1582 1237 1712 1298 άπε-

102 1322 329 1396 στάλην,
364 1322 560 1395 αὔριον
594 1324 655 1380 δὲ
687 1323 1051 1397 ἐκκλησίασόν
1081 1349 1172 1397 μοι
1202 1324 1328 1391 τούς
1353 1332 1578 1390 πολίτας
1610 1343 1712 1382 σου

103 1406 341 1480 πάντας,
375 1410 465 1464 καὶ
501 1405 585 1464 ἐπ’
621 1406 806 1465 αὐτῶν
837 1407 1053 1480 κηρύξω
1084 1407 1182 1466 τὸν
1227 1407 1394 1480 λόγον
1423 1411 1524 1466 τοῦ
1552 1415 1710 1480 θεοῦ,
1738 1432 1776 1464 15

103 1493 199 1547 καὶ
230 1494 416 1566 σπερῶ
448 1495 507 1548 ἐν
539 1490 727 1558 αὐτοῖς
758 1490 855 1550 τὸν
885 1491 1050 1564 λόγον
1080 1496 1174 1564 τῆς
1200 1495 1353 1565 ζωῆς,
1387 1499 1519 1566 περί
1536 1517 1594 1553 τε
1617 1497 1713 1565 τῆς

105 1573 369 1641 ἐλεύσεως
421 1582 518 1633 τοῦ
555 1573 733 1649 Ἰησοῦ
785 1575 974 1643 καθώς
1018 1579 1261 1648 ἐγένετο,
1316 1580 1406 1633 καὶ
1448 1580 1574 1649 περὶ
1617 1580 1712 1649 τῆς

97 1657 408 1730 ἀποστολῆς
439 1657 639 1732 αὐτοῦ,
674 1663 765 1716 καὶ
797 1663 959 1717 ἕνεκα
988 1667 1136 1725 τίνος
1168 1659 1446 1732 ἀπεστάλη
1477 1660 1584 1717 ὑπὸ
1616 1665 1713 1718 τοῦ

31 1763 35 1766 ⁴
101 1743 338 1816 πατρὸς,
381 1746 470 1800 καὶ
513 1747 638 1815 περὶ
679 1747 774 1816 τῆς
823 1743 1111 1816 δυνάμεως
1151 1749 1263 1801 τῶν
1310 1751 1487 1817 ἔργων
1520 1742 1711 1814 αὐτοῦ,

104 1830 197 1884 καὶ
228 1834 548 1901 μυστηρίων
580 1821 659 1886 ὧν
705 1827 970 1900 ἐλάλησεν
1002 1832 1063 1885 ἐν
1092 1834 1167 1904 τῷ
1200 1828 1416 1905 κόσμῳ,
1458 1831 1549 1885 καὶ
1583 1835 1713 1903 ποίᾳ
1736 1855 1776 1886 ‘20

104 1910 337 1984 δυνάμει
381 1916 553 1969 ταῦτα
602 1917 801 1984 ἐποίει,
859 1915 950 1970 καὶ
995 1914 1121 1985 περὶ
1166 1915 1260 1984 τῆς
1307 1918 1498 1985 καινῆς
1545 1911 1716 1970 αὐτοῦ

102 1995 411 2069 κηρύξεως,
459 1999 548 2053 καὶ
595 1999 721 2069 περὶ
765 2000 860 2069 τῆς
906 1995 1263 2071 σμικρότητος
1309 1999 1402 2054 καὶ
1447 1999 1574 2069 περὶ
1618 2000 1711 2069 τῆς

102 2079 483 2148 ταπεινώσεως
515 2078 705 2152 αὐτοῦ,
738 2083 829 2138 καὶ
855 2085 969 2148 πῶς
1003 2085 1373 2139 ἐταπείνωσεν
1400 2079 1598 2139 ἑαυτὸν
1622 2084 1705 2137 καὶ

102 2162 354 2222 ἀπέθανε
377 2168 468 2222 καὶ
494 2168 824 2238 έσμίκρυνεν
849 2162 1022 2223 αὐτοῦ
1043 2165 1145 2238 τὴν
1158 2164 1395 2237 θεότητα
1409 2167 1500 2222 καὶ
1517 2169 1710 2222 ἐσταυ-

100 2247 289 2320 ρώθη,
322 2252 414 2306 καὶ
443 2252 644 2323 κατέβη
677 2256 754 2317 εἰς
777 2248 873 2307 τὸν
891 2248 1105 2322 ΓἈίδην,
1138 2252 1228 2307 καὶ
1261 2252 1504 2323 διέσχισε
1534 2274 1714 2322 φραγ-
1737 2275 1777 2306 :25

100 2332 206 2403 μὸν
245 2332 341 2390 τὸν
384 2337 436 2400 ἐξ
479 2339 678 2400 αἰῶνος
708 2334 781 2407 μὴ
814 2336 1142 2407 σχισθέντα,
1191 2337 1282 2391 καὶ
1312 2333 1592 2406 ἀνήγαγεν
1621 2359 1713 2391 νε-

106 2414 300 2483 κρούς·
347 2417 584 2489 καταβὰς
616 2418 718 2493 γὰρ
750 2418 916 2491 μόνος
942 2418 1274 2491 συνήγειρεν
1296 2418 1564 2489 πολλοὺς,
1600 2416 1706 2475 εἷθ’

104 2496 280 2567 οὕτως
310 2496 482 2572 ἀνέβη
513 2501 647 2575 πρὸς
677 2502 774 2560 τὸν
803 2505 1011 2577 πατέρα
1043 2501 1231 2560 αὐτοῦ.
1303 2507 1387 2560 21.
1424 2503 1711 2559 ἐκέλευσεν

101 2575 205 2639 οῦν
236 2579 555 2658 ὁ”Αβγαρος
578 2588 645 2660 τῇ
670 2589 850 2644 ἕωθεν
881 2586 1111 2655 συνάξαι
1135 2586 1262 2653 τούς
1285 2593 1510 2652 πολίτας
1541 2584 1714 2642 αὐτοῦ

103 2669 193 2723 καὶ
225 2664 458 2726 άκοῦσαι
489 2667 590 2741 τὴν
621 2669 854 2743 κήρυξιν
886 2677 1202 2743 Θαδδαίου,
1249 2673 1340 2728 καὶ
1371 2669 1506 2743 μετὰ
1537 2671 1709 2726 ταῦτα
1734 2694 1774 2724 30

105 2755 437 2821 προσέταξεν
468 2751 617 2830 αὐτῷ
651 2760 890 2827 δοθῆναι
931 2755 1138 2828 χρυσὸν
1178 2756 1267 2812 καὶ
1300 2753 1527 2827 ἄσημον.
1590 2752 1618 2809 ὁ
1654 2753 1714 2808 δὲ

100 2831 204 2891 οὐκ
246 2838 462 2904 ἐδέξατο
504 2837 677 2895 εἰπών
708 2834 799 2896 “el
836 2837 901 2895 τά
943 2838 1179 2912 ἡμέτερα
1224 2843 1711 2909 καταλελοίπαμεν,
