1986 3152
556 128 715 171 HlsT.
744 127 990 169 ECOLES.
1021 131 1098 170 VI.
1138 132 1319 171 20—23.
1635 127 1737 179 267

117 247 461 304 Ἀντωνίνου
508 245 919 317 διαγενομένου.
985 248 1045 301 ἐν
1085 243 1260 322 τούτῳ
1308 246 1366 302 δὲ
1401 247 1491 302 καὶ
1525 246 1612 302 ἐπὶ
1643 247 1740 316 τῆς

115 330 447 401 ἽΑντιοχέων
496 331 784 401 ἐκκλησίας
824 326 1232 401 Ἀσκληπιάδην
1275 327 1508 402 Φιλητὸς
1552 330 1741 386 διαδέ-

124 436 293 488 χεται.
355 416 402 469 3.
437 417 535 471 τοῦ
568 414 629 470 δὲ
654 410 1055 487 αὐτοκράτορος
1081 412 1276 486 μήτηρ,
1312 420 1587 486 Μαμμαία
1611 411 1742 470 τοῧ-·
1764 415 1779 423 ’

127 520 298 568 νομα,
342 494 484 569 γυνὴ
524 496 929 569 θεοσεβεστάτη
972 503 1022 554 εἰ
1060 504 1158 554 καί
1192 522 1272 563 τις
1303 495 1442 570 ἄλλη
1474 511 1739 570 γεγονυῖα

120 584 220 639 καὶ
262 578 499 655 εὐλαβὴς
541 581 637 639 τὸν
678 581 911 654 τρόπον,
953 585 1050 652 τῆς
1078 578 1395 653 Ὠριγένους
1427 580 1738 655 πανταχόσε
1762 598 1782 630 5

127 666 411 738 βοωμε’νης
462 663 677 739 φήμης,
732 663 804 731 ὡς
853 667 944 721 καὶ
984 667 1141 738 μέχρι
1183 670 1296 722 τῶν
1336 665 1506 738 αὐτῆς
1549 670 1741 723 ἐλθεῖν

118 749 340 820 -άκοῶν,
387 751 513 821 περὶ
555 753 764 806 πολλοῦ
803 762 1039 806 ποιεῖται
1085 753 1180 820 τῆς
1219 752 1320 806 τοῦ
1359 748 1562 823 ἀνδρὸς
1604 754 1741 816 θέας

124 830 462 904 ἀξιωθῆναι,
505 835 596 889 καὶ
636 837 731 906 τῆς
763 829 870 889 ὑπὸ
904 831 1130 890 πάντων
1160 837 1583 906 θαυμαζομένης
1615 836 1740 907 περὶ

119 915 192 975 ’τά
231 926 362 973 θεῖα
404 918 678 983 συνέσεως
714 914 886 974 αὐτοῦ
917 931 1118 988 πεῖραν
1148 923 1358 989 λαβεῖν.
1420 922 1468 975 4.
1506 917 1591 974 ἐπ’
1622 914 1740 975 Ἀν-

116 1006 364 1074 ’τιοχείας
410 1006 547 1073 δῆτα
588 1006 951 1075 διατρίβουσα
982 999 1117 1074 μετά
1150 1005 1539 1074 στρατιωτικῆς
1572 1007 1734 1074 δορυ·
1763 1028 1804 1059 10

118 1091 325 1159 φορίας
349 1083 519 1142 αὐτὸν
542 1084 919 1143 ἀνακαλεῖται.
980 1084 1110 1159 παρ’
1144 1079 1176 1159 ᾗ
1199 1084 1401 1158 χρόνον
1427 1091 1738 1159 διατρίψας,

123 1168 357 1228 πλεῖστά
387 1194 445 1227 τε
471 1168 577 1227 ’ὅσα
611 1176 687 1237 εἰς
717 1169 819 1243 τὴν
849 1173 952 1228 τοῦ
981 1177 1180 1244 κυρίου
1213 1169 1381 1238 δόξαν
1405 1173 1495 1227 καὶ
1519 1174 1615 1243 τῆς
1638 1174 1744 1228 τοῦ

118 1261 289 1312 ’θείου
344 1259 737 1312 διδασκαλείου
779 1251 975 1329 ἀρετῆς
1019 1253 1455 1327 ἐπιδειξάμενος,
1512 1257 1602 1312 ἐπὶ
1644 1254 1741 1321 τὰς

119 1337 395 1410 συνήθεις
429 1344 666 1396 ἔσπευδε
702 1338 998 1412 διατριβάς.

251 1434 398 1482 xx11.
454 1433 580 1499 [Nic.
610 1434 668 1483 Η.
698 1435 750 1483 Ε.
782 1436 833 1490 v,
868 1433 975 1500 15.]
1075 1420 1207 1479 Τότε
1252 1426 1390 1494 δῆτα
1432 1424 1522 1479 καὶ
1558 1418 1737 1480 Ἱππό-
1767 1446 1805 1477 15

124 1516 290 1573 λυτος
322 1506 642 1564 συντάττων
664 1506 799 1579 μετά
824 1513 1098 1564 πλείστων
1121 1504 1306 1563 ἄλλων
1328 1505 1742 1580 ὑπομνημάτων

121 1593 219 1648 καὶ
260 1590 318 1647 τὸ
362 1593 486 1665 περὶ
528 1597 625 1648 τοῦ
665 1589 847 1664 πάσχα
887 1600 1179 1664 πεποίηται
1210 1589 1570 1664 σύγγραμμα,
1607 1594 1667 1648 ἐν
1698 1583 1743 1667 ᾦ

121 1680 238 1733 τῶν
275 1673 493 1748 χρόνων
532 1672 865 1750 ἀναγραφὴν
906 1676 1222 1749 ἐκθέμενος,
1255 1682 1354 1732 καί
1377 1700 1501 1732 τινα
1533 1674 1742 1733 κανόνα

123 1763 672 1832 ἑκκαιδεκαετηρίδος
713 1762 837 1831 περὶ
880 1764 980 1816 τοῦ
1020 1759 1203 1832 πάσχα
1245 1762 1504 1833 προθεὶς,
1551 1762 1638 1817 ἐπὶ
1679 1761 1739 1817 τὸ

123 1851 348 1916 πρῶτον
380 1849 496 1911 ἔτος
516 1841 882 1918 Ἀλεξάνδρου
915 1842 1315 1917 αὐτοκράτορος
1346 1842 1473 1910 τούς
1503 1843 1739 1917 χρόνους
1762 1867 1802 1898 20

128 1927 474 2003 περιγράφει.
556 1935 669 1986 τῶν
725 1929 784 1985 δὲ
833 1931 1041 1985 λοιπῶν
1083 1926 1256 1986 αὐτοῦ
1296 1926 1743 2001 συγγραμμάτων

122 2010 194 2069 τά
237 2019 313 2080 εἰς
352 2008 492 2086 ἡμᾶς
536 2012 772 2071 ἐλθόντα
815 2015 928 2070 ἐστὶ
970 2011 1129 2071 τάδε·
1178 2019 1254 2078 εἰς
1284 2012 1386 2084 τὴν
1421 2011 1741 2086 ἑξαήμερον,

131 2103 208 2164 εἰς
247 2095 312 2154 τά
345 2095 481 2170 μετά
511 2097 612 2170 τὴν
644 2096 972 2171 ἑξαήμερον,
1017 2097 1154 2171 πρὸς
1185 2104 1529 2169 Μαρκίωνα,
1575 2103 1652 2164 είς
1683 2095 1742 2153 τὸ

129 2174 303 2256 ᾆσμα,
349 2187 426 2249 εἰς
456 2185 594 2255 μέρη
625 2186 723 2239 τοῦ
749 2181 1031 2255 Ἰεζεκιὴλ,
1073 2185 1199 2251 περὶ
1231 2185 1326 2239 τοῦ
1359 2180 1574 2255 πάσχα,
1607 2179 1743 2255 πρὸς

124 2262 341 2332 ἁπάσας
370 2265 466 2332 τὰς
497 2269 760 2339 αἱρέσεις·
794 2259 1110 2324 πλεῖστά-τε
1140 2263 1280 2323 ἅλλα
1311 2267 1402 2323 καὶ
1436 2263 1583 2340 παρὰ
1615 2273 1742 2322 πολ·
1767 2287 1808 2319 25

133 2359 245 2417 λοῖς
279 2346 460 2423 εὕροις
491 2348 562 2408 ἄν
599 2349 894 2424 σωζόμενα.

258 2445 427 2494 xxm.
494 2445 622 2511 [Nic.
650 2447 706 2495 H.
734 2446 786 2495 E.
817 2447 878 2502 v,
912 2443 1018 2511 18]
1110 2432 1192 2503 Ἐξ
1255 2437 1470 2492 ἐκείνου
1532 2435 1593 2490 δὲ
1652 2435 1742 2490 καὶ

119 2516 397 2591 Ὠριγένει
446 2523 559 2576 τῶν
611 2525 688 2585 εἰς
733 2518 828 2585 τὰς
870 2525 1030 2585 θείας
1070 2519 1287 2593 γραφὰς
1330 2515 1744 2592 ὑπομνημάτων

133 2607 341 2674 ἐγίνετο
373 2601 538 2676 ἀρχὴ,
578 2601 910 2676 Ἀμβροσίου
945 2609 1021 2670 εἰς
1052 2602 1118 2659 τὰ
1147 2602 1381 2676 μάλιστα
1412 2606 1744 2676 παρορμῶν-

127 2711 221 2752 τος
253 2685 424 2744 αὐτὸν
455 2694 678 2761 μυρίαις
708 2686 976 2745 ὁσαισοῦν
1006 2701 1362 2760 προτροπαῖς,
1404 2685 1470 2745 οὐ
1501 2702 1620 2751 ταῖς
1655 2685 1741 2741 διὰ
1765 2707 1808 2738 30

135 2769 314 2843 λόγων
345 2773 435 2828 καὶ
461 2769 875 2846 παρακλήσεσιν
899 2769 1034 2828 αὐτὸ
1057 2771 1249 2844 μόνον,
1281 2769 1419 2828 ἀλλὰ
1443 2772 1534 2827 καὶ
1562 2769 1742 2841 ἀφθο-

134 2854 401 2923 νωτάταις
441 2862 556 2913 τῶν
600 2851 932 2928 ἐπιτηδείων
960 2862 1259 2931 χορηγίαις.
1321 2860 1368 2911 2.
1402 2854 1745 2927 ταχυγράφοι
