1986 3152
259 110 364 162 460
933 107 1180 149 EUSEBII

260 224 449 282 αὐτῶν
480 219 898 292 έξουδενώσεις”
931 219 1144 295 ἀληθὲς
1167 220 1270 279 ὑπ’
1300 218 1622 296 ὀφθαλμοῖς
1644 222 1874 280 πάντων

261 307 661 380 ἄναπέφανταα
707 311 791 364 31.
823 305 950 364 ἀλλ’
978 311 1037 363 οἱ
1061 307 1167 380 μὲν
1189 306 1474 378 γιγα’ντων
1495 307 1706 380 τρόπον
1733 315 1872 364 θεο-

259 399 467 466 μαχίαν
500 391 896 464 ἐνστησάμενοι
924 390 1187 463 τοιαύτην
1219 390 1470 464 εἰλήχασι
1490 390 1596 463 τὴν
1617 396 1720 448 τοῦ
1742 396 1873 463 βίου

259 475 676 550 καταστροφήν·
722 481 821 548 τῆς
863 473 917 532 δ’
968 475 1175 550 ἐρήμου
1225 476 1320 531 καὶ
1368 474 1502 549 παρ’
1550 473 1875 550 ἀνθρώποις

220 586 239 618 5
262 560 695 633 (ἐπεγνωσμένης
745 564 974 616 τοιαῦτα
1025 555 1116 616 οἶα
1166 558 1233 616 τοὶ
1286 555 1543 634 ὁρώμενα
1585 564 1686 632 τῆς
1734 559 1874 616 κατὰ

259 642 401 702 θεὸν
441 643 730 717 ὑπομονῆς
774 643 842 700 τὰ
884 644 1043 716 τέλη,
1088 642 1162 710 ὠς
1202 641 1530 716 ἀναφωνεῖν
1574 642 1726 718 αὐτῇ
1769 643 1875 716 τὴν

262 735 617 803 προφητείαν
641 727 874 786 ‘Ho‘aZ'ov
915 733 1092 785 ταῦτα
1132 731 1217 784 32.
1253 726 1636 802 “εύφράνθητι
1675 733 1875 802 ἔρημος

262 817 512 886 διψῶσα,
545 811 905 885 ἀγαλλιάσθω
947 817 1177 886 ἕρημος,
1217 813 1311 868 καὶ
1351 811 1599 870 ἀνθείτω
1645 810 1717 880 ὥς
1749 818 1875 884 κρί-

261 913 389 955 νον·
416 899 510 954 καὶ
535 897 827 970 ἐξανθήσει
849 897 944 953 καὶ
969 895 1356 968 ἄγαλλιοὲσεται
1377 896 1446 953 τοὶ
1471 902 1663 970 ἔρημα.
1715 896 1875 970 ἰσχύ-

200 1008 240 1039 10
265 1000 395 1040 σατε
444 994 625 1055 χεῖρες
677 979 963 1054 ἆνειμέναι
1013 982 1109 1037 καὶ
1153 980 1364 1052 γόνατα
1419 982 1874 1055 παραλελυμένα·

263 1067 711 1138 παρακαλέσατε,
743 1063 1071 1137 ὀλιγόψυχοι
1100 1069 1168 1138 τῇ
1202 1070 1454 1139 διανοίᾳ,
1490 1065 1771 1137 ἰσχύσατε,
1800 1065 1875 1138 μὴ

263 1156 549 1223 φοβεῖσθε.
601 1148 754 1205 -ἰδοῦ
796 1147 825 1205 ὁ
864 1148 1002 1214 θεὸς
1031 1147 1194 1221 ἡμῶν
1233 1154 1418 1222 κρίσιν
1460 1147 1875 1206 ἀνταποδίδωσι

263 1235 357 1290 καὶ
387 1232 809 1305 ἆνταποδώσει,
853 1231 1027 1299 αὐτὸς
1057 1233 1175 1306 ἥξει
1212 1234 1306 1289 καὶ
1351 1232 1518 1290 σώσει
1556 1228 1726 1307 ἡμᾶς·
1769 1232 1875 1306 ὅτι,

263 1319 456 1391 φησὶν,
490 1317 697 1392 ἐρράγη
732 1320 792 1374 ἐν
822 1322 893 1391 τῇ
927 1317 1110 1394 ἐρήμῳ
1143 1314 1323 1392 ὕδωρ,
1349 1318 1443 1374 καὶ
1465 1317 1686 1391 φάραγξ
1711 1320 1773 1374 ἐν
1802 1322 1877 1392 νῇ

203 1428 241 1459 15
266 1403 514 1476 διψώσῃ,
545 1403 639 1459 καὶ
675 1400 712 1475 ἡ
744 1402 990 1475 ἄνυδρος
1034 1407 1184 1459 ἔσται
1225 1406 1305 1468 εἰς
1347 1405 1473 1475 ἕλη,
1514 1403 1610 1459 καὶ
1654 1407 1732 1467 εἰς
1774 1401 1879 1475 τὴν

266 1492 524 1556 διψῶσαν
553 1492 665 1559 γῆν
695 1486 843 1559 πηγὴ
875 1482 1084 1553 ὕδατος
1117 1485 1315 1543 ἔσται.”
1371 1490 1456 1543 33.
1487 1487 1584 1543 καὶ
1613 1486 1747 1543 τάδε
1775 1486 1879 1560 μὲν

265 1572 450 1643 λόγοις
490 1571 661 1628 πάλαι
699 1572 1195 1646 προθεσπισθέντα
1234 1574 1446 1643 βίβλοις
1490 1575 1666 1643 ἱεραῖς
1706 1594 1877 1628 κατα-

265 1657 525 1728 βέβλητο·
558 1655 627 1712 τα’
658 1679 722 1725 γε
750 1655 866 1729 μὴν
897 1661 1033 1729 ἔργα
1063 1653 1251 1712 οὐκέτ’
1285 1654 1504 1727 ἀκοαῖς,
1537 1653 1661 1712 ἀλλ’
1698 1661 1879 1729 ἔργοις

264 1735 402 1813 ἡμῖν
433 1741 823 1813 παραδέδοται.
869 1735 903 1812 ἡ
938 1745 1138 1815 ἕρημος
1167 1740 1290 1812 ἥδε,
1323 1738 1356 1812 ἡ
1383 1739 1651 1814 ἄνυδρος,
1674 1735 1709 1812 ἡ
1735 1739 1878 1813 χήρα

204 1850 243 1880 20
267 1826 360 1881 καὶ
401 1823 795 1898 ἅπερίστατος,
845 1818 911 1897 ἧς
965 1820 1040 1891 ὦς
1093 1827 1154 1881 ἐν
1195 1829 1391 1900 δρυμςό
1437 1821 1621 1892 ξύλων
1666 1822 1880 1892 ἀξίναις

269 1910 539 1977 ἐξέκοψαν
566 1908 664 1976 τὰς
695 1908 878 1976 πύλας
911 1910 1002 1966 ε’πὶ
1031 1908 1096 1967 τό
1133 1906 1302 1979 αύτὸ,
1336 1911 1397 1966 ἐν
1427 1910 1624 1965 πέλυκι
1652 1909 1746 1965 καὶ
1777 1916 1876 1965 λα-

267 1996 539 2071 ξευτηρίςο
572 1999 983 2067 συντρίψαντες
1026 1991 1227 2066 αὐτὴν,
1269 1987 1336 2066 ἧς
1375 1994 1470 2050 καὶ
1508 1991 1606 2060 τοὶς
1647 1999 1880 2066 βίβλους

268 2082 729 2151 διαφθείραντες,
776 2077 1115 2152 ἐνεπύρισαν
1157 2081 1219 2134 έν
1249 2079 1389 2150 πυρὶ
1426 2076 1488 2134 τὸ
1521 2073 1879 2151 ἆγιαστήριον

267 2166 368 2217 τοῦ
398 2167 575 2233 θεοῦ,
619 2166 698 2228 εἰς
728 2161 832 2234 τὴν
860 2167 970 2234 γῆν
1001 2162 1358 2234 ἐβεβήλωσαν
1387 2161 1451 2217 τό
1484 2160 1747 2234 σκήνωμα
1775 2165 1878 2217 τοῦ

205 2268 245 2301 25
268 2243 538 2317 ὀνόματος
589 2244 798 2316 αὐτοῦ,
850 2243 923 2317 ἣν
976 2245 1289 2319 ἐτρύγησαν
1333 2244 1536 2311 πάντες
1589 2249 1645 2301 οἱ
1693 2265 1878 2319 παρα-

268 2328 637 2402 πορευόμενοι
675 2327 778 2401 τὴν
820 2324 991 2401 ὁδὸν,
1043 2328 1490 2402 προκαθελόντες
1531 2326 1705 2401 αὐτῆς
1745 2328 1879 2395 τούς

270 2412 598 2487 φραγμοῦς,
628 2411 700 2485 ἣν
732 2413 1044 2486 ἐλυμήνατο
1075 2407 1145 2480 ῦς
1179 2416 1238 2470 ἐκ
1270 2418 1520 2488 δρυμοῦ,
1562 2414 1657 2470 καὶ
1687 2412 1879 2487 μονιός

270 2497 458 2570 ἄγριος
507 2497 944 2571 κατενεμήσατο,
999 2503 1243 2572 Χριστοῦ
1296 2498 1530 2572 δυνάμει
1580 2497 1879 2574 παραδόξῳ

270 2586 402 2653 νῦν,
435 2578 526 2638 ὅτε
555 2583 712 2639 θέλει
741 2581 943 2655 αύτός,
990 2584 1225 2655 γέγονεν
1257 2578 1332 2650 (ὃς
1361 2589 1586 2657 κρίνον·
1634 2583 1754 2639 ἐπεὶ
1783 2582 1879 2638 καὶ

208 2691 249 2724 30
270 2665 391 2722 τότε
442 2663 618 2724 αὐτοῦ
668 2666 928 2739 νεύματι,
982 2663 1137 2724 οὖσαν
1180 2668 1601 2742 προκηδομένου
1648 2665 1879 2740 πατρὸς,

272 2860 325 2899 79
357 2803 629 2911 (ἔοῖθείὶἦὸὃ,
663 2805 685 2844 1
718 2816 842 2856 seqq.
962 2806 1015 2846 20
1045 2774 1213 2845 Psahss.
1246 2807 1298 2846 73
1330 2804 1434 2856 (74),
1468 2806 1507 2845 5.
1621 2805 1675 2845 25
1706 2801 1876 2844 Psalm.

1948 106 1950 111 -
1926 0 1958 79 «ΛΞ
