1986 3152
265 118 371 171 312
943 118 1190 159 EUSEBII

270 232 653 307 Οὐαλεριανοῦ
699 231 943 306 διωγμὸν
981 247 1127 308 τρεῖς
1170 235 1231 290 ἐν
1270 240 1577 310 Καισαρείᾳ
1625 237 1719 308 τῆς
1758 245 1879 295 Πα-

265 324 548 389 λαιστίνης
587 321 653 390 τῇ
697 315 833 373 κατα
874 316 1117 390 Χριστὸν
1159 316 1569 390 διαλάμψαντες
1612 315 1878 395 ὁμολογία

264 407 405 477 θείῳ
438 399 936 474 κατεκοσμήθησαν
965 408 1280 479 μαρτυρίῳ,
1321 407 1541 476 θηρίων
1585 403 1879 476 γενόμενοι

264 483 418 558 βορά.
466 483 679 542 τούτων
707 483 736 541 ὁ
767 486 869 558 μὲν
900 493 1145 560 Πρίσκος
1177 489 1442 558 ἐκαλεῖτο,
1474 482 1502 543 ὃ
1539 487 1602 544 δὲ
1625 487 1878 562 Μάλχος,

198 591 220 623 5
264 573 340 646 τῷ
381 570 443 626 δὲ
481 577 646 646 τρίτῳ
684 566 1041 644 Ἀλέξανδρος
1081 570 1255 644 ὄνομα
1305 562 1390 643 ἦν.
1460 568 1691 637 τούτους
1737 573 1875 644 φασὶ

263 650 387 710 κατ’
449 650 622 727 ἀγρὸν
680 659 971 721 οἰκοῦντας
1029 653 1302 729 πρότερον
1359 655 1462 727 μὲν
1521 654 1751 721 ἑαυτοὺς
1804 655 1882 722 ὥς

261 736 480 811 ἀμελεῖς
511 740 604 795 καὶ
636 737 926 814 ῥᾳθύμους
956 745 1197 811 κακίσαι,
1228 737 1311 796 ὅτι
1344 738 1414 812 δὴ
1445 745 1745 813 βραβείων,
1778 743 1882 797 τοῦ

262 825 460 895 καιροῦ
489 837 602 890 τοῖς
633 822 816 880 πόθου
845 826 1187 897 γλιχομένοις
1208 822 1478 897 οὐρανίου
1503 826 1880 897 διανέμοντος,Ι

261 904 587 981 ὀλιγωροῖεν
632 905 789 965 αὐτοὶ
854 908 927 981 μὴ
980 905 1106 981 οὐχὶ
1159 907 1599 982 προαρπαζοντες
1640 907 1737 966 τὸν
1776 911 1881 966 τοῦ

201 1012 242 1043 10
264 997 571 1066 μαρτυρίου
603 994 906 1064 στέφανον·
966 998 1139 1050 ταῦτα
1172 993 1233 1050 δὲ
1263 994 1745 1066 βουλευσαμένους
1774 991 1876 1065 ὁρ-

260 1081 432 1148 μῆσαι
474 1078 562 1132 ἐπὶ
601 1075 705 1148 τὴν
745 1075 1115 1150 Καισάρειαν,
1165 1073 1333 1150 ὁμόσε
1382 1100 1441 1134 τε
1483 1079 1738 1151 ,χωρῆσαι
1784 1080 1879 1133 ἐπὶ

261 1160 359 1217 τὸν
384 1159 668 1232 δικαστὴν,
700 1162 792 1217 καὶ
815 1173 1004 1233 τυχεῖν
1027 1164 1126 1218 τοῦ
1147 1162 1647 1234 προδεδηλωμένου
1664 1163 1871 1227 τέλους.

262 1250 338 1300 ἔτι
367 1245 505 1316 πρὸς
534 1243 749 1310 τούτοις
779 1243 1013 1316 γύναιόν
1043 1269 1094 1302 τι
1125 1242 1261 1302 κατὰ
1300 1244 1398 1302 τὸν
1429 1242 1599 1302 αὐτὸν
1630 1245 1882 1318 διωγμὸν

264 1332 324 1384 ἐν
382 1333 447 1402 τῇ
502 1327 644 1402 αὐτῇ
693 1326 849 1386 πόλει
907 1327 1004 1386 τὸν
1062 1328 1252 1402 ’ὅμοιον
1313 1333 1628 1401 ἱστοροῦσιν
1685 1326 1876 1402 ἇγῶνα

200 1436 239 1467 15
266 1414 644 1485 διηθληκέναι.
729 1417 825 1486 τῆς
879 1415 940 1471 δὲ
991 1421 1329 1488 Μαρκίωνος
1386 1412 1563 1487 αὐτὴν
1614 1415 1881 1487 αἱρέσεως

261 1499 528 1569 γενέσθαι
559 1499 773 1571 κατέχει
803 1497 979 1570 λόγος.

391 1594 515 1643 ΧΙΙΙ.
581 1593 713 1659 [Nic.
742 1594 800 1643 H.
828 1593 884 1643 E.
911 1591 1123 1660 V1,12.]
1199 1578 1348 1640 Ἀλλ’
1391 1579 1494 1639 οῦκ
1535 1587 1614 1648 εἰς
1663 1580 1880 1655 μακρὸν

266 1670 531 1724 δουλείαν
569 1668 671 1739 τὴν
711 1666 861 1740 παρὰ
891 1667 1194 1740 βαρβάροις
1229 1665 1631 1740 ὑπομείναντος
1666 1665 1878 1725 Οὐαλε-

262 1755 487 1824 ριανοῦ,
525 1750 877 1825 μοναρχήσας
907 1747 936 1808 ὁ
968 1765 1098 1817 παῖς
1129 1753 1583 1824 σωφρονέστερον
1613 1753 1742 1823 περὶ
1770 1748 1881 1823 τὴν

197 1855 239 1888 20
263 1833 440 1909 ἀρχὴν
481 1842 818 1908 διατίθεται,
870 1833 1066 1909 (ἐνίησί
1109 1859 1168 1894 τε
1213 1834 1411 1894 αὐτίκα
1460 1833 1552 1892 διὰ
1590 1857 1876 1908 προγραμ-

261 1919 450 1993 μάτων
479 1919 576 1979 τὸν
606 1919 738 1979 καθ’
774 1919 932 1994 ἡμῶν
972 1919 1242 1994 διωγμὸν,
1284 1917 1371 1978 ἐπ’
1407 1923 1731 1994 ἐλευθερίας
1762 1932 1880 1986 τοῖς

260 2007 362 2061 τοῦ
402 2004 570 2078 λόγου
611 2011 919 2078 προεστῶσι
958 2004 1024 2062 τὰ
1068 2009 1120 2073 ἐξ
1160 2011 1329 2071 ἔθους
1362 2007 1632 2062 ἐπιτελεῖν
1665 2000 1741 2061 δι’
1775 2001 1876 2060 οἷν-Υ

261 2092 531 2162 τιγραφῆς
573 2089 915 2162 προστάξας,
969 2087 1086 2161 ἥτις
1131 2093 1328 2147 τοῦτον
1369 2096 1476 2162 ἔχει
1523 2087 1622 2145 τὸν
1669 2086 1881 2161 τρόπον

256 2167 286 2188 “
296 2169 666 2246 Αὐτοκράτωρ
698 2181 918 2245 Καῖσαρ
943 2172 1230 2239 Πούπλιος
1247 2179 1532 2238 Λικίννιος
1549 2171 1874 2244 Γαλλιηνὸς,

195 2275 238 2308 25
255 2251 548 2330 “εὐσεβὴς,
582 2254 832 2330 εὐτυχὴς,
859 2257 1143 2329 σεβαστὸς,
1166 2264 1453 2334 Διονυσίῳ
1471 2257 1563 2312 καὶ
1580 2261 1769 2332 Πίννα
1785 2258 1880 2313 καὶ

252 2339 594 2418 “Δημητρίῳ
612 2343 832 2408 καὶτοῖς
849 2349 1060 2407 λοιποῖς
1079 2340 1408 2408 ἐπισκόποις.
1435 2338 1537 2412 τὴν
1550 2337 1880 2414 εὐεργεσίαν

251 2420 387 2498 “mk
431 2429 559 2499 ἐμῆς
602 2430 811 2497 δωρεᾶς
855 2424 943 2481 διὰ
991 2425 1195 2492 παντὸς
1243 2428 1344 2483 τοῦ
1394 2424 1603 2499 κόσμου
1655 2429 1879 2497 ἐκβιβα-

255 2505 506 2582 “σθῆναι
538 2513 872 2583 προσέταξα,
922 2507 1071 2577 ὅπως
1101 2509 1208 2568 ἀπὸ
1238 2508 1424 2567 τόπων
1453 2515 1565 2566 τῶν
1594 2519 1878 2582 θρησκευ-

253 2589 473 2668 “σίμων
512 2592 929 2668 ἀποχωρήσωσι.
991 2597 1085 2652 καὶ
1128 2593 1218 2652 διὰ
1257 2598 1420 2652 τοῦτο
1459 2596 1552 2651 καὶ
1592 2592 1751 2666 ὑμεῖς
1780 2598 1879 2664 τῆς

198 2674 637 2752 30“ἀντιγραφῆς
677 2681 772 2750 τῆς
814 2682 945 2752 ἐμῆς
984 2683 1062 2756 τῷ
1101 2678 1255 2756 τύπῳ
1308 2684 1552 2752 χρῆσθαι
1604 2675 1876 2744 δύνασθε,

257 2759 436 2822 “ὦ’στε
478 2766 692 2836 μηδένα
730 2759 866 2836 ὑμῖν
907 2768 1169 2837 ἐνοχλεῖν.
1231 2765 1323 2820 καὶ
1363 2767 1523 2820 τοῦτο
1562 2759 1700 2834 ὅπερ
1740 2759 1881 2818 κατὰ

260 2844 356 2906 “τό
413 2847 537 2916 ἐξὸν
589 2846 822 2905 δύναται
870 2847 967 2919 ὑφ’
1029 2844 1189 2921 ὑμῶν
1246 2844 1710 2920 ἀναπληροῦσθαι
1769 2843 1880 2918 ἤδη
