<?xml version="1.0" encoding="UTF-8"?>
<!DOCTYPE html PUBLIC "-//W3C//DTD XHTML 1.0 Transitional//EN"
    "http://www.w3.org/TR/xhtml1/DTD/xhtml1-transitional.dtd">
<html xmlns="http://www.w3.org/1999/xhtml" xml:lang="en" lang="en">
 <head>
  <title>
</title>
<meta http-equiv="Content-Type" content="text/html;charset=utf-8" />
  <meta name='ocr-system' content='tesseract 3.04.00' />
  <meta name='ocr-capabilities' content='ocr_page ocr_carea ocr_par ocr_line ocrx_word'/>
</head>
<body>
  <div class='ocr_page' id='page_1' title='image "./operaeusebius04euseuoft_0385.png"; bbox 0 0 1986 3152; ppageno 0'>
   <div class='ocr_carea' id='block_1_1' title="bbox 575 102 1715 158">
    <p class='ocr_par' dir='ltr' id='par_1_1' title="bbox 575 102 1715 158">
     <span class='ocr_line' id='line_1_1' title="bbox 575 102 1715 158; baseline 0.007 -10"><span class='ocrx_word' id='word_1_1' title='bbox 575 107 730 150; x_wconf 83' lang='lat' dir='ltr'>HIST.</span> <span class='ocrx_word' id='word_1_2' title='bbox 761 106 1011 149; x_wconf 80' lang='lat' dir='ltr'><strong>ECCLES.</strong></span> <span class='ocrx_word' id='word_1_3' title='bbox 1044 107 1143 148; x_wconf 86' lang='lat' dir='ltr'><strong><em>vn.</em></strong></span> <span class='ocrx_word' id='word_1_4' title='bbox 1175 109 1242 150; x_wconf 78' lang='lat'><strong><em>25.</em></strong></span> <span class='ocrx_word' id='word_1_5' title='bbox 1612 102 1715 158; x_wconf 75' lang='lat'><strong><em>325</em></strong></span> 
     </span>
    </p>
   </div>
   <div class='ocr_carea' id='block_1_2' title="bbox 100 219 1792 2910">
    <p class='ocr_par' dir='ltr' id='par_1_2' title="bbox 100 219 1792 2910">
     <span class='ocr_line' id='line_1_2' title="bbox 101 219 1714 296; baseline -0.002 -15"><span class='ocrx_word' id='word_1_6' title='bbox 101 219 285 288; x_wconf 78' lang='grc' dir='ltr'><strong><em>“δίαις</em></strong></span> <span class='ocrx_word' id='word_1_7' title='bbox 315 219 451 295; x_wconf 80' lang='grc' dir='ltr'><strong><em>πρὸς</em></strong></span> <span class='ocrx_word' id='word_1_8' title='bbox 482 220 578 280; x_wconf 80' lang='grc' dir='ltr'><strong><em>τὸν</em></strong></span> <span class='ocrx_word' id='word_1_9' title='bbox 607 221 746 280; x_wconf 90' lang='grc' dir='ltr'><strong><em>θεὸν</em></strong></span> <span class='ocrx_word' id='word_1_10' title='bbox 775 219 1123 296; x_wconf 81' lang='grc' dir='ltr'><strong><em>ἡπλωμέναις</em></strong></span> <span class='ocrx_word' id='word_1_11' title='bbox 1154 222 1218 279; x_wconf 83' lang='grc' dir='ltr'><strong><em>τά</em></strong></span> <span class='ocrx_word' id='word_1_12' title='bbox 1248 235 1367 288; x_wconf 79' lang='grc' dir='ltr'><strong><em>ταῖς</em></strong></span> <span class='ocrx_word' id='word_1_13' title='bbox 1398 219 1714 289; x_wconf 79' lang='grc' dir='ltr'><em>ἀποδείξεσι</em></span> 
     </span>
     <span class='ocr_line' id='line_1_3' title="bbox 103 304 1716 380; baseline -0.001 -16"><span class='ocrx_word' id='word_1_14' title='bbox 103 304 231 364; x_wconf 69' lang='lat' dir='ltr'><strong><em>“uod</em></strong></span> <span class='ocrx_word' id='word_1_15' title='bbox 265 311 648 373; x_wconf 81' lang='grc' dir='ltr'><strong><em>διδασκαλίαις</em></strong></span> <span class='ocrx_word' id='word_1_16' title='bbox 678 310 791 364; x_wconf 72' lang='grc' dir='ltr'><strong><em>τῶν</em></strong></span> <span class='ocrx_word' id='word_1_17' title='bbox 811 305 986 379; x_wconf 81' lang='grc' dir='ltr'><strong><em>ἁγίων</em></strong></span> <span class='ocrx_word' id='word_1_18' title='bbox 1015 309 1249 380; x_wconf 78' lang='grc' dir='ltr'><strong><em>γραφῶν</em></strong></span> <span class='ocrx_word' id='word_1_19' title='bbox 1273 304 1716 379; x_wconf 88' lang='grc' dir='ltr'><strong><em>συνιστανόμενα</em></strong></span> 
     </span>
     <span class='ocr_line' id='line_1_4' title="bbox 104 387 1716 464; baseline 0 -18"><span class='ocrx_word' id='word_1_20' title='bbox 104 387 583 463; x_wconf 77' lang='grc' dir='ltr'><strong><em>“καταδεχόμενοι.</em></strong></span> <span class='ocrx_word' id='word_1_21' title='bbox 646 397 693 449; x_wconf 86' lang='grc'><strong><em>9.</em></strong></span> <span class='ocrx_word' id='word_1_22' title='bbox 727 392 818 448; x_wconf 86' lang='grc' dir='ltr'><strong><em>καὶ</em></strong></span> <span class='ocrx_word' id='word_1_23' title='bbox 855 394 1010 457; x_wconf 80' lang='grc' dir='ltr'><em>τέλος</em></span> <span class='ocrx_word' id='word_1_24' title='bbox 1040 389 1070 448; x_wconf 80' lang='grc' dir='ltr'>ὅ</span> <span class='ocrx_word' id='word_1_25' title='bbox 1099 415 1158 449; x_wconf 88' lang='grc' dir='ltr'><strong><em>τε</em></strong></span> <span class='ocrx_word' id='word_1_26' title='bbox 1198 397 1292 464; x_wconf 83' lang='grc' dir='ltr'><strong><em>τῆς</em></strong></span> <span class='ocrx_word' id='word_1_27' title='bbox 1326 395 1554 463; x_wconf 80' lang='grc' dir='ltr'><em>διδαχῆς</em></span> <span class='ocrx_word' id='word_1_28' title='bbox 1585 389 1716 446; x_wconf 84' lang='grc' dir='ltr'><strong><em>ταύ-</em></strong></span> 
     </span>
     <span class='ocr_line' id='line_1_5' title="bbox 102 470 1715 548; baseline -0.001 -16"><span class='ocrx_word' id='word_1_29' title='bbox 102 470 235 547; x_wconf 65' lang='lat' dir='ltr'><strong><em>“mys</em></strong></span> <span class='ocrx_word' id='word_1_30' title='bbox 258 473 499 548; x_wconf 78' lang='grc' dir='ltr'><strong><em>ἀρχηγός</em></strong></span> <span class='ocrx_word' id='word_1_31' title='bbox 525 477 615 532; x_wconf 85' lang='grc' dir='ltr'><strong><em>καὶ</em></strong></span> <span class='ocrx_word' id='word_1_32' title='bbox 641 474 950 548; x_wconf 78' lang='grc' dir='ltr'><strong><em>εἰσηγητὴς,</em></strong></span> <span class='ocrx_word' id='word_1_33' title='bbox 982 476 1011 532; x_wconf 87' lang='grc' dir='ltr'>ὁ</span> <span class='ocrx_word' id='word_1_34' title='bbox 1038 474 1378 548; x_wconf 77' lang='grc' dir='ltr'><strong><em>καλούμενος</em></strong></span> <span class='ocrx_word' id='word_1_35' title='bbox 1402 481 1715 547; x_wconf 82' lang='grc' dir='ltr'><strong><em>Κορακίων,</em></strong></span> 
     </span>
     <span class='ocr_line' id='line_1_6' title="bbox 103 557 1760 636; baseline -0.001 -20"><span class='ocrx_word' id='word_1_36' title='bbox 103 557 203 616; x_wconf 85' lang='grc' dir='ltr'><strong><em>“ε’ν</em></strong></span> <span class='ocrx_word' id='word_1_37' title='bbox 235 559 452 636; x_wconf 77' lang='grc' dir='ltr'><strong><em>ἐπηκόῳ</em></strong></span> <span class='ocrx_word' id='word_1_38' title='bbox 484 558 710 616; x_wconf 85' lang='grc' dir='ltr'><strong><em>πάντων</em></strong></span> <span class='ocrx_word' id='word_1_39' title='bbox 739 565 850 616; x_wconf 79' lang='grc' dir='ltr'><strong><em>τῶν</em></strong></span> <span class='ocrx_word' id='word_1_40' title='bbox 882 559 1175 632; x_wconf 78' lang='grc' dir='ltr'><strong><em>παρόντων</em></strong></span> <span class='ocrx_word' id='word_1_41' title='bbox 1215 559 1478 632; x_wconf 78' lang='grc' dir='ltr'><em>ἀδελφῶν</em></span> <span class='ocrx_word' id='word_1_42' title='bbox 1510 557 1715 632; x_wconf 79' lang='grc' dir='ltr'><strong><em>ὠμολό-</em></strong></span> <span class='ocrx_word' id='word_1_43' title='bbox 1739 582 1760 615; x_wconf 86' lang='lat'>5</span> 
     </span>
     <span class='ocr_line' id='line_1_7' title="bbox 101 639 1719 718; baseline 0.001 -19"><span class='ocrx_word' id='word_1_44' title='bbox 101 639 276 716; x_wconf 76' lang='grc' dir='ltr'><strong><em>“γησε</em></strong></span> <span class='ocrx_word' id='word_1_45' title='bbox 316 646 407 700; x_wconf 88' lang='grc' dir='ltr'><strong><em>καὶ</em></strong></span> <span class='ocrx_word' id='word_1_46' title='bbox 452 642 850 716; x_wconf 80' lang='grc' dir='ltr'><strong><em>διεμαρτύρατο</em></strong></span> <span class='ocrx_word' id='word_1_47' title='bbox 892 642 1026 716; x_wconf 79' lang='grc' dir='ltr'><strong><em>ἡμῖν</em></strong></span> <span class='ocrx_word' id='word_1_48' title='bbox 1078 646 1268 716; x_wconf 85' lang='grc' dir='ltr'><strong><em>μηκέτι</em></strong></span> <span class='ocrx_word' id='word_1_49' title='bbox 1318 642 1497 718; x_wconf 80' lang='grc' dir='ltr'><strong><em>τούτῳ</em></strong></span> <span class='ocrx_word' id='word_1_50' title='bbox 1546 660 1719 715; x_wconf 89' lang='grc' dir='ltr'><strong><em>προσ-</em></strong></span> 
     </span>
     <span class='ocr_line' id='line_1_8' title="bbox 103 726 1718 800; baseline -0.001 -16"><span class='ocrx_word' id='word_1_51' title='bbox 103 726 313 799; x_wconf 79' lang='grc' dir='ltr'><strong><em>“έξειν,</em></strong></span> <span class='ocrx_word' id='word_1_52' title='bbox 356 729 496 800; x_wconf 76' lang='grc' dir='ltr'><strong><em>μηδὲ</em></strong></span> <span class='ocrx_word' id='word_1_53' title='bbox 528 731 879 795; x_wconf 83' lang='grc' dir='ltr'><strong><em>διαλέξεσθαι</em></strong></span> <span class='ocrx_word' id='word_1_54' title='bbox 911 730 1037 798; x_wconf 86' lang='grc' dir='ltr'><strong><em>περὶ</em></strong></span> <span class='ocrx_word' id='word_1_55' title='bbox 1069 727 1296 797; x_wconf 84' lang='grc' dir='ltr'><strong><em>τούτου,</em></strong></span> <span class='ocrx_word' id='word_1_56' title='bbox 1343 728 1485 799; x_wconf 73' lang='grc' dir='ltr'><strong><em>μηδὲ</em></strong></span> <span class='ocrx_word' id='word_1_57' title='bbox 1515 731 1718 800; x_wconf 78' lang='grc' dir='ltr'><strong><em>μεμνῆ-</em></strong></span> 
     </span>
     <span class='ocr_line' id='line_1_9' title="bbox 103 807 1719 883; baseline -0.001 -15"><span class='ocrx_word' id='word_1_58' title='bbox 103 810 308 881; x_wconf 82' lang='grc' dir='ltr'><strong><em>“σθαι,</em></strong></span> <span class='ocrx_word' id='word_1_59' title='bbox 359 812 497 883; x_wconf 76' lang='grc' dir='ltr'><strong><em>μηδὲ</em></strong></span> <span class='ocrx_word' id='word_1_60' title='bbox 544 811 822 882; x_wconf 78' lang='grc' dir='ltr'><strong><em>διδάξειν,</em></strong></span> <span class='ocrx_word' id='word_1_61' title='bbox 878 807 951 877; x_wconf 75' lang='grc' dir='ltr'><strong><em>ὦς</em></strong></span> <span class='ocrx_word' id='word_1_62' title='bbox 998 814 1200 878; x_wconf 76' lang='grc' dir='ltr'><strong><em>ἱκαναῖς</em></strong></span> <span class='ocrx_word' id='word_1_63' title='bbox 1252 808 1361 868; x_wconf 78' lang='grc' dir='ltr'><strong><em>ὑπὸ</em></strong></span> <span class='ocrx_word' id='word_1_64' title='bbox 1414 815 1526 868; x_wconf 78' lang='grc' dir='ltr'><strong><em>τῶν</em></strong></span> <span class='ocrx_word' id='word_1_65' title='bbox 1571 810 1719 867; x_wconf 90' lang='grc' dir='ltr'><strong><em>ἀντι-</em></strong></span> 
     </span>
     <span class='ocr_line' id='line_1_10' title="bbox 102 890 1725 968; baseline -0.001 -16"><span class='ocrx_word' id='word_1_66' title='bbox 102 894 458 967; x_wconf 77' lang='grc' dir='ltr'><strong><em>“λεχθέντων</em></strong></span> <span class='ocrx_word' id='word_1_67' title='bbox 503 890 805 968; x_wconf 83' lang='grc' dir='ltr'><strong><em>ᾑρημένος·</em></strong></span> <span class='ocrx_word' id='word_1_68' title='bbox 853 899 965 952; x_wconf 74' lang='grc' dir='ltr'><strong><em>των</em></strong></span> <span class='ocrx_word' id='word_1_69' title='bbox 1010 917 1069 951; x_wconf 88' lang='grc' dir='ltr'><strong><em>τε</em></strong></span> <span class='ocrx_word' id='word_1_70' title='bbox 1122 893 1305 952; x_wconf 80' lang='grc' dir='ltr'><strong><em>ἀλλων</em></strong></span> <span class='ocrx_word' id='word_1_71' title='bbox 1351 893 1616 967; x_wconf 77' lang='grc' dir='ltr'><strong><em>ἀδελφῶν</em></strong></span> <span class='ocrx_word' id='word_1_72' title='bbox 1668 898 1725 951; x_wconf 77' lang='grc' dir='ltr'><strong><em>οἱ</em></strong></span> 
     </span>
     <span class='ocr_line' id='line_1_11' title="bbox 100 977 1782 1055; baseline 0 -20"><span class='ocrx_word' id='word_1_73' title='bbox 100 977 409 1052; x_wconf 33' lang='grc' dir='ltr'><strong><em>“πα,ρόντες</em></strong></span> <span class='ocrx_word' id='word_1_74' title='bbox 454 985 676 1052; x_wconf 81' lang='grc' dir='ltr'><strong><em>ἔχαιρον</em></strong></span> <span class='ocrx_word' id='word_1_75' title='bbox 722 981 809 1036; x_wconf 87' lang='grc' dir='ltr'><strong><em>ε’πὶ</em></strong></span> <span class='ocrx_word' id='word_1_76' title='bbox 856 984 924 1052; x_wconf 86' lang='grc' dir='ltr'><strong><em>τῇ</em></strong></span> <span class='ocrx_word' id='word_1_77' title='bbox 968 987 1286 1055; x_wconf 76' lang='grc' dir='ltr'><strong><em>κοινολογίᾳ</em></strong></span> <span class='ocrx_word' id='word_1_78' title='bbox 1333 980 1425 1035; x_wconf 86' lang='grc' dir='ltr'><strong><em>καὶ</em></strong></span> <span class='ocrx_word' id='word_1_79' title='bbox 1471 982 1538 1054; x_wconf 84' lang='grc' dir='ltr'><strong><em>τῇ</em></strong></span> <span class='ocrx_word' id='word_1_80' title='bbox 1582 978 1718 1051; x_wconf 85' lang='grc' dir='ltr'><strong><em>πρὸς</em></strong></span> <span class='ocrx_word' id='word_1_81' title='bbox 1743 1002 1782 1035; x_wconf 91' lang='lat'><strong><em>10</em></strong></span> 
     </span>
     <span class='ocr_line' id='line_1_12' title="bbox 104 1060 1360 1135; baseline 0 -15"><span class='ocrx_word' id='word_1_82' title='bbox 104 1062 348 1129; x_wconf 84' lang='grc' dir='ltr'><strong><em>“πάντας</em></strong></span> <span class='ocrx_word' id='word_1_83' title='bbox 379 1062 794 1135; x_wconf 80' lang='grc' dir='ltr'><strong><em>συγκαταβάσει</em></strong></span> <span class='ocrx_word' id='word_1_84' title='bbox 825 1066 918 1120; x_wconf 88' lang='grc' dir='ltr'><strong><em>καὶ</em></strong></span> <span class='ocrx_word' id='word_1_85' title='bbox 950 1060 1360 1121; x_wconf 85' lang='grc' dir='ltr'><strong><em>συνδιαθέσει.”</em></strong></span> 
     </span>
     <span class='ocr_line' id='line_1_13' title="bbox 237 1145 1721 1227; baseline -0.003 -20"><span class='ocrx_word' id='word_1_86' title='bbox 237 1157 382 1207; x_wconf 86' lang='lat' dir='ltr'><strong>XXV.</strong></span> <span class='ocrx_word' id='word_1_87' title='bbox 438 1157 565 1223; x_wconf 79' lang='lat' dir='ltr'><strong>[Nic.</strong></span> <span class='ocrx_word' id='word_1_88' title='bbox 608 1160 665 1207; x_wconf 92' lang='lat' dir='ltr'><strong><em>H.</em></strong></span> <span class='ocrx_word' id='word_1_89' title='bbox 708 1160 760 1208; x_wconf 89' lang='lat' dir='ltr'><strong><em>E.</em></strong></span> <span class='ocrx_word' id='word_1_90' title='bbox 802 1159 878 1214; x_wconf 89' lang='lat' dir='ltr'><strong><em>vl,</em></strong></span> <span class='ocrx_word' id='word_1_91' title='bbox 918 1156 1002 1208; x_wconf 88' lang='grc'><strong><em>22.</em></strong></span> <span class='ocrx_word' id='word_1_92' title='bbox 1045 1155 1152 1227; x_wconf 75' lang='lat'><strong><em>23]</em></strong></span> <span class='ocrx_word' id='word_1_93' title='bbox 1236 1146 1364 1205; x_wconf 79' lang='grc' dir='ltr'><strong><em>Εἶθ’</em></strong></span> <span class='ocrx_word' id='word_1_94' title='bbox 1415 1149 1537 1220; x_wconf 78' lang='grc' dir='ltr'><strong><em>ἑξῆς</em></strong></span> <span class='ocrx_word' id='word_1_95' title='bbox 1578 1145 1721 1204; x_wconf 81' lang='grc' dir='ltr'><strong><em>ὑπο-</em></strong></span> 
     </span>
     <span class='ocr_line' id='line_1_14' title="bbox 112 1228 1718 1339; baseline 0.001 -53"><span class='ocrx_word' id='word_1_96' title='bbox 112 1228 213 1302; x_wconf 78' lang='grc' dir='ltr'><strong><em>βὰς</em></strong></span> <span class='ocrx_word' id='word_1_97' title='bbox 259 1233 385 1302; x_wconf 84' lang='grc' dir='ltr'><strong><em>περὶ</em></strong></span> <span class='ocrx_word' id='word_1_98' title='bbox 425 1237 522 1305; x_wconf 85' lang='grc' dir='ltr'><strong><em>τῆς</em></strong></span> <span class='ocrx_word' id='word_1_99' title='bbox 566 1231 994 1298; x_wconf 83' lang='grc' dir='ltr'><strong><em>Ἀποκαλύψεως</em></strong></span> <span class='ocrx_word' id='word_1_100' title='bbox 1035 1230 1296 1290; x_wconf 85' lang='grc' dir='ltr'><strong><em>Ἰωάννου</em></strong></span> <span class='ocrx_word' id='word_1_101' title='bbox 1346 1231 1517 1288; x_wconf 85' lang='grc' dir='ltr'><strong><em>ταῦτά</em></strong></span> <span class='ocrx_word' id='word_1_102' title='bbox 1539 1248 1718 1339; x_wconf 80' lang='grc' dir='ltr'><strong><em>φησι·</em></strong></span> 
     </span>
     <span class='ocr_line' id='line_1_15' title="bbox 103 1313 1723 1418; baseline 0 -47"><span class='ocrx_word' id='word_1_103' title='bbox 103 1313 286 1418; x_wconf 55' lang='lat' dir='ltr'><em>:aves</em></span> <span class='ocrx_word' id='word_1_104' title='bbox 331 1339 433 1388; x_wconf 87' lang='grc' dir='ltr'><strong><em>μεν</em></strong></span> <span class='ocrx_word' id='word_1_105' title='bbox 480 1317 583 1373; x_wconf 85' lang='grc' dir='ltr'><strong><em>οὐν</em></strong></span> <span class='ocrx_word' id='word_1_106' title='bbox 622 1320 734 1374; x_wconf 75' lang='grc' dir='ltr'><strong><em>των</em></strong></span> <span class='ocrx_word' id='word_1_107' title='bbox 775 1316 880 1389; x_wconf 85' lang='grc' dir='ltr'><strong><em>πρὸ</em></strong></span> <span class='ocrx_word' id='word_1_108' title='bbox 920 1340 1081 1390; x_wconf 91' lang='grc' dir='ltr'><strong><em>ημων</em></strong></span> <span class='ocrx_word' id='word_1_109' title='bbox 1131 1314 1415 1389; x_wconf 77' lang='grc' dir='ltr'><strong><em>ἠθέτησαν</em></strong></span> <span class='ocrx_word' id='word_1_110' title='bbox 1465 1318 1556 1372; x_wconf 87' lang='grc' dir='ltr'><strong><em>καὶ</em></strong></span> <span class='ocrx_word' id='word_1_111' title='bbox 1598 1315 1723 1373; x_wconf 84' lang='grc' dir='ltr'><strong><em>ἀνε-</em></strong></span> 
     </span>
     <span class='ocr_line' id='line_1_16' title="bbox 106 1398 1787 1473; baseline -0.001 -17.977"><span class='ocrx_word' id='word_1_112' title='bbox 106 1398 426 1456; x_wconf 82' lang='grc' dir='ltr'><strong><em>“σκεύασαν</em></strong></span> <span class='ocrx_word' id='word_1_113' title='bbox 471 1399 650 1473; x_wconf 87' lang='grc' dir='ltr'><strong><em>πάντη</em></strong></span> <span class='ocrx_word' id='word_1_114' title='bbox 690 1400 750 1458; x_wconf 86' lang='grc' dir='ltr'><strong><em>τὸ</em></strong></span> <span class='ocrx_word' id='word_1_115' title='bbox 796 1407 1045 1473; x_wconf 77' lang='grc' dir='ltr'><strong><em>βιβλίον,</em></strong></span> <span class='ocrx_word' id='word_1_116' title='bbox 1098 1399 1227 1458; x_wconf 88' lang='grc' dir='ltr'><strong><em>καθ’</em></strong></span> <span class='ocrx_word' id='word_1_117' title='bbox 1277 1405 1508 1457; x_wconf 88' lang='grc' dir='ltr'><strong><em>ε’καστον</em></strong></span> <span class='ocrx_word' id='word_1_118' title='bbox 1550 1399 1723 1472; x_wconf 82' lang='grc' dir='ltr'><strong><em>κεφά-</em></strong></span> <span class='ocrx_word' id='word_1_119' title='bbox 1749 1422 1787 1455; x_wconf 83' lang='lat'><strong><em>15</em></strong></span> 
     </span>
     <span class='ocr_line' id='line_1_17' title="bbox 109 1482 1724 1556; baseline 0 -16"><span class='ocrx_word' id='word_1_120' title='bbox 109 1482 303 1540; x_wconf 83' lang='grc' dir='ltr'><strong><em>“λαιον</em></strong></span> <span class='ocrx_word' id='word_1_121' title='bbox 366 1484 768 1552; x_wconf 86' lang='grc' dir='ltr'><strong><em>διευθύνοντες·</em></strong></span> <span class='ocrx_word' id='word_1_122' title='bbox 813 1483 1100 1556; x_wconf 76' lang='grc' dir='ltr'><strong><em>ἀγνωστόν</em></strong></span> <span class='ocrx_word' id='word_1_123' title='bbox 1162 1509 1220 1542; x_wconf 86' lang='grc' dir='ltr'><strong><em>τε</em></strong></span> <span class='ocrx_word' id='word_1_124' title='bbox 1284 1487 1376 1541; x_wconf 87' lang='grc' dir='ltr'><strong><em>καὶ</em></strong></span> <span class='ocrx_word' id='word_1_125' title='bbox 1429 1483 1724 1556; x_wconf 86' lang='grc' dir='ltr'><strong><em>ἀσυλλόγι-</em></strong></span> 
     </span>
     <span class='ocr_line' id='line_1_18' title="bbox 111 1566 1723 1642; baseline 0.001 -19"><span class='ocrx_word' id='word_1_126' title='bbox 111 1566 282 1625; x_wconf 72' lang='lat' dir='ltr'><em>“m-ov</em></span> <span class='ocrx_word' id='word_1_127' title='bbox 322 1566 757 1641; x_wconf 88' lang='grc' dir='ltr'><strong><em>ἀποφαίνοντες,</em></strong></span> <span class='ocrx_word' id='word_1_128' title='bbox 798 1568 1118 1637; x_wconf 78' lang='grc' dir='ltr'><strong><em>ψεύδεσθαί</em></strong></span> <span class='ocrx_word' id='word_1_129' title='bbox 1152 1593 1209 1625; x_wconf 89' lang='grc' dir='ltr'><strong><em>τε</em></strong></span> <span class='ocrx_word' id='word_1_130' title='bbox 1248 1567 1350 1642; x_wconf 78' lang='grc' dir='ltr'><strong><em>τὴν</em></strong></span> <span class='ocrx_word' id='word_1_131' title='bbox 1394 1570 1723 1641; x_wconf 83' lang='grc' dir='ltr'><strong><em>ἐπιγραφήν.</em></strong></span> 
     </span>
     <span class='ocr_line' id='line_1_19' title="bbox 108 1649 1720 1728; baseline 0.001 -21"><span class='ocrx_word' id='word_1_132' title='bbox 108 1650 192 1709; x_wconf 78' lang='grc'><strong><em>“2.</em></strong></span> <span class='ocrx_word' id='word_1_133' title='bbox 237 1649 500 1710; x_wconf 78' lang='grc' dir='ltr'><strong><em>Ἰωάννου</em></strong></span> <span class='ocrx_word' id='word_1_134' title='bbox 553 1654 656 1728; x_wconf 71' lang='grc' dir='ltr'><strong><em>γὰρ</em></strong></span> <span class='ocrx_word' id='word_1_135' title='bbox 710 1652 812 1712; x_wconf 84' lang='grc' dir='ltr'><strong><em>οὐκ</em></strong></span> <span class='ocrx_word' id='word_1_136' title='bbox 867 1654 1011 1711; x_wconf 79' lang='grc' dir='ltr'><strong><em>εἶναι</em></strong></span> <span class='ocrx_word' id='word_1_137' title='bbox 1063 1657 1347 1726; x_wconf 82' lang='grc' dir='ltr'><strong><em>λέγουσιν·</em></strong></span> <span class='ocrx_word' id='word_1_138' title='bbox 1411 1652 1533 1709; x_wconf 89' lang='grc' dir='ltr'><strong><em>ἀλλ’</em></strong></span> <span class='ocrx_word' id='word_1_139' title='bbox 1593 1651 1720 1710; x_wconf 83' lang='grc' dir='ltr'><strong><em>οὐδ’</em></strong></span> 
     </span>
     <span class='ocr_line' id='line_1_20' title="bbox 106 1733 1727 1842; baseline 0.001 -50.053"><span class='ocrx_word' id='word_1_140' title='bbox 106 1733 502 1842; x_wconf 53' lang='grc' dir='ltr'><strong><em>ἶάποκάλυψιν</em></strong></span> <span class='ocrx_word' id='word_1_141' title='bbox 535 1738 707 1809; x_wconf 82' lang='grc' dir='ltr'><strong><em>εἶναι,</em></strong></span> <span class='ocrx_word' id='word_1_142' title='bbox 749 1738 852 1810; x_wconf 84' lang='grc' dir='ltr'><strong><em>τὴν</em></strong></span> <span class='ocrx_word' id='word_1_143' title='bbox 883 1741 1113 1815; x_wconf 78' lang='grc' dir='ltr'><strong><em>σφοδρῷ</em></strong></span> <span class='ocrx_word' id='word_1_144' title='bbox 1142 1741 1233 1795; x_wconf 82' lang='grc' dir='ltr'><strong><em>καὶ</em></strong></span> <span class='ocrx_word' id='word_1_145' title='bbox 1264 1752 1430 1811; x_wconf 79' lang='grc' dir='ltr'><strong><em>παχεῖ</em></strong></span> <span class='ocrx_word' id='word_1_146' title='bbox 1457 1746 1727 1809; x_wconf 87' lang='grc' dir='ltr'><strong><em>κεκαλυμ-</em></strong></span> 
     </span>
     <span class='ocr_line' id='line_1_21' title="bbox 108 1819 1789 1923; baseline -0.001 -45.954"><span class='ocrx_word' id='word_1_147' title='bbox 108 1819 323 1923; x_wconf 51' lang='grc' dir='ltr'><strong><em>ἱζμένην</em></strong></span> <span class='ocrx_word' id='word_1_148' title='bbox 374 1825 448 1896; x_wconf 78' lang='grc' dir='ltr'><strong><em>τῷ</em></strong></span> <span class='ocrx_word' id='word_1_149' title='bbox 500 1829 596 1895; x_wconf 84' lang='grc' dir='ltr'><strong><em>τῆς</em></strong></span> <span class='ocrx_word' id='word_1_150' title='bbox 648 1821 875 1894; x_wconf 79' lang='grc' dir='ltr'><strong><em>ἀγνοίας</em></strong></span> <span class='ocrx_word' id='word_1_151' title='bbox 933 1823 1417 1895; x_wconf 87' lang='grc' dir='ltr'><strong><em>παραπετάσματι·</em></strong></span> <span class='ocrx_word' id='word_1_152' title='bbox 1479 1823 1569 1878; x_wconf 85' lang='grc' dir='ltr'><strong><em>καὶ</em></strong></span> <span class='ocrx_word' id='word_1_153' title='bbox 1623 1819 1724 1895; x_wconf 81' lang='grc' dir='ltr'><strong><em>οὐχ</em></strong></span> <span class='ocrx_word' id='word_1_154' title='bbox 1748 1843 1789 1875; x_wconf 79' lang='lat'><strong><em>‘20</em></strong></span> 
     </span>
     <span class='ocr_line' id='line_1_22' title="bbox 108 1900 1730 1979; baseline 0.002 -19.07"><span class='ocrx_word' id='word_1_155' title='bbox 108 1900 296 1971; x_wconf 60' lang='lat' dir='ltr'><strong><em>“Suros</em></strong></span> <span class='ocrx_word' id='word_1_156' title='bbox 341 1910 455 1962; x_wconf 79' lang='grc' dir='ltr'><strong><em>τῶν</em></strong></span> <span class='ocrx_word' id='word_1_157' title='bbox 499 1905 826 1964; x_wconf 80' lang='grc' dir='ltr'><strong><em>ἀποστόλων</em></strong></span> <span class='ocrx_word' id='word_1_158' title='bbox 869 1931 1027 1979; x_wconf 92' lang='grc' dir='ltr'><strong><em>τινα,</em></strong></span> <span class='ocrx_word' id='word_1_159' title='bbox 1082 1903 1200 1963; x_wconf 83' lang='grc' dir='ltr'><strong><em>ἀλλ’</em></strong></span> <span class='ocrx_word' id='word_1_160' title='bbox 1252 1905 1374 1963; x_wconf 85' lang='grc' dir='ltr'><strong><em>οὐδ’</em></strong></span> <span class='ocrx_word' id='word_1_161' title='bbox 1426 1905 1565 1972; x_wconf 88' lang='grc' dir='ltr'><strong><em>όλως</em></strong></span> <span class='ocrx_word' id='word_1_162' title='bbox 1616 1910 1730 1963; x_wconf 79' lang='grc' dir='ltr'><strong><em>τῶν</em></strong></span> 
     </span>
     <span class='ocr_line' id='line_1_23' title="bbox 109 1985 1730 2063; baseline 0.001 -19"><span class='ocrx_word' id='word_1_163' title='bbox 109 1985 387 2061; x_wconf 76' lang='grc' dir='ltr'><strong><em>“ἀγίων</em></strong></span> <span class='ocrx_word' id='word_1_164' title='bbox 366 2014 400 2061; x_wconf 95' lang='grc' dir='ltr'><strong><em>η</em></strong></span> <span class='ocrx_word' id='word_1_165' title='bbox 434 2014 544 2048; x_wconf 92' lang='grc' dir='ltr'><strong><em>των</em></strong></span> <span class='ocrx_word' id='word_1_166' title='bbox 594 1990 702 2048; x_wconf 81' lang='grc' dir='ltr'><strong><em>ἀπὸ</em></strong></span> <span class='ocrx_word' id='word_1_167' title='bbox 744 1994 838 2063; x_wconf 87' lang='grc' dir='ltr'><strong><em>τῆς</em></strong></span> <span class='ocrx_word' id='word_1_168' title='bbox 871 1994 1162 2062; x_wconf 78' lang='grc' dir='ltr'><strong><em>ἐκκλησίας</em></strong></span> <span class='ocrx_word' id='word_1_169' title='bbox 1200 1990 1399 2048; x_wconf 83' lang='grc' dir='ltr'><strong><em>τούτου</em></strong></span> <span class='ocrx_word' id='word_1_170' title='bbox 1441 1992 1730 2062; x_wconf 86' lang='grc' dir='ltr'><strong><em>γεγονέναι</em></strong></span> 
     </span>
     <span class='ocr_line' id='line_1_24' title="bbox 110 2071 1730 2148; baseline 0.001 -18"><span class='ocrx_word' id='word_1_171' title='bbox 110 2071 380 2145; x_wconf 82' lang='grc' dir='ltr'><strong><em>“ποιητὴν</em></strong></span> <span class='ocrx_word' id='word_1_172' title='bbox 408 2081 506 2132; x_wconf 83' lang='grc' dir='ltr'><strong><em>τοῦ</em></strong></span> <span class='ocrx_word' id='word_1_173' title='bbox 523 2075 964 2148; x_wconf 85' lang='grc' dir='ltr'><strong><em>συγγράμματος,</em></strong></span> <span class='ocrx_word' id='word_1_174' title='bbox 993 2075 1286 2147; x_wconf 86' lang='grc' dir='ltr'><strong><em>Κήρινθον</em></strong></span> <span class='ocrx_word' id='word_1_175' title='bbox 1312 2076 1372 2132; x_wconf 74' lang='grc' dir='ltr'><strong><em>δὲ</em></strong></span> <span class='ocrx_word' id='word_1_176' title='bbox 1393 2074 1490 2132; x_wconf 83' lang='grc' dir='ltr'><strong><em>τὸν</em></strong></span> <span class='ocrx_word' id='word_1_177' title='bbox 1515 2077 1608 2132; x_wconf 89' lang='grc' dir='ltr'><strong><em>καὶ</em></strong></span> <span class='ocrx_word' id='word_1_178' title='bbox 1625 2075 1730 2146; x_wconf 83' lang='grc' dir='ltr'><strong><em>τήν</em></strong></span> 
     </span>
     <span class='ocr_line' id='line_1_25' title="bbox 109 2155 1730 2233; baseline 0.001 -19"><span class='ocrx_word' id='word_1_179' title='bbox 109 2155 243 2214; x_wconf 63' lang='grc' dir='ltr'><strong><em>“οἰπ’</em></strong></span> <span class='ocrx_word' id='word_1_180' title='bbox 282 2161 499 2215; x_wconf 83' lang='grc' dir='ltr'><strong><em>ἐκείνου</em></strong></span> <span class='ocrx_word' id='word_1_181' title='bbox 542 2168 851 2233; x_wconf 81' lang='grc' dir='ltr'><strong><em>κληθεῖσαν</em></strong></span> <span class='ocrx_word' id='word_1_182' title='bbox 882 2160 1272 2233; x_wconf 84' lang='grc' dir='ltr'><strong><em>Κηρινθιανὴν</em></strong></span> <span class='ocrx_word' id='word_1_183' title='bbox 1310 2158 1730 2232; x_wconf 80' lang='grc' dir='ltr'><strong><em>συστησάμενον</em></strong></span> 
     </span>
     <span class='ocr_line' id='line_1_26' title="bbox 112 2239 1792 2321; baseline 0.001 -23"><span class='ocrx_word' id='word_1_184' title='bbox 112 2239 384 2314; x_wconf 79' lang='grc' dir='ltr'><strong><em>“α“ἴρεσιν,</em></strong></span> <span class='ocrx_word' id='word_1_185' title='bbox 424 2241 741 2311; x_wconf 84' lang='grc' dir='ltr'><strong><em>ἀξιόπιστον</em></strong></span> <span class='ocrx_word' id='word_1_186' title='bbox 773 2247 1100 2317; x_wconf 85' lang='grc' dir='ltr'><strong><em>ἐπιφημίσαι</em></strong></span> <span class='ocrx_word' id='word_1_187' title='bbox 1130 2243 1450 2317; x_wconf 82' lang='grc' dir='ltr'><strong><em>θελήσαντα</em></strong></span> <span class='ocrx_word' id='word_1_188' title='bbox 1490 2247 1566 2321; x_wconf 76' lang='grc' dir='ltr'><strong><em>τῷ</em></strong></span> <span class='ocrx_word' id='word_1_189' title='bbox 1597 2247 1727 2300; x_wconf 86' lang='grc' dir='ltr'><strong><em>ἑαυ-</em></strong></span> <span class='ocrx_word' id='word_1_190' title='bbox 1752 2263 1792 2296; x_wconf 84' lang='lat'><strong><em>25</em></strong></span> 
     </span>
     <span class='ocr_line' id='line_1_27' title="bbox 111 2322 1730 2402; baseline 0.001 -21"><span class='ocrx_word' id='word_1_191' title='bbox 111 2322 246 2381; x_wconf 81' lang='grc' dir='ltr'><strong><em>“τοῦ</em></strong></span> <span class='ocrx_word' id='word_1_192' title='bbox 278 2325 555 2399; x_wconf 85' lang='grc' dir='ltr'><strong><em>πλάσματι</em></strong></span> <span class='ocrx_word' id='word_1_193' title='bbox 585 2327 775 2402; x_wconf 80' lang='grc' dir='ltr'><strong><em>ὄνομα.</em></strong></span> <span class='ocrx_word' id='word_1_194' title='bbox 852 2333 900 2386; x_wconf 82' lang='grc'><strong><em>3.</em></strong></span> <span class='ocrx_word' id='word_1_195' title='bbox 944 2331 1107 2386; x_wconf 80' lang='grc' dir='ltr'><strong><em>τοῦτο</em></strong></span> <span class='ocrx_word' id='word_1_196' title='bbox 1137 2327 1242 2401; x_wconf 73' lang='grc' dir='ltr'><strong><em>γὰρ</em></strong></span> <span class='ocrx_word' id='word_1_197' title='bbox 1276 2329 1418 2386; x_wconf 82' lang='grc' dir='ltr'><strong><em>εἶναι</em></strong></span> <span class='ocrx_word' id='word_1_198' title='bbox 1448 2332 1543 2401; x_wconf 85' lang='grc' dir='ltr'><strong><em>τῆς</em></strong></span> <span class='ocrx_word' id='word_1_199' title='bbox 1577 2333 1730 2385; x_wconf 88' lang='grc' dir='ltr'><strong><em>διδα-</em></strong></span> 
     </span>
     <span class='ocr_line' id='line_1_28' title="bbox 110 2407 1731 2486; baseline 0.002 -21"><span class='ocrx_word' id='word_1_200' title='bbox 110 2407 378 2475; x_wconf 79' lang='grc' dir='ltr'><strong><em>“σκαλίας</em></strong></span> <span class='ocrx_word' id='word_1_201' title='bbox 411 2408 584 2469; x_wconf 76' lang='grc' dir='ltr'><strong><em>αὐτοῦ</em></strong></span> <span class='ocrx_word' id='word_1_202' title='bbox 614 2411 674 2469; x_wconf 90' lang='grc' dir='ltr'>τὸ</span> <span class='ocrx_word' id='word_1_203' title='bbox 709 2411 917 2485; x_wconf 87' lang='grc' dir='ltr'><strong><em>δόγμα,</em></strong></span> <span class='ocrx_word' id='word_1_204' title='bbox 965 2416 1207 2485; x_wconf 85' lang='grc' dir='ltr'><strong><em>ἐπίγειον</em></strong></span> <span class='ocrx_word' id='word_1_205' title='bbox 1238 2419 1466 2471; x_wconf 82' lang='grc' dir='ltr'><strong><em>ἔσεσθαι</em></strong></span> <span class='ocrx_word' id='word_1_206' title='bbox 1494 2412 1596 2486; x_wconf 87' lang='grc' dir='ltr'><strong><em>τὴν</em></strong></span> <span class='ocrx_word' id='word_1_207' title='bbox 1634 2415 1731 2468; x_wconf 84' lang='grc' dir='ltr'><strong><em>τοῦ</em></strong></span> 
     </span>
     <span class='ocr_line' id='line_1_29' title="bbox 113 2488 1730 2570; baseline 0 -18"><span class='ocrx_word' id='word_1_208' title='bbox 113 2491 396 2567; x_wconf 79' lang='grc' dir='ltr'><strong><em>“Χριστοῦ</em></strong></span> <span class='ocrx_word' id='word_1_209' title='bbox 428 2500 746 2568; x_wconf 86' lang='grc' dir='ltr'><strong><em>βασιλείαν,</em></strong></span> <span class='ocrx_word' id='word_1_210' title='bbox 788 2499 878 2553; x_wconf 85' lang='grc' dir='ltr'><strong><em>καὶ</em></strong></span> <span class='ocrx_word' id='word_1_211' title='bbox 913 2488 992 2554; x_wconf 73' lang='grc' dir='ltr'><strong><em>ὦν</em></strong></span> <span class='ocrx_word' id='word_1_212' title='bbox 1023 2494 1187 2564; x_wconf 76' lang='grc' dir='ltr'><strong><em>αὐτὸς</em></strong></span> <span class='ocrx_word' id='word_1_213' title='bbox 1227 2495 1462 2570; x_wconf 71' lang='grc' dir='ltr'><strong><em>ὠρέγετο</em></strong></span> <span class='ocrx_word' id='word_1_214' title='bbox 1493 2496 1730 2569; x_wconf 80' lang='grc' dir='ltr'><strong><em>φιλοσω-</em></strong></span> 
     </span>
     <span class='ocr_line' id='line_1_30' title="bbox 114 2573 1730 2654; baseline 0.002 -20"><span class='ocrx_word' id='word_1_215' title='bbox 114 2575 317 2651; x_wconf 77' lang='grc' dir='ltr'><strong><em>“ματος</em></strong></span> <span class='ocrx_word' id='word_1_216' title='bbox 360 2573 439 2635; x_wconf 70' lang='grc' dir='ltr'><strong><em>ὧν</em></strong></span> <span class='ocrx_word' id='word_1_217' title='bbox 469 2582 561 2637; x_wconf 89' lang='grc' dir='ltr'><strong><em>καὶ</em></strong></span> <span class='ocrx_word' id='word_1_218' title='bbox 592 2579 742 2638; x_wconf 86' lang='grc' dir='ltr'><strong><em>πάνυ</em></strong></span> <span class='ocrx_word' id='word_1_219' title='bbox 784 2579 1074 2653; x_wconf 87' lang='grc' dir='ltr'><strong><em>σαρκικός,</em></strong></span> <span class='ocrx_word' id='word_1_220' title='bbox 1118 2584 1178 2638; x_wconf 85' lang='grc' dir='ltr'><strong><em>ἐν</em></strong></span> <span class='ocrx_word' id='word_1_221' title='bbox 1207 2581 1419 2648; x_wconf 85' lang='grc' dir='ltr'><strong><em>τούτοις</em></strong></span> <span class='ocrx_word' id='word_1_222' title='bbox 1449 2579 1730 2654; x_wconf 81' lang='grc' dir='ltr'><strong><em>ὀνειροπο-</em></strong></span> 
     </span>
     <span class='ocr_line' id='line_1_31' title="bbox 116 2659 1790 2739; baseline 0.002 -21"><span class='ocrx_word' id='word_1_223' title='bbox 116 2659 270 2720; x_wconf 68' lang='lat' dir='ltr'><em>“I-etv</em></span> <span class='ocrx_word' id='word_1_224' title='bbox 301 2668 561 2736; x_wconf 82' lang='grc' dir='ltr'><strong><em>ἔσεσθαι,</em></strong></span> <span class='ocrx_word' id='word_1_225' title='bbox 601 2663 833 2739; x_wconf 81' lang='grc' dir='ltr'><strong><em>γαστρὸς</em></strong></span> <span class='ocrx_word' id='word_1_226' title='bbox 880 2668 971 2722; x_wconf 84' lang='grc' dir='ltr'><strong><em>καὶ</em></strong></span> <span class='ocrx_word' id='word_1_227' title='bbox 1011 2669 1122 2723; x_wconf 80' lang='grc' dir='ltr'><strong><em>τῶν</em></strong></span> <span class='ocrx_word' id='word_1_228' title='bbox 1161 2664 1271 2723; x_wconf 82' lang='grc' dir='ltr'><strong><em>ὑπὸ</em></strong></span> <span class='ocrx_word' id='word_1_229' title='bbox 1310 2667 1548 2738; x_wconf 91' lang='grc' dir='ltr'><strong><em>γαστέρα</em></strong></span> <span class='ocrx_word' id='word_1_230' title='bbox 1588 2673 1721 2736; x_wconf 84' lang='grc' dir='ltr'><strong><em>πλη·</em></strong></span> <span class='ocrx_word' id='word_1_231' title='bbox 1748 2683 1790 2715; x_wconf 87' lang='grc'><strong><em>30</em></strong></span> 
     </span>
     <span class='ocr_line' id='line_1_32' title="bbox 115 2743 1726 2822; baseline 0.001 -19"><span class='ocrx_word' id='word_1_232' title='bbox 115 2743 410 2820; x_wconf 72' lang='grc' dir='ltr'><strong><em>“σμοναΐς,</em></strong></span> <span class='ocrx_word' id='word_1_233' title='bbox 464 2753 711 2807; x_wconf 86' lang='grc' dir='ltr'><strong><em>τουτέστι</em></strong></span> <span class='ocrx_word' id='word_1_234' title='bbox 758 2754 949 2815; x_wconf 91' lang='grc' dir='ltr'><strong><em>σιτίοις</em></strong></span> <span class='ocrx_word' id='word_1_235' title='bbox 1004 2752 1094 2806; x_wconf 87' lang='grc' dir='ltr'><strong><em>καὶ</em></strong></span> <span class='ocrx_word' id='word_1_236' title='bbox 1141 2763 1325 2816; x_wconf 88' lang='grc' dir='ltr'><strong><em>ποτοῖς</em></strong></span> <span class='ocrx_word' id='word_1_237' title='bbox 1371 2752 1462 2807; x_wconf 90' lang='grc' dir='ltr'><strong><em>καὶ</em></strong></span> <span class='ocrx_word' id='word_1_238' title='bbox 1514 2748 1726 2822; x_wconf 86' lang='grc' dir='ltr'><strong><em>γάμοις,</em></strong></span> 
     </span>
     <span class='ocr_line' id='line_1_33' title="bbox 115 2824 1727 2910; baseline 0 -23"><span class='ocrx_word' id='word_1_239' title='bbox 115 2826 247 2889; x_wconf 70' lang='lat' dir='ltr'><em>“noel</em></span> <span class='ocrx_word' id='word_1_240' title='bbox 291 2830 362 2888; x_wconf 91' lang='grc' dir='ltr'><strong><em>δι’</em></strong></span> <span class='ocrx_word' id='word_1_241' title='bbox 412 2824 491 2891; x_wconf 72' lang='grc' dir='ltr'><strong><em>ὦν</em></strong></span> <span class='ocrx_word' id='word_1_242' title='bbox 533 2831 914 2907; x_wconf 80' lang='grc' dir='ltr'><strong><em>εὐφημότερον</em></strong></span> <span class='ocrx_word' id='word_1_243' title='bbox 957 2838 1128 2891; x_wconf 87' lang='grc' dir='ltr'><strong><em>ταῦτα</em></strong></span> <span class='ocrx_word' id='word_1_244' title='bbox 1176 2833 1337 2910; x_wconf 77' lang='grc' dir='ltr'><strong><em>ᾠήθη</em></strong></span> <span class='ocrx_word' id='word_1_245' title='bbox 1390 2842 1727 2906; x_wconf 77' lang='grc' dir='ltr'><strong><em>ποριεῖσθαι,</em></strong></span> 
     </span>
    </p>
   </div>
  </div>
 </body>
</html>
