2032 3174
556 120 930 190 ’ΚΕΦΑΛΑῙῼΝ
961 148 1349 190 ΚΑΤΑΓΡΛΦΗ.
1698 150 1762 190 lx

813 301 1022 344 ΛΟΓΟΣ
1054 303 1104 346 B.

156 388 220 438 α’.
263 387 388 454 Περὶ
413 394 499 452 τῆς
524 385 642 451 μετὰ
670 386 760 452 τὴν
783 383 1042 452 ἀνάληψιν
1066 394 1152 436 τοῦ
1182 387 1356 454 κυρίου
1383 387 1630 454 διαγωγῆς
1666 396 1765 437 τῶν

227 455 532 507 ἀποστόλων.

157 527 220 596 β’.
243 527 415 589 ’Ὅπως
448 526 667 594 Τιβέριος
702 524 800 578 ὑπὸ
827 526 1050 578 Πιλάτου
1086 526 1144 578 τὰ
1178 528 1288 595 περὶ
1324 536 1410 579 τοῦ
1438 531 1656 594 Χριστοῦ
1692 530 1766 578 δι-

231 598 436 664 δαχθεὶς
465 597 691 664 ἐκινήθη.

160 670 220 737 γ’.
244 669 417 729 ’Ὅπως
444 669 511 728 εἰς
538 668 701 719 πάντα
726 666 813 719 τὸν
837 667 1024 734 κόσμον
1050 667 1104 718 ἑν
1128 671 1305 735 βραχεῖ
1323 669 1483 736 χρόνῳ
1509 668 1770 737 διέδραμεν

232 737 257 789 ὅ
284 739 394 806 περὶ
420 745 509 789 τοῦ
535 742 755 805 Χριστοῦ
781 737 944 804 λόγος.

162 811 224 861 δ’.
256 807 346 870 ,Ως
371 807 490 874 μετὰ
522 807 748 875 Τιβέριον
774 809 923 869 Γάϊος
944 806 1204 859 Ἰουδαίων
1228 808 1433 875 βασιλέα
1467 810 1770 875 καθίστησιν

228 878 530 946 Ἀγρίππαν,
559 879 644 931 τὸν
661 876 896 946 Ἡρώδην
920 875 1164 946 ζημιώσας
1190 876 1334 949 ἀϊδίῳ
1361 889 1515 969 φυγγ7.

163 951 215 1002 ε’.
247 948 337 1010 ,Ως
383 951 553 1001 Φίλων
593 948 719 1017 ὑπὲρ
751 947 1012 1001 Ἰουδαίων
1049 951 1319 1018 πρεσβείαν
1364 950 1606 1001 ἐστείλατο
1647 949 1771 1018 πρὸς

237 1021 408 1071 Γάιον.

168 1091 223 1152 ς’.
245 1090 374 1140 Όσα
404 1083 663 1152 Ιουδαίοις
701 1091 948 1158 συνερρύη
981 1112 1099 1158 μετα
1144 1091 1235 1157 τὴν
1269 1112 1392 1142 κατα
1432 1101 1519 1142 τοῦ
1556 1096 1774 1158 Χριστοῦ

237 1161 431 1227 τόλμαν.

166 1232 223 1293 ζ’.
253 1230 343 1292 ‘529
369 1232 453 1282 καὶ
479 1235 693 1293 Πιλᾶτος
722 1231 902 1282 ἑαυτὸν
927 1233 1263 1299 διεχειρίσατο.

164 1303 228 1368 η’.
269 1302 394 1368 Περὶ
418 1310 506 1353 τοῦ
528 1302 651 1359 κατὰ
680 1303 935 1353 Κλαύδιον
959 1307 1118 1369 λιμοῦ.

126 1372 128 1374 ’
166 1373 237 1422 θ’.
278 1374 575 1439 Μαρτύριον
594 1371 834 1439 Ἰακώβου
861 1381 948 1424 τοῦ
972 1370 1264 1424 ἀποστόλου.

169 1443 217 1492 ι’.
248 1439 337 1503 ‘529
359 1441 629 1510 Ἀγρίππας
665 1440 691 1493 ὁ
725 1443 807 1493 καὶ
834 1441 1062 1510 “Ηρώδης
1105 1443 1220 1504 τοὺς
1256 1441 1559 1504 ἀποστόλους
1595 1443 1775 1504 διώξας

244 1521 330 1580 τῆς
356 1515 502 1574 θείας
529 1515 810 1579 παραυτίκα
837 1514 978 1579 δίκης
1004 1515 1206 1583 ᾔσθετο.

81 1643 84 1646 Α
170 1583 253 1633 ια’.
295 1583 420 1648 Περὶ
447 1585 615 1634 Θευδᾶ
640 1592 728 1634 τοῦ
751 1584 940 1650 γόητος.

171 1653 253 1720 ιβ.
293 1653 419 1721 Περὶ
435 1651 636 1720 Ελένης
663 1663 749 1721 τῆς
775 1661 876 1704 τῶν
895 1652 1176 1720 Οσροηνοόν
1199 1655 1467 1720 βασιλίδος.

173 1744 252 1791 ιγ
293 1724 418 1791 Περὶ
445 1725 675 1790 Σιμωνος
704 1732 791 1775 τοῦ
814 1744 991 1792 μαγου.

173 1795 254 1844 ιδ’.
295 1795 420 1862 Περὶ
454 1803 543 1846 τοῦ
578 1795 700 1846 κατὰ
731 1793 926 1862 Ρώμην
959 1791 1268 1863 κηρύγματος
1306 1794 1499 1861 Πέτρου
1535 1803 1622 1846 τοῦ
1657 1790 1779 1845 ἄπο-

195 1865 435 1986 εστόλου.

237 1936 415 2002 .Περὶ
439 1944 527 1987 τοῦ
551 1956 676 1987 κατα
702 1935 924 2004 Μαρκον
949 1934 1250 2003 εὐαγγελίου.

175 1955 254 2066 ιεςἍ
286 2003 375 2066 Ὡς
407 2015 598 2074 πρῶτος
634 2007 847 2075 Μάρκος
886 2012 986 2067 τοῖς
1020 2005 1130 2057 κατ’
1170 2008 1435 2073 Αίγυπτον
1470 2006 1560 2072 τὴν
1595 2007 1662 2066 εἰς
1700 2004 1784 2055 τὸν

251 2075 470 2166 Χριστὸν
494 2085 685 2143 γνωσιν
712 2077 964 2144 ἐκήρυξεν.

178 2146 252 2207 ιζ’.
296 2142 393 2196 Οἷα
420 2148 529 2215 περὶ
555 2169 655 2200 των
673 2146 786 2199 κατ’
815 2149 1079 2215 Αίγυπτον
1096 2145 1328 2214 ἆσκητων
1353 2145 1377 2199 ὁ
1397 2148 1567 2198 Φίλων
1593 2148 1784 2211 ἱστορεῖ.

179 2217 260 2282 ιη’.
284 2217 414 2267 ’Ὀσα
440 2227 526 2269 τοῦ
553 2221 776 2280 Φίλωνος
803 2220 872 2279 εἰς
898 2216 1028 2284 ἡμας
1055 2224 1295 2285 περιῆλθε
1323 2235 1690 2285 συγγραμματα.

179 2288 270 2337 ιθῖ
314 2289 417 2338 Οία-
440 2288 555 2350 τοὺς
583 2289 637 2340 ἐν
656 2286 1014 2374 Ἱεροσολύμοις
1037 2286 1312 2350 Ἰουδαίους
1348 2287 1578 2354 συμφορὰ
1613 2291 1786 2352 μετῆλ-

251 2363 348 2409 θεν
375 2359 430 2409 ἐν
455 2369 514 2430 τῇ
542 2369 631 2410 τοῦ
654 2361 819 2426 πάσχα
845 2357 1015 2428 ἡμέρα.
1042 2365 1085 2411 Εὲ

181 2428 242 2478 κ’.
284 2424 380 2478 Οἷα
406 2431 491 2481 καὶ
514 2450 638 2480 κατα
668 2430 881 2498 Νέρωνα
908 2430 963 2481 ἐν
987 2450 1088 2491 τοις
1108 2428 1464 2498 Ιεροσολύμοις
1492 2428 1734 2495 ε’πραχθη.

182 2499 275 2548 κα’.
315 2500 443 2566 Περὶ
468 2508 556 2551 τοῦ
576 2502 875 2568 Αἰγυπτίου,
902 2495 965 2552 οὗ
988 2501 1070 2551 καὶ
1090 2522 1142 2552 αι
1132 2501 1366 2567 πραξεις
1387 2521 1487 2550 των
1505 2498 1790 2549 ἀποστόλων

254 2568 643 2636 ἐμνημόνευσαν.

183 2639 277 2706 κβῖ
310 2637 398 2701 ,Ως
435 2640 487 2691 ἐκ
521 2650 608 2707 τῆς
628 2639 874 2703 Ἰουδαίας
911 2643 979 2703 εἰς
1014 2642 1105 2708 τὴν
1122 2639 1317 2707 Ῥώμην
1341 2640 1536 2706 δέσμιος
1570 2657 1790 2702 αναπεμ-

256 2711 406 2774 φθεις
435 2715 638 2772 Παῦλος
684 2710 1114 2779 απολογησαμενος
1149 2713 1313 2777 πάσης
1348 2709 1578 2774 απελύθη
1615 2708 1788 2767 αἰτίας.

185 2780 275 2847 κγ’·
319 2778 407 2842 Ως
445 2781 780 2851 ἐμαρτύρησεν
818 2780 1050 2849 Ἰακωβος
1096 2780 1121 2835 ὁ
1156 2791 1243 2833 τοῦ
1278 2783 1453 2848 κυρίου
1496 2778 1791 2846 χρηματίσας

255 2847 485 2916 αδελφός.
