1986 3152
508 112 667 155 HlST.
700 112 949 154 ECCLES.
985 113 1084 154 VII.
1118 115 1296 157 16—18.
1609 112 1714 163 315

101 232 292 294 τελοῦς
319 229 550 307 ἐσθῆτος
575 225 711 302 ἄρας
727 227 787 286 τὸ
805 227 1071 302 σκήνωμα
1090 231 1424 303 ἐπιφέρεται,
1443 235 1715 303 περιστεί-

101 323 199 380 λας
249 335 307 369 τε
361 309 422 369 εὑ
476 311 622 386 μάλα
682 319 961 380 πλουσίως
1018 316 1087 387 τῇ
1146 312 1505 388 προσηκούσῃ
1564 317 1716 387 ταφῇ

101 400 466 470 παραδίδωσι.
538 395 740 454 τούτου
791 403 963 471 μυρία
1013 398 1115 471 μὲν
1168 399 1257 454 καὶ
1312 395 1451 454 ἄλλα
1502 421 1714 471 μνημο-

99 479 363 539 νεύουσιν
430 485 487 539 oc
544 478 781 556 τάνδρὸς
843 483 934 538 καὶ
996 487 1072 549 εἰς
1131 480 1271 554 ἡμᾶς
1332 487 1715 555 διαμείναντες

99 563 385 638 γνώριμοι,
1737 585 1758 617 5

227 660 372 710 XVII.
454 647 593 723 ἀτὰρ
643 651 734 706 καὶ
786 647 1107 723 παραδόξου
1147 648 1414 707 τοιούτου.
1490 651 1579 707 ἐπὶ
1621 652 1715 722 τῆς

101 740 385 792 Φιλίππου
423 741 788 806 Καισαρείας,
834 731 904 805 ἣν
934 734 1200 791 Πανεάδα
1243 739 1498 799 Φοίνικες
1549 753 1715 806 προσ·

98 816 458 891 αγορεύουσι,
514 819 654 889 φασὶ
704 816 854 890 παρὰ
900 830 1019 882 ταῖς
1074 816 1275 874 αὐτόθι
1332 820 1716 890 δεικνυμέναις

98 906 158 959 ἐν
209 913 327 967 ταῖς
381 900 684 974 ὑπωρείαις
737 905 835 957 τοῦ
891 903 1237 974 καλουμένου
1278 907 1500 958 Πανίου
1550 899 1716 975 ὅρους

96 999 325 1058 πηγαῖς,
371 987 423 1053 ἐξ
463 977 543 1042 οἷν
582 987 673 1042 καὶ
715 983 813 1043 τὸν
844 983 1132 1058 Ἰορδάνην
1171 995 1532 1060 προχεῖσθαι,
1576 984 1714 1042 κατά
1740 1003 1780 1034 10

94 1094 219 1127 τινα
250 1072 440 1144 ἑορτῆς
470 1065 683 1142 ἡμέραν
728 1068 970 1143 σφάγιόν
1009 1094 1058 1126 τι
1098 1068 1579 1142 καταβάλλεσθαι,
1622 1072 1713 1126 καὶ

94 1158 258 1212 τοῦτο
309 1157 378 1228 τῇ
427 1156 526 1210 τοῦ
579 1159 842 1228 δαίμονος
895 1152 1130 1227 δυνάμει
1182 1150 1394 1227 ἀφανὲς
1453 1160 1714 1226 γίνεσθαι

95 1237 439 1312 παραδόξως,
479 1237 675 1311 θαῦμά
705 1262 765 1295 τε
797 1238 939 1296 εἶναι
970 1237 1302 1311 περιβόητον
1332 1251 1448 1304 τοῖς
1478 1242 1714 1310 παροῦσι

95 1323 155 1379 τὸ
200 1322 509 1396 γινόμενον.
584 1321 833 1397 παρόντα
882 1320 937 1379 δ’
980 1313 1084 1379 οῦν
1133 1323 1264 1379 ποτὲ
1314 1334 1427 1388 τοῖς
1477 1343 1714 1395 πραττο-

95 1409 279 1480 μένοις
309 1405 405 1464 τὸν
430 1405 745 1479 Ἀστύριον,
788 1409 879 1464 καὶ
916 1404 976 1464 τὸ
1008 1410 1232 1480 πρᾶγμα
1263 1409 1714 1480 καταπεπληγμέ-
1738 1424 1779 1456 1⁵

94 1515 228 1557 νους
283 1490 472 1550 ἰδόντα
522 1491 650 1557 τοὺς
702 1491 968 1563 πολλοὺς,
1021 1496 1286 1565 οἰκτεῖραι
1337 1493 1432 1563 τῆς
1484 1491 1713 1564 πλάνης,

95 1573 326 1633 κᾶπειτα
385 1573 774 1633 άνανεύσαντα
834 1582 911 1642 εἰς
970 1573 1215 1649 οὐρανὸν
1276 1578 1551 1632 ἱκετεῦσαι
1624 1573 1715 1632 διά

96 1664 340 1733 Χριστοῦ
362 1658 458 1717 τὸν
478 1662 565 1716 ἐπὶ
581 1658 807 1718 πάντων
823 1659 982 1732 θεὸν,
1014 1659 1073 1716 τὸ
1093 1657 1408 1717 λαοπλάνον
1427 1658 1714 1733 δαιμόνιον

97 1746 307 1817 ἐλέγξαι
331 1746 422 1801 καὶ
445 1747 658 1801 παῦσαι
683 1747 778 1817 τῆς
802 1747 914 1802 τῶν
938 1742 1258 1817 ἀνθρώπων
1282 1742 1508 1816 ἀπάτης.
1541 1746 1714 1800 ταῦτα

98 1830 163 1885 δέ
174 1848 349 1901 φασιν
366 1825 671 1902 εὐξαμένου
689 1826 909 1901 άθρόως
927 1828 985 1886 τὸ
1012 1832 1215 1901 ἱερεῖον
1241 1827 1568 1886 ἐπιπολάσαι
1594 1841 1712 1894 ταῖς
1735 1842 1776 1876 20

96 1926 325 1985 πηγαῖς,
386 1910 532 1970 οὕτω
591 1938 649 1971 τε
709 1910 894 1980 αὐτοῖς
952 1913 1012 1970 τὸ
1071 1911 1386 1987 παράδοξον
1437 1921 1710 1986 οἴχεσθαι,

95 1998 335 2070 μηδενὸς
365 1999 558 2070 μηκέτι
588 1996 872 2071 θαύματος
905 2000 1031 2072 περὶ
1060 1995 1158 2054 τὸν
1187 1995 1358 2055 τόπον
1388 1998 1708 2068 γενομένου.

222 2092 386 2142 XVIII
438 2092 569 2158 [Nie.
598 2094 652 2142 H.
683 2094 735 2143 E.
764 2094 837 2149 VI,
870 2091 975 2158 15]
1031 2078 1180 2138 ”Αλλ
1211 2079 1400 2153 ἐπειδὴ
1428 2084 1596 2153 τῆσδε
1619 2083 1714 2153 τῆς

96 2164 307 2233 πόλεως
368 2172 446 2234 εἰς
497 2166 720 2239 μνήμην
766 2165 1042 2238 ἐλήλυθα,
1103 2164 1207 2223 οὐκ
1266 2163 1422 2234 α’ξιον
1472 2161 1715 2238 ἡγοῦμαι

96 2258 404 2322 παρελθεῖν
447 2249 708 2324 διήγησιν
747 2253 838 2308 καὶ
881 2265 994 2317 τοις
1035 2247 1166 2323 μεθ’
1210 2246 1350 2351 ημᾶς
1396 2248 1714 2323 μνημονεύ-
1737 2262 1778 2298 25

45 2346 54 2354 '
99 2344 264 2391 εσθαι
287 2331 462 2401 αξίαν.
509 2335 613 2407 τὴν
628 2360 733 2408 γαρ
758 2339 1188 2409 αἰμορροοῦσαν,
1221 2330 1292 2407 ἣν
1318 2337 1376 2392 ἐκ
1406 2340 1519 2392 τῶν
1549 2337 1716 2407 ίερων

99 2415 444 2491 εὐαγγελίων
494 2417 630 2492 πρὸς
680 2425 780 2476 τοῦ
832 2423 1076 2493 σωτῆρος
1123 2418 1283 2493 ἡμῶν
1339 2424 1439 2476 τοῦ
1498 2418 1716 2484 πάθους

99 2500 427 2576 ’ὅςπαλλαγὴν
471 2499 736 2576 εὑρέσθαι
776 2503 1207 2577 μεμαθήκαμεν,
1249 2505 1483 2560 ἐνθένδε
1524 2510 1716 2574 ἔλεγον

98 2583 408 2661 ὁρμᾶσθαι,
450 2585 547 2644 τόν
586 2611 645 2644 τε
686 2588 842 2645 οἷκον
881 2586 1050 2660 αὐτῆς
1096 2590 1183 2644 ἐπὶ
1223 2591 1320 2659 τῆς
1355 2586 1566 2653 πόλεως
1598 2592 1715 2643 δεί-

104 2681 373 2744 κνυσθαι,
415 2673 507 2728 καὶ
549 2674 646 2744 τῆς
686 2667 794 2728 ὑπὸ
835 2677 933 2729 τοῦ
966 2677 1210 2744 σωτῆρος
1244 2678 1321 2739 εἰς
1353 2668 1531 2743 αὐτὴν
1563 2666 1711 2742 εῦερ-
1736 2685 1776 2716 30

98 2761 284 2825 ’γεσίας
334 2754 635 2829 θαυμαστοὶ
685 2754 919 2829 τρόπαια
969 2758 1323 2831 παραμένειν.
1395 2760 1443 2811 2.
1492 2752 1713 2810 ἑστάναι

100 2838 204 2912 γὰρ
252 2837 340 2913 ἐφ’
382 2836 603 2914 ὑψηλοῦ
642 2846 808 2898 λίθου
854 2839 989 2914 πρὸς
1042 2841 1145 2914 μὲν
1195 2854 1314 2906 ταῖς
1366 2838 1564 2904 πύλαις
1615 2839 1717 2893 τοῦ
