1986 3152
531 113 614 153 DE
646 112 828 153 MART.
861 111 1153 153 PALAEST.
1186 110 1265 151 XI.
1605 107 1710 160 413

103 234 369 303 προνοίας
422 227 638 300 ἀβλαβῆ
691 228 1007 300 ληφθέντα,
1060 232 1157 300 τῆς
1212 249 1271 283 τε
1320 226 1711 300 προσηκούσης

102 318 328 386 κηδείας
351 312 612 386 λαχόντα,
637 318 706 387 τῇ
731 312 967 385 συνήθει
990 311 1277 386 παρεδόθη
1301 316 1469 385 ταφῇ.
1515 315 1598 367 29.
1635 315 1711 367 ἔτι

111 398 174 454 δὲ
203 403 303 469 τῆς
334 397 473 454 κατὰ
511 397 748 463 τούτους
787 397 1055 470 κινήσεως
1087 395 1194 453 άνά
1228 395 1402 469 στόμα
1430 408 1547 462 τοῖς
1579 397 1712 452 πᾶσι

101 483 448 553 λαλουμένης
489 479 777 553 Ἀδριανὸς
820 484 914 538 καὶ
955 480 1278 553 Εὔβουλος,
1322 479 1431 537 άπὸ
1465 489 1711 551 Μαγγα·

99 571 262 631 ναίας
293 564 442 622 οὕτω
464 566 813 637 καλουμένης
843 566 1028 640 χώρας
1053 563 1125 632 ὠς
1155 564 1286 632 τοῦς
1317 563 1543 631 λοιποὺς
1575 563 1706 638 ὁμο-
1731 586 1751 618 5

102 648 336 722 λογητάς
379 654 458 715 είς
507 648 611 721 τὴν
651 650 995 723 Καισάρειαν
1047 647 1400 723 ἀφικόμενοι,
1457 648 1597 723 πρὸς
1639 654 1710 723 τῇ

103 735 254 808 πύλῃ
297 735 392 790 καὶ
431 731 594 790 αὐτοὶ
636 729 710 789 δι’
743 731 816 805 ἣν
850 734 1192 806 ἐληλύθασιν
1224 733 1584 806 άνεκρίνοντο
1618 739 1706 790 αἰ-

102 825 256 876 τίαν·
302 817 419 875 εἷτα
459 817 903 891 ὁμολογήσαντες
945 816 1186 890 τάληθὲς
1216 824 1294 894 τῷ
1331 823 1712 895 Φιρμιλλιανςὸ

103 903 490 978 προσάγονται.
559 901 588 959 ὁ
631 899 687 959 δ’
734 901 807 969 ὥς
853 902 993 976 εἶχε,
1040 902 1208 958 πάλιν
1246 903 1423 975 μηδὲν
1462 901 1712 974 ὑπερθέ-

103 1011 296 1062 μενος,
339 988 476 1061 μετὰ
509 994 771 1054 πλείστας
805 987 1090 1060 βασάνους
1122 985 1188 1054 ἃς
1220 987 1358 1043 κατὰ
1389 992 1503 1044 τῶν
1534 995 1710 1044 πλευ-
1740 1010 1776 1040 ω

107 1077 224 1147 ρῶν
254 1071 445 1140 αὐτοῖς
489 1075 827 1145 ἐπιτέθεικε,
870 1078 1091 1145 θηρίων
1133 1070 1339 1138 αὐτούς
1371 1077 1513 1147 βορᾷ
1545 1094 1715 1128 κατα-

108 1164 303 1232 κρίνει.
377 1161 460 1214 30.
510 1162 672 1214 δυεῖν
714 1157 782 1230 δὴ
816 1151 926 1215 οῦν
955 1157 1160 1230 μεταξύ
1194 1161 1548 1213 διελθουσῶν
1577 1155 1708 1229 ἡμε-

106 1248 224 1315 ρῶν
266 1241 295 1299 ὁ
325 1241 430 1315 μὲν
457 1241 746 1315 Ἀδριανὸς
790 1242 1057 1316 Δύστρου
1099 1242 1318 1316 πέμπτῃ
1359 1241 1564 1314 μηνὸς,
1608 1240 1715 1314 πρὸ

108 1331 279 1400 τριῶν
320 1326 543 1384 Νώνων
574 1332 879 1402 Μαρτίων,
922 1333 1236 1398 γενεθλίων
1273 1332 1371 1399 τῆς
1403 1326 1541 1383 κατὰ
1573 1334 1716 1383 Και-

107 1413 326 1485 σαρέων
355 1412 711 1484 νομιζομένης
751 1412 935 1484 Τύχης
964 1410 1173 1486 ἡμέρᾳ,
1212 1412 1395 1468 λέοντι
1425 1418 1717 1485 παραβλη-
1745 1430 1781 1463 15

106 1497 232 1562 θεὶς
274 1497 370 1552 καὶ
409 1495 545 1569 μετά
576 1502 779 1553 τοῦτον
810 1500 957 1570 ξίφει
985 1497 1363 1569 κατασφαγεὶς
1405 1496 1718 1568 ἐτελειώθη,

108 1581 138 1639 ὁ
172 1581 235 1637 δὲ
267 1580 560 1654 Εὔβουλος
590 1577 724 1653 μεθ’
760 1583 954 1655 ἑτέραν
995 1582 1198 1654 μέσην,
1252 1580 1482 1647 Νώναις
1524 1579 1719 1647 αὐταῖς

112 1671 420 1740 Μαρτίαις,
472 1664 508 1738 ἢ
559 1662 765 1737 γένοιτ’
814 1665 885 1723 ἂν
941 1666 1148 1739 ἑβδόμη
1191 1665 1487 1740 Δύστρου,
1541 1665 1719 1723 πολλὰ

112 1751 518 1826 λιπαρήσαντος
549 1749 726 1809 αὐτὸν
754 1757 855 1808 τοῦ
881 1755 1176 1823 δικαστοῦ,
1211 1749 1284 1817 ὥς
1314 1748 1386 1807 ἂν
1415 1750 1600 1817 θύσας
1623 1756 1720 1823 τῆς

109 1837 463 1909 νομιζομένης
522 1834 656 1909 παρ’
725 1834 913 1892 αὐτῶν
975 1839 1299 1907 ἐλευθερίας
1357 1835 1513 1908 τύχοι
1537 1879 1551 1906 ,
1620 1840 1718 1907 τῆς
1744 1854 1784 1886 20

112 1927 460 1995 προσκαίρου
504 1925 640 1992 ζωῆς
670 1919 771 1978 τὸν
800 1919 943 1994 ὑπὲρ
977 1918 1260 1993 εὐσεβείας
1293 1917 1495 1992 εὐκλεῆ
1527 1941 1718 1994 προτι-

111 2005 289 2078 μήσας
353 2005 605 2062 θάνατον
629 2049 643 2076 ,
721 2005 854 2078 μετα
930 2004 1062 2071 τούς
1124 2010 1308 2079 θῆρας
1376 2003 1582 2078 ὁμοίως
1641 2010 1719 2080 τῷ

109 2091 360 2167 προτέρῳ
420 2094 580 2162 θῦμα
629 2090 961 2162 γενόμενος,
1017 2089 1255 2156 ὕστατος
1313 2095 1427 2146 τῶν
1482 2091 1572 2146 ἐπὶ
1624 2093 1721 2162 τῆς

115 2181 453 2250 Καισαρείας
497 2175 802 2248 μαρτύρων
844 2174 977 2241 τούς
1008 2174 1222 2240 ἄθλους
1256 2177 1720 2248 ἐπεσφραγίσατο.

111 2263 196 2316 31.
248 2264 631 2332 μνημονεῦσαι
670 2258 728 2316 δ’
774 2265 850 2316 ἔτι
890 2257 1046 2328 ἄξιον
1089 2262 1340 2316 ἐνταῦθα
1392 2264 1494 2316 τοῦ
1546 2260 1720 2331 λόγου
1747 2281 1786 2313 25

114 2340 189 2411 ὥς
221 2343 329 2418 ἄρα
361 2343 467 2401 οὐκ
499 2350 577 2410 εἰς
608 2344 826 2418 μακρὸν
854 2350 950 2418 τῆς
981 2343 1257 2418 οὐρανίου
1290 2350 1558 2419 προνοίας
1588 2343 1721 2410 τούς

113 2434 408 2501 δυσσεβεῖς
452 2427 727 2503 ἄρχοντας
769 2426 961 2495 αὐτοῖς
990 2429 1293 2503 τυράννοις
1322 2429 1718 2502 μετελθούσης.

113 2512 141 2570 ὁ
173 2513 283 2588 γάρ
314 2512 380 2569 τά
412 2518 656 2570 τοσαῦτα
686 2512 824 2570 κατα
863 2518 978 2570 τῶν
1007 2518 1109 2570 τοῦ
1142 2519 1388 2589 Χριστοῦ
1420 2514 1723 2588 μαρτύρων

115 2599 473 2672 παροινήσας,
500 2594 670 2665 αὐτὸς
694 2597 763 2670 δὴ
779 2597 807 2655 ὁ
825 2598 1238 2671 Φιρμιλλιανὸς,
1261 2598 1396 2672 μετά
1410 2604 1522 2656 τῶν
1534 2597 1722 2655 ἄλλων

118 2683 354 2756 ἐσχάτην
368 2678 680 2757 ὑπομείνας
701 2690 972 2757 τιμωρίαν
988 2686 1135 2757 ξίφει
1146 2682 1250 2756 τὴν
1262 2683 1404 2757 ζωὴν
1418 2700 1657 2757 καταστρ
1665 2685 1721 2739 έ-
1746 2698 1787 2730 30

115 2791 222 2840 φει.
282 2770 377 2824 καὶ
405 2767 471 2825 τοὶ
501 2769 605 2841 μὲν
635 2767 773 2825 κατα
796 2767 1139 2842 Καισάρειαν
1172 2767 1260 2841 ἐφ’
1296 2767 1444 2835 ὅλοις
1473 2781 1588 2833 τοῖς
1620 2772 1721 2824 τοῦ

116 2857 368 2926 διωγμοῦ
399 2853 622 2929 χρόνοις
656 2853 1076 2911 ἐπιτελεσθέντα
1106 2853 1382 2928 μαρτύρια
1411 2857 1654 2909 τοιαῦτα.
