2032 3174
552 122 709 164 HIST.
742 121 990 166 ECCLES.
1020 123 1080 163 11.
1106 124 1171 163 17.
1597 121 1666 173 69

52 237 254 298 “θεσία
289 243 440 295 δοκεῖ
468 251 581 304 τοῖς
612 233 848 311 ἀνδράσι
878 236 1090 305 τούτοις
1124 241 1360 296 ἐοικέναι
1392 237 1539 316 ζῴῳ,
1573 240 1666 295 καὶ

55 319 246 397 “σο5μα
275 322 378 396 μὲν
408 327 553 395 ἔχειν
582 320 677 387 τὰς
709 321 874 396 ῥητὰς
895 324 1083 394 λέξεις,
1115 321 1300 396 ψυχὴν
1327 323 1386 380 δὲ
1416 317 1512 379 τὸν
1545 325 1666 379 ε’να-

53 405 418 480 “ποκείμενον
459 418 577 473 ταῖς
618 406 830 473 λέξεσιν
869 404 1106 480 ἀόρατον
1147 412 1313 480 νοῦν,
1365 403 1431 464 ὃν
1470 405 1668 480 ἤρξατο

51 489 466 565 “διαφερόντως
490 486 522 562 ἡ
547 495 822 564 θρησκεία
847 487 986 562 αὕτη
1010 501 1271 565 θεωρεῖν,
1299 487 1371 558 ὥς
1398 489 1489 547 διά
1513 489 1671 547 κατό-

51 572 264 650 “πτρου
288 578 399 633 τῶν
421 570 709 647 ὀνομάτων
733 576 941 641 ἐξαίσια
966 572 1139 648 κάλλη
1162 574 1454 649 νοημάτων
1478 577 1670 648 ἐμφαι-
1695 597 1715 630 5

51 658 298 734 “νόμενα
329 653 681 715 κατιδοῦσα.”
728 661 811 714 21.
831 664 890 714 τί
917 663 1006 715 δεῖ
1031 657 1242 726 τούτοις
1276 662 1548 732 ἐπιλέγειν
1577 660 1672 727 τὰς

62 745 146 801 ἐπὶ
180 741 383 801 ταυτὸν
414 739 717 811 συνόδους,
751 743 842 798 καὶ
872 739 967 808 τάς
1000 747 1115 818 ἰδία
1145 744 1247 815 μὲν
1278 742 1521 818 ἀνδρῶν,
1556 749 1673 819 ἰδία

61 828 123 884 δὲ
162 829 446 900 γυναικῶν
488 827 547 881 ἐν
587 823 767 900 ταύτῷ
800 826 1112 899 διατριβάς,
1157 829 1248 884 καὶ
1293 826 1387 895 τὰς
1420 830 1473 894 ἐξ
1506 834 1674 893 ἔθους

59 912 225 970 εἰσέτι
265 912 356 980 καὶ
397 913 505 966 νῦν
546 906 682 982 πρὸς
724 905 880 982 ἡμῶν
927 914 1349 984 ἐπιτελουμένας
1394 907 1671 984 ἀσκήσεις,

59 991 123 1062 ἃς
155 992 532 1069 διαφερόντως
562 989 698 1050 κατά
727 991 830 1066 τὴν
859 997 959 1052 τοῦ
989 1003 1264 1070 σωτηρίου
1295 993 1513 1062 πάθους
1547 997 1668 1070 ἕορ-
1694 1020 1735 1053 10

60 1077 162 1152 τὴν
195 1081 255 1136 ἐν
285 1077 521 1144 ἀσιτίαις
553 1081 646 1135 καὶ
690 1078 1246 1154 διανυκτερεύσεσιν,
1288 1094 1587 1153 προσοχαῖς
1617 1104 1676 1137 τε

59 1166 170 1221 τῶν
192 1169 376 1221 ’θείων
416 1161 599 1234 λόγων
631 1165 875 1220 ἐκτελεῖν
918 1163 1213 1238 εἰώθαμεν.
1279 1169 1363 1222 22.
1391 1162 1425 1220 ἃ
1459 1166 1551 1221 καὶ
1584 1163 1668 1221 ἐπ’

0 1308 5 1325 ,
59 1243 452 1322 ἀκριβέστερον
469 1242 650 1319 αὐτὸς,
686 1241 755 1303 ὃν
778 1250 870 1304 καὶ
898 1255 974 1314 εἰς
1008 1252 1174 1323 δεῦρο
1205 1247 1496 1322 τετήρηται
1526 1246 1676 1320 παρά

59 1329 247 1404 μόνοις
271 1327 403 1404 ἡμῖν
426 1329 651 1403 τρόπον,
685 1331 1204 1406 ἐπισημηνάμενοςὸ
1233 1334 1505 1405 δηλωθεὶς
1532 1329 1675 1406 ἀνὴρ

60 1417 128 1490 τῇ
159 1420 277 1490 ἰδίᾳ
308 1417 670 1489 παραδέδωκε
699 1421 912 1489 γραφῇ·
970 1419 1062 1474 καὶ
1092 1415 1327 1490 μάλιστά
1360 1441 1423 1489 γε
1454 1416 1548 1483 τὰς
1579 1420 1674 1489 τῆς
1696 1440 1738 1474 15

59 1497 298 1572 μεγάλης
333 1501 523 1574 ἑορτῇς
554 1506 901 1571 παννυχίδας
932 1503 1024 1557 καὶ
1055 1500 1149 1567 τοὶς
1181 1505 1240 1558 ἐν
1259 1499 1481 1568 ταύταις
1505 1497 1673 1573 ἀσκή-

60 1600 201 1655 σεις,
234 1581 361 1649 τούς
401 1605 459 1639 τε
499 1585 763 1654 λέγεσθαι
795 1585 1063 1652 εἰωθότας
1105 1586 1240 1658 πρὸς
1280 1585 1435 1658 ἡμῶν
1463 1581 1675 1658 ῦμνους

62 1671 326 1742 ἱστορῶν,
359 1668 450 1723 καὶ
483 1665 556 1734 ὥς
590 1666 711 1734 ἑνὸς
740 1667 877 1739 μετὰ
907 1672 1134 1743 ῥυθμοῦ
1172 1675 1408 1742 κοσμίως
1441 1667 1676 1738 ἐπιψάλ-

34 1770 38 1773 ’
61 1759 250 1818 λοντος
271 1755 328 1807 οί
346 1756 526 1808 λοιποὶ
558 1747 696 1808 καθ’
722 1750 960 1825 ἡσυχίαν
984 1749 1324 1826 ἀκροώμενοι
1347 1757 1458 1810 τῶν
1479 1751 1674 1826 ὕμνων

59 1831 124 1892 τὰ
154 1833 539 1909 ἀκροτελεύτια
570 1839 972 1909 συνεξηχοῦσιν
989 1882 1004 1910 ,
1037 1835 1183 1905 ὅπως
1214 1861 1272 1895 τε
1296 1835 1432 1894 κατά
1456 1835 1551 1903 τάς
1585 1842 1671 1894 δε·
1693 1863 1735 1895 20

65 1921 383 1994 δηλωμένας
414 1917 618 1993 ἡμέρας
652 1923 739 1977 ἐπὶ
770 1920 1051 1993 στιβάδων
1081 1926 1486 1996 χαμευνοῦντες
1518 1930 1676 1978 οἴνου

61 2003 164 2076 μὲν
194 2027 253 2060 το
284 2002 564 2078 παράπαν,
599 2000 672 2070 ὦς
700 2002 889 2073 αὐτοῖς
912 2005 1151 2082 ῥήμασιν
1179 2003 1512 2079 ἀνέγραψεν,
1545 2003 1669 2062 οὐδ’

61 2084 457 2160 ἀπογεύονται,
489 2084 614 2146 ἀλλ’
648 2087 782 2147 οὐδὲ
813 2093 925 2148 τῶν
958 2094 1199 2164 ἐναίμων
1229 2089 1395 2163 τινὸς,
1426 2089 1579 2164 ὕδωρ
1615 2090 1676 2147 δὲ

61 2169 233 2244 μόνον
264 2169 452 2238 αὐτοῖς
485 2176 598 2230 ἐστι
629 2173 827 2246 ποτὸν,
862 2177 953 2232 καὶ
985 2174 1317 2250 προσόψημα
1347 2171 1470 2249 μετ’
1505 2172 1675 2248 ἄρτου

61 2252 184 2322 ἅλες
217 2258 305 2312 καὶ
339 2255 616 2314 ὕσσωπον.
689 2263 772 2316 23.
806 2257 941 2331 πρὸς
972 2258 1184 2326 τούτοις
1224 2258 1424 2335 γράφει
1455 2257 1551 2316 τὸν
1581 2262 1676 2331 τῆς
1698 2283 1739 2316 25

65 2346 400 2413 προστασίας
429 2339 636 2415 τρόπον
667 2345 779 2401 τῶν
808 2341 902 2411 τάς
944 2343 1395 2417 ἐκκλησιαστικὰς
1426 2351 1675 2415 λειτουρ-

62 2428 184 2494 γίας
218 2425 723 2499 ἐγκεχειρισμένων,
759 2432 1042 2495 διακονίας
1066 2453 1124 2486 τε
1148 2431 1240 2486 καὶ
1263 2427 1358 2494 τάς
1391 2430 1481 2486 ε’πὶ
1506 2430 1675 2485 πᾶσιν

61 2504 324 2563 ἀνωτάτω
364 2513 460 2580 τῆς
504 2513 803 2584 ἐπισκοπῆς
834 2518 1147 2588 προεδρίας.
1222 2511 1434 2571 τούτων
1478 2511 1528 2568 δ’
1566 2508 1672 2586 ὅτῳ

62 2589 237 2657 πόθος
270 2597 448 2649 ἔνεστι
479 2595 575 2665 τῆς
605 2592 870 2669 ἀκριβοῦς
904 2596 1266 2669 ἐπιστάσεως,
1308 2595 1480 2671 μάθοι
1510 2591 1582 2653 ἂν
1614 2598 1674 2651 ἐκ

40 2676 156 2749 »τῆς
199 2681 546 2750 δηλωθείσης
588 2677 822 2753 τάνδρὸς
865 2686 1119 2756 ἱστορίας.
1188 2685 1271 2738 24.
1315 2682 1397 2737 ὅτι
1438 2681 1498 2737 δὲ
1543 2677 1671 2745 τοῦς
1693 2705 1734 2738 30

174 2869 225 2909 18
256 2869 388 2911 Philo
410 2871 498 2915 vol.
522 2873 560 2911 2.
593 2885 635 2924 p,
660 2873 758 2914 484.
932 2875 985 2915 25
1018 2874 1148 2915 Philo
1170 2874 1259 2916 vol.
1284 2876 1324 2916 ἱ).
1358 2887 1399 2926 p.
1424 2872 1521 2913 481.
