1986 3152
653 116 813 158 HIST.
843 114 1093 156 ECCLES.
1124 114 1204 156 1x.
1237 117 1278 156 9.
1664 112 1768 165 437

156 229 499 307 “θρησκείαν
542 237 656 289 τῶν
693 236 847 289 θεῶν
887 229 1291 305 ἀνακληθῆναι.
1381 235 1432 289 2.
1499 229 1625 288 ἀλλ’
1678 231 1771 288 ὅτε

154 314 301 389 ’ςέγῶ
335 316 583 390 εὐτυχῶς
625 316 686 373 τὸ
720 321 945 391 πρῶτον
976 321 1055 383 εἰς
1086 316 1187 389 τὴν
1218 312 1497 389 ἀνατολὴν
1527 337 1766 390 παρεγε-

152 397 373 473 “νόμην
391 445 406 473 ,
450 403 544 457 καὶ
576 406 756 473 ἔγνων
797 410 875 467 εἰς
910 424 1063 467 τινας
1093 400 1298 468 τόπους
1328 407 1625 467 πλείστους
1655 402 1770 457 τῶν

153 482 516 560 “ἆνθρω’πων
575 483 642 542 τά
686 485 922 559 δημόσια
963 483 1203 557 ῶφελεῖν
1255 486 1610 559 δυναμένους
1650 480 1765 541 ὑπὸ

156 566 306 626 “τῶν
338 574 617 626 δικαστῶν
658 570 748 626 διὰ
777 569 882 642 τὴν
923 571 1329 644 προειρημένην
1370 575 1555 627 αἰτίαν
1588 571 1766 644 ἐξορί-
1790 591 1810 623 5

153 651 405 727 Χ’(ζεσθαι,
469 654 678 731 ἑκάστῳ
737 659 850 711 τῶν
910 659 1190 711 δικαστῶν
1251 654 1477 722 ἐντολάς
1530 655 1767 724 δέδωκα,

155 734 333 796 “ῶστε
362 740 579 812 μηδένα
601 738 817 795 τούτων
841 743 942 794 τοῦ
975 745 1174 795 λοιποῦ
1203 741 1623 813 προσφέρεσθαι
1653 752 1769 804 τοῖς

154 819 560 898 “ε’παρχιω’ταις
605 819 863 895 ἀπηνῶς,
924 820 1066 878 ἀλλὰ
1115 827 1330 895 μᾶλλον
1371 830 1632 898 κολακεία
1675 825 1768 879 καὶ

153 907 531 982 Ν’προτροπαῖς
572 906 712 980 πρὸς
754 906 858 978 τὴν
888 911 1001 962 τῶν
1031 911 1187 963 θεῶν
1216 913 1528 981 θρησκείαν
1559 906 1768 971 αὐτούς

156 988 510 1048 ’Ἑνακαλεῖα
592 994 642 1048 3.
699 995 1004 1064 τηνικαῦτα
1046 985 1155 1048 οὖν
1196 990 1287 1048 ὅτε
1331 986 1660 1057 ἀκολούθως
1700 996 1766 1063 τῇ
1791 1014 1831 1044 ιο

153 1071 436 1133 “κελευ’σει
474 1079 546 1149 τῇ
589 1077 693 1149 ε’μῇ
725 1073 838 1132 ὑπὸ
871 1080 985 1132 τῶν
1027 1080 1306 1133 δικαστῶν
1338 1075 1672 1149 ἐφυλάττετο
1702 1075 1768 1132 τα

155 1156 674 1234 “προστεταγμένα,
708 1162 1007 1232 συνέβαινε
1029 1161 1246 1233 μηδένα
1271 1162 1331 1217 ἐκ
1355 1165 1469 1217 τῶν
1497 1165 1594 1232 τῆς
1625 1157 1767 1216 ἄνα-

154 1241 353 1317 “coms-
382 1249 572 1318 μερῶν
601 1244 735 1318 μήτε
767 1244 1048 1318 ἐξόριστον
1076 1244 1214 1318 μήτε
1246 1244 1575 1320 ε’νύβριστον
1605 1245 1768 1316 γενέ-

153 1325 353 1401 “σθαι,
406 1328 546 1386 ἄλλα
590 1333 806 1402 μᾶλλον
848 1332 908 1387 ἐκ
937 1334 1039 1386 τοῦ
1069 1329 1144 1403 μὴ
1174 1330 1390 1404 βαρέως
1420 1325 1542 1386 κατ’
1578 1327 1769 1386 αὐτῶν

153 1410 238 1471 “n
268 1420 527 1486 γίνεσθαι
550 1419 630 1480 εἰς
659 1413 762 1486 τὴν
791 1419 907 1471 τῶν
936 1418 1091 1471 θεῶν
1112 1421 1425 1488 θρησκείαν
1455 1411 1763 1486 άνακεκλῆ·
1792 1434 1832 1468 ι5

154 1495 341 1556 “σθαι.
427 1502 477 1555 4.
553 1498 688 1572 μετὰ
740 1498 804 1555 δὲ
861 1502 1067 1571 ταῦτα,
1140 1499 1233 1555 ὅτε
1291 1504 1370 1575 τῷ
1430 1498 1770 1573 παρελθόντι

152 1583 424 1660 “ε’νιαυτςό
457 1582 708 1655 εὐτυχῶς
735 1584 940 1656 ἐπέβην
963 1589 1041 1650 εἰς
1071 1582 1174 1655 τὴν
1198 1583 1580 1656 Νικομήδειαν
1608 1580 1774 1639 κάκεῖ

138 1663 508 1740 ·“διετέλουν,
552 1669 930 1742 παρεγένοντο
970 1675 1191 1725 πολῖται
1220 1674 1317 1741 τῆς
1348 1666 1523 1740 αὐτῆς
1553 1667 1768 1733 πόλεως

154 1749 330 1828 “πρός
359 1776 428 1826 με
459 1752 571 1826 ἅμα
600 1752 736 1826 μετὰ
766 1758 880 1810 τῶν
910 1752 1128 1821 ξοάνων
1150 1757 1264 1809 τῶν
1287 1757 1473 1824 θεῶν,
1505 1751 1768 1826 μειζόνως

154 1833 476 1911 “δεόμενοι,
518 1840 612 1894 ἵνα
656 1838 824 1894 παντὶ
852 1838 1040 1915 τρόπῳ
1080 1837 1142 1894 τὸ
1175 1842 1429 1895 τοιοῦτον
1460 1841 1628 1903 ἔθνος
1656 1861 1765 1910 μη-
1789 1856 1830 1890 20

152 1917 380 1995 “dapffig
424 1923 763 1995 ἐπιτρέποιτο
817 1924 878 1979 ἐν
929 1927 999 1996 τῇ
1053 1920 1245 1980 αὐτῶν
1297 1926 1522 1996 πατρίδι
1571 1926 1766 1978 οἰκεῖν.

169 2005 239 2063 ⁶5.
287 2003 410 2063 ἀλλ’
459 2006 552 2063 ὅτε
584 2012 765 2077 ἔγνων
805 2012 1100 2074 πλείστους
1133 2012 1229 2080 τῆς
1262 2005 1436 2079 αὐτῆς
1465 2002 1770 2080 θρησκείας

156 2086 406 2165 “ἁ’νδρας
439 2093 499 2148 ἐν
522 2088 716 2157 αὐτοῖς
739 2104 854 2158 τοῖς
877 2093 1102 2166 μέρεσιν
1126 2097 1333 2163 οἰκεῖν,
1365 2090 1543 2157 οὕτως
1575 2089 1770 2156 αὐτοῖς

154 2171 287 2242 “τάς
328 2175 649 2249 ἀποκρίσεις
689 2174 998 2249 ἀπένεμον,
1040 2176 1123 2233 ὅτι
1167 2173 1248 2251 τῇῖ
1280 2177 1385 2250 μὲν
1416 2175 1631 2248 αἰτήσει
1661 2173 1767 2231 αὕ-

155 2255 306 2317 “τῶν
335 2258 590 2334 ἀσμένως
628 2258 791 2334 χάριν
831 2265 1062 2334 ἔσχηκα,
1102 2259 1228 2317 ἀλλ’
1261 2257 1330 2318 οὕ
1364 2260 1514 2334 παρὰ
1544 2260 1769 2316 πάντων
1793 2277 1833 2309 25

159 2340 364 2401 “τού’το
404 2345 640 2417 αἰτηθὲν
680 2350 963 2403 κατεῖδον·
1009 2351 1062 2404 εἰ
1098 2345 1203 2419 μὲν
1243 2339 1350 2403 οὖν
1379 2345 1527 2412 τινὲς
1559 2343 1671 2402 εἶεν
1701 2349 1770 2417 τῇ

155 2424 338 2502 “αὔτῇ
370 2433 772 2504 δεισιδαιμονίᾳ
802 2431 1176 2503 διαμένοντες,
1208 2429 1387 2496 οὕτως
1413 2433 1512 2487 ἕνα
1537 2432 1770 2486 ἕκαστον

159 2509 255 2570 “ε’ν
284 2518 354 2587 τῇ
387 2517 504 2589 ἰδίᾳ
548 2514 864 2587 προαιρέσει
900 2514 1005 2586 τὴν
1043 2514 1313 2586 βούλησιν
1356 2519 1531 2588 ἔχειν,
1582 2515 1676 2570 καὶ
1721 2519 1774 2569 εἰ

157 2593 487 2670 “βου’λοιντο
532 2596 636 2670 τὴν
675 2602 791 2654 τῶν
829 2603 983 2654 θεῶν
1026 2605 1338 2673 θρησκείαν
1372 2598 1767 2670 ἐπιγινώσκειν.

157 2677 243 2739 “6.
290 2681 439 2756 ὅμως
480 2683 574 2739 καὶ
612 2695 728 2749 τοῖς
767 2687 865 2755 τῆς
905 2681 1079 2755 αὐτῆς
1119 2681 1334 2750 πόλεως
1366 2686 1766 2755 Νικομηδεῦσι,
1790 2696 1832 2729 30

155 2762 287 2823 τεκαὶ
327 2780 448 2834 ταῖς
479 2774 697 2834 λοιπαῖς
728 2767 991 2839 πόλεσιν,
1033 2773 1098 2824 αἳ
1133 2769 1228 2824 καὶ
1258 2764 1424 2825 αὐταὶ
1455 2772 1533 2833 εἰς
1564 2770 1767 2824 τοσοῦ-

156 2846 291 2908 “tow
331 2851 434 2924 τὴν
474 2847 674 2925 ὁμοίαν
724 2861 941 2925 αἴτησιν
991 2852 1482 2927 περισπουδάστως
1522 2850 1662 2925 πρός
1703 2871 1771 2923 με
