1986 3152
247 104 350 155 478
926 102 1175 144 EUSEBH

246 244 389 290 των,
421 219 740 291 γράμμασιν
785 221 935 291 ἐμοῖς
977 217 1288 291 ὑποτάξας,
1321 219 1464 292 πρὸς
1503 219 1636 287 τους
1667 242 1856 295 προει-

247 304 523 378 ρημένους
564 302 837 374 κολλήγας
878 301 1042 376 ὑμῶν
1074 305 1378 376 ἐξέπεμψα,
1419 301 1502 370 οἷς
1546 307 1857 377 ἐντυχοῦσα

244 387 277 461 ἡ
309 387 547 462 ὑμετέρα
580 387 875 461 στερρότης
918 388 1235 460 δοκιμάσει,
1268 388 1458 444 ὅντινα
1499 388 1603 462 χρὴ
1646 389 1856 463 τρόπον

243 471 344 546 τὴν
374 473 778 548 προειρημένην
820 477 985 544 δίκην
1028 474 1415 546 ἐπιμελέστατα
1457 477 1855 548 διευκρινῆσαι,

197 581 218 611 ε»
245 559 339 613 καὶ
394 557 532 614 κατα
583 556 642 613 τὸ
688 560 904 614 δίκαιον
954 562 1304 631 τερματίσαι,
1347 555 1510 614 ὁπότε
1560 558 1700 630 μηδὲ
1750 557 1855 631 τὴν

225 640 516 716 ὑμετέραν
564 642 875 714 ἐπιμέλειαν
922 641 1218 713 λανθάνει,
1271 641 1547 714 τοσαύτην
1598 665 1666 715 με
1710 647 1853 699 αἰδῶ

239 731 310 800 τῇ
342 728 597 804 ε’νθέσμω
627 731 900 800 καθολικῇ
937 728 1198 801 ἐκκλησίᾳ
1230 724 1548 799 ἀπονέμειν,
1576 725 1650 793 ὥς
1673 727 1850 800 μηδὲν

238 811 488 868 καθόλου
522 817 725 885 σχίσμα
765 809 797 885 ἢ
830 815 1184 883 διχοστασίαν
1224 817 1286 868 ἕν
1323 834 1433 868 τινι
1463 811 1614 887 τόπῳ
1640 810 1851 883 ’βούλε-

239 902 380 952 σθαί
405 919 473 969 με
502 894 650 969 ὑμᾶς
681 903 1021 952 καταλιπεῖν.
1066 894 1100 968 ἡ
1131 898 1350 968 θειότης
1379 893 1524 969 ὑμᾶς
1547 899 1649 952 τοῦ
1671 896 1849 968 μεγά-

177 1003 215 1035 10
238 989 341 1038 λου
371 985 514 1037 θεοῦ
546 980 875 1050 διαφυλάξοι
905 987 1134 1046 πολλοῖς
1166 985 1337 1051 ἔτεσι,
1367 978 1699 1053 τιμιώτατε.”

237 1126 321 1178 21.
362 1121 732 1196 Ἀντίγραφον
772 1125 1056 1192 βασιλικῆς
1099 1123 1418 1193 ἐπιστολῆς,
1465 1119 1536 1176 δι’
1570 1111 1637 1192 ἧς
1669 1139 1847 1194 προσ-

234 1206 412 1262 τάττει
454 1206 724 1275 δευτέραν
755 1206 1018 1275 γενέσθαι
1049 1205 1296 1261 σύνοδον
1330 1203 1476 1278 ὑπερ
1516 1210 1618 1261 τοῦ
1659 1211 1849 1262 πᾶσαν

457 1295 573 1346 τῶν
607 1290 922 1346 ἐπισκόπων
952 1297 1229 1362 περιελεῖν
1260 1294 1631 1362 διχοστασίαν.

353 1401 817 1468 “Κωνσταντῖνος
849 1402 1114 1475 σεβαστός
1140 1402 1374 1479 Χρήστςο
1407 1402 1687 1480 ἐπισκόπςο
1719 1411 1840 1460 Συ-

171 1510 210 1540 15
235 1494 571 1562 ρακουσίων.
634 1486 739 1560 ἤδη
770 1486 875 1560 μὲν
905 1487 1206 1561 πρότερον,
1239 1487 1331 1544 ὅτε
1361 1487 1592 1560 φαύλως
1623 1489 1716 1544 καὶ
1748 1490 1839 1544 ἐν-

233 1572 581 1645 διαστρόφως
613 1573 758 1638 τινες
790 1573 916 1645 περὶ
945 1578 1249 1646 θρησκείας
1280 1577 1378 1644 τῆς
1418 1570 1581 1644 ἁγίας
1610 1575 1703 1628 καὶ
1740 1575 1840 1629 ἐπ-

230 1664 502 1731 ουρανίου
534 1657 826 1730 δυνάμεως
857 1658 949 1714 καὶ
987 1660 1084 1730 τῆς
1116 1658 1382 1732 αἱρέσεως
1412 1661 1507 1729 τῆς
1538 1662 1843 1730 καθολικῆς

229 1739 664 1800 άποδιίστασθαι
692 1741 950 1816 ἤρξαντο,
992 1744 1380 1815 ἐπιτέμνεσθαι
1408 1742 1710 1814 βουληθεὶς
1739 1741 1838 1808 τὰς

228 1827 484 1893 τοιαύτας
537 1823 727 1884 αὐτῶν
790 1833 1161 1899 φιλονεικίας,
1216 1826 1365 1883 οὕτω
1419 1824 1842 1883 διετετυπωκειν

164 1930 204 1962 20
230 1912 369 1969 ὥστε
399 1907 827 1968 ἀποσταλέντων
858 1910 968 1968 άπὸ
1001 1917 1098 1985 τῆς
1131 1917 1376 1977 Γαλλίας
1405 1916 1577 1968 τινῶν
1609 1911 1833 1968 ἐπισκό-

227 2019 378 2068 πων,
433 1992 573 2052 άλλά
627 1995 738 2069 μὴν
783 1997 876 2052 καὶ
927 1997 1146 2053 τούτων
1197 1998 1523 2068 κληθέντων
1575 1992 1682 2053 dud
1736 2000 1835 2068 τῆς

221 2079 483 2154 Ἀφρικῆς
513 2086 627 2136 τῶν
660 2084 713 2148 ἐξ
746 2083 1001 2147 ἐναντίας
1024 2087 1221 2154 μοίρας
1251 2081 1606 2152 καταλλήλως
1638 2083 1836 2136 ἐνστα“

226 2170 389 2230 τικῶς
419 2165 511 2219 καὶ
545 2165 816 2237 ἐπιμόνως
842 2166 1338 2237 διαγωνιζομένων,
1363 2164 1638 2237 παρόντος
1661 2187 1719 2220 τε
1741 2165 1834 2219 καὶ

222 2253 325 2305 τοῦ
355 2254 452 2321 τῆς
475 2246 680 2321 Ῥώμης
715 2248 1038 2321 ἐπισκόπου,
1067 2254 1266 2320 τοῦτο,
1299 2245 1437 2322 ὅπερ
1471 2247 1650 2305 ἐδόκει
1679 2271 1834 2304 κεκι-

162 2356 203 2388 25
225 2338 459 2406 νῆσθαι,
516 2337 742 2406 δυνηθῇ
794 2328 910 2390 ὑπὸ
961 2339 1057 2405 τῆς
1102 2340 1413 2407 παρουσίας
1458 2331 1647 2389 αὐτῶν
1697 2332 1833 2405 μετὰ

223 2417 401 2490 πάσης
458 2419 749 2490 ἐπιμελοῦς
800 2422 1125 2492 διακρίσεως
1177 2417 1578 2491 κατορθώσεως
1621 2431 1831 2490 τυχεῖν.

221 2505 306 2558 522.
349 2500 472 2558 ἀλλ’
512 2501 729 2574 ἐπειδὴ,
775 2501 846 2569 ὡς
882 2508 1202 2576 συμβαίνει,
1250 2502 1652 2575 ἐπιλαθόμενοί
1685 2525 1834 2568 τινες

221 2588 314 2642 καὶ
343 2592 440 2659 τῆς
472 2594 744 2661 σωτηρίας
787 2594 883 2660 τῆς
917 2592 1065 2653 ίδιάς
1095 2588 1188 2643 καὶ
1219 2592 1322 2644 τοῦ
1354 2586 1695 2660 σεβάσματος
1725 2591 1833 2643 τοῦ

219 2670 586 2744 ὀφειλομένου
626 2677 694 2745 τῇ
736 2669 1010 2746 ἁγιωτάτῃ
1054 2674 1287 2744 αἱρέσει,
1334 2677 1410 2728 ἔτι
1448 2673 1543 2728 καὶ
1573 2677 1686 2728 νῦν
1728 2670 1831 2737 τοὶς

156 2778 197 2810 30
224 2761 368 2822 ι’δίας
410 2762 616 2828 ε”χθρας
660 2763 1011 2830 παρατείνειν
1051 2756 1119 2813 οὐ
1163 2757 1467 2828 παύονται,
1508 2755 1581 2829 μὴ
1621 2755 1825 2828 βουλό-

219 2863 375 2910 μενοι
414 2839 483 2914 τῇ
525 2840 633 2913 ἤδη
679 2843 1028 2915 ἐξενεχθείσῃ
1071 2848 1252 2915 κρίσει
1291 2848 1692 2911 συντίθεσθαι,
1734 2842 1827 2896 καὶ
