1986 3152
270 124 380 178 394
906 124 1151 165 EUSEBH

271 242 373 312 τὴν
413 239 592 311 αὐτὴν
634 239 1006 312 Καισάρειαν,
1051 244 1269 311 γραφῆς
1313 237 1386 304 ὥς
1428 235 1656 311 ἀληθῶς
1701 239 1876 312 ἄξιον,

273 323 453 380 αὐτοῦ
497 323 566 395 δὴ
614 329 710 379 τοῦ
754 322 1038 395 τυράννου
1087 326 1409 395 Μαξιμίνου
1463 323 1744 396 παρόντος
1785 325 1879 380 καὶ

270 410 407 473 θέας
438 421 554 473 τοῖς
586 407 827 479 πλήθεσι
857 408 1325 479 φιλοτιμουμένου
1351 406 1488 462 κατὰ
1511 407 1617 479 τὴν
1647 409 1877 481 λεγομέ-

269 516 374 563 νην
405 490 584 547 αὐτοῦ
627 492 921 562 γενέθλιον
950 489 1192 563 ἡμέραν,
1235 490 1579 563 ἀπετελέσθη
1609 497 1879 549 τοιοῦτον.

223 598 247 630 5
274 576 325 631 2.
374 581 545 642 ε”θους
587 575 645 632 τὸ
678 576 813 647 πρὶν
854 574 1013 640 ὄντος
1067 576 1156 631 ἐπὶ
1200 577 1505 646 βασιλέων,
1552 581 1605 631 εί
1640 577 1734 631 καὶ
1776 575 1880 632 ἄλ-

269 668 422 730 λοτε,
455 659 550 726 τὰς
582 666 910 732 φιλοτίμους
941 660 1079 725 θέας
1110 666 1340 724 πλείους
1369 672 1486 725 τοῖς
1516 668 1747 726 θεαταῖς
1781 663 1879 732 ε’μ-

269 746 558 817 παρέχειν,
590 749 874 817 θυμηδίας
905 749 1116 799 καινῶν
1146 745 1239 800 καὶ
1262 744 1438 811 ξένων
1468 743 1533 799 τά
1557 766 1615 800 τε
1647 744 1871 816 συνήθη

268 828 772 902 παραλλαττόντων
825 833 938 883 τῶν
988 828 1322 900 θεαμάτων,
1376 827 1531 904 ζῳων
1585 826 1711 885 ἔσθ’
1765 825 1877 901 ὅπη

267 918 381 969 τῶν
414 915 467 980 ἐξ
494 911 696 978 Ἰνδίας
726 910 759 983 ἢ
794 917 1097 978 Αἰθιοπίας
1120 910 1154 984 ἢ
1178 913 1272 968 καὶ
1295 911 1540 968 ἄλλοθεν
1570 918 1871 985 εἰσκομιζο-

205 1027 246 1058 10
268 998 485 1070 μένων,
538 995 572 1068 ἢ
620 998 712 1052 καὶ
765 993 994 1070 ἀνδρῶν
1047 997 1323 1068 έντέχνοις
1374 998 1486 1052 τισὶ
1538 1002 1879 1069 σωμασκίαις

267 1081 619 1152 παραδόξους
645 1086 1008 1186 ψυχαγωγίας
1040 1094 1155 1146 τοῖς
1179 1076 1384 1153 ὁρῶσιν
1410 1083 1877 1153 ἐνδεικνυμένων,

268 1187 490 1230 παντως
521 1186 630 1220 που
662 1187 756 1219 και
786 1164 940 1234 τότε,
982 1160 1070 1219 οἷα
1101 1166 1373 1235 βασιλέως
1403 1187 1503 1230 τας
1532 1166 1669 1230 θέας
1701 1167 1876 1238 παρέ-

266 1272 489 1321 χοντος,
533 1250 705 1304 πλέον
746 1270 796 1304 τι
827 1249 918 1304 καὶ
951 1248 1271 1322 παραδοξον
1314 1253 1455 1322 χρῆν
1485 1246 1727 1320 ὑπαρξαι
1757 1262 1879 1315 ταῖς

223 1326 225 1329 ⁴
268 1338 617 1435 φιλοτιμίαις.
706 1337 755 1388 3.
811 1339 868 1388 τί
911 1339 1108 1388 τοίνυν
1159 1355 1326 1389 τουτο
1367 1336 1468 1405 ἠν;
1523 1357 1735 1406 μαρτυς
1776 1338 1879 1389 τοῦ

205 1445 243 1476 15
269 1419 405 1473 καθ’
437 1415 582 1489 ἡμας
615 1416 891 1488 δόγματος
923 1417 1200 1490 παρήγετο
1233 1422 1311 1483 εἰς
1342 1419 1546 1489 μέσον,
1578 1422 1675 1489 τῆς
1705 1418 1881 1490 μόνης

269 1503 361 1557 καὶ
392 1499 645 1604 ἀληθοῦς
679 1497 967 1573 εὐσεβείας
998 1497 1563 1574 υπεραγωνιζόμενος.
1619 1501 1880 1572 Ἀγοὶπιος

269 1580 430 1652 οὗτος
460 1589 561 1657 ἠν,
593 1584 621 1641 ὁ
642 1583 953 1658 δεύτερος
928 1585 1040 1658 α’μα
1062 1591 1133 1659 τῇ
1161 1587 1344 1643 Θέκλα
1373 1587 1584 1659 θηρσὶν
1618 1587 1707 1642 ἐπὶ
1736 1591 1880 1660 βορᾷ

270 1670 538 1726 δεδόσθαι
575 1693 750 1745 μικρῳ
805 1670 1076 1743 πρότερον
1118 1672 1530 1742 δεδηλωμένος,
1573 1667 1634 1736 ὃς
1676 1670 1744 1742 δή
1787 1672 1880 1727 καὶ

268 1754 464 1810 ἄλλοτε
490 1759 871 1827 δεσμωτηρίου
894 1761 1082 1827 τρίτον
1106 1756 1198 1810 καὶ
1220 1755 1482 1821 πολλάκις
1494 1754 1606 1827 ἅμα
1631 1754 1878 1827 κακοῦρ-

203 1866 245 1898 20
267 1862 384 1910 γοις
419 1839 813 1911 ἐμπομπεύσας
845 1845 923 1914 τῷ
950 1843 1180 1915 σταδίῳ,
1213 1837 1306 1895 ἀεί
1332 1862 1399 1909 γε
1428 1838 1542 1911 μὴν
1572 1838 1712 1894 κατὰ
1743 1839 1878 1911 χρό-

266 1946 402 1988 νους
453 1929 555 1979 τοῦ
610 1928 876 1979 δικαστοῦ
928 1923 1064 1996 μετα
1114 1923 1210 1989 τὰς
1264 1922 1522 1994 ἀπειλὰς,
1575 1922 1698 1995 ἤτοι
1750 1921 1873 1978 κατ’

267 2006 453 2063 οἶκτον
482 2003 515 2078 ἢ
548 2007 672 2063 κατ’
709 2010 907 2063 ἐλπίδα
946 2015 1048 2064 τοῦ
1090 2007 1508 2080 μεταθήσεσθαι
1536 2013 1632 2079 τῆς
1664 2008 1877 2081 προθέ-

268 2107 434 2161 σεως,
502 2096 579 2161 εἰς
635 2093 856 2161 ἑτέρους
908 2091 1083 2148 αὐτὸν
1135 2089 1357 2162 ἀγῶνας
1408 2091 1875 2165 ὑπερτιθεμένου,

266 2174 388 2230 τότε
419 2173 486 2245 δὴ
518 2177 786 2245 βασιλέως
831 2174 1194 2248 ἐπιπαρόντος
1223 2175 1419 2246 ἤγετο,
1466 2175 1651 2247 ὥσπερ
1684 2178 1876 2246 ἐπίτη-

203 2282 245 2315 25
269 2262 360 2323 δες
403 2262 479 2322 εἰς
526 2260 703 2314 ἐκεῖνο
748 2264 849 2314 τοῦ
890 2263 1087 2330 καιροῦ
1128 2260 1587 2331 πεφυλαγμένος,
1632 2256 1766 2315 ὤστ’
1804 2257 1877 2315 ἂν

266 2340 492 2397 κάκεῖνο
535 2341 595 2397 τὸ
641 2342 911 2414 σωτήριον
955 2347 1131 2415 ῥῆμα,
1187 2341 1216 2398 ὃ
1268 2356 1384 2409 τοῖς
1425 2353 1703 2415 μαθηταῖς
1744 2349 1877 2418 θείᾳ

266 2425 470 2496 γνώσει
501 2426 913 2499 προηγόρευεν,
960 2425 1032 2492 ὦς
1075 2425 1184 2498 ἄρα
1220 2429 1313 2483 καὶ
1347 2428 1436 2483 ε’πὶ
1465 2429 1742 2499 βασιλέων
1773 2426 1875 2499 ἀχ-

266 2509 539 2581 θήσονται
570 2513 761 2567 ἕνεκεν
803 2515 900 2582 τῆς
942 2517 1020 2577 εἰς
1064 2510 1241 2568 αὐτὸν
1271 2518 1614 2586 μαρτυρίας,
1658 2513 1752 2567 καὶ
1785 2510 1871 2567 ἐπ’

267 2592 444 2649 αὐτοῦ
476 2601 816 2667 πληρωθείη.
878 2599 926 2651 4.
974 2596 1199 2667 φέρεται
1231 2596 1299 2667 δὴ
1334 2605 1413 2662 εἷς
1443 2597 1614 2668 μέσον
1644 2595 1705 2652 τὸ
1739 2596 1875 2651 στοί-

198 2702 243 2734 30
268 2683 388 2734 διον
420 2677 530 2734 σῦν
559 2685 658 2734 καί
684 2703 786 2735 τινι
819 2679 1129 2756 κακούργῳ.
1183 2680 1342 2756 φόνῳ
1375 2680 1437 2736 δὲ
1467 2685 1568 2736 τοῦ
1600 2680 1874 2736 δεσπότου
1931 2749 1937 2751 ‚

378 2874 430 2912 27
463 2873 626 2912 Matth.
652 2875 725 2923 ιο,
754 2873 817 2913 18.
