2032 3174
289 131 321 179 ρ,
970 130 1216 171 EUSEBII

289 244 564 320 ὁρώμενος
596 245 857 319 σχήματι,
888 251 970 312 τίς
1001 241 1070 302 ἂν
1095 246 1276 314 ἕτερος
1305 243 1714 320 ἀναγορεύοιτο,
1749 253 1801 304 εἰ
1826 246 1899 322 μὴ

289 330 463 404 φάναι
493 331 654 402 θέμις
685 330 744 386 τὸ
777 333 996 403 πρῶτον
1027 333 1140 385 τῶν
1182 326 1329 386 ολων
1354 332 1567 403 αιτιον,
1609 327 1643 403 ἢ
1674 328 1841 404 μόνος
1871 331 1900 389 ὁ

291 412 479 488 προεὸν
509 411 681 472 αὐτοῦ
713 412 900 486 λόγος;
932 414 1057 486 περὶ
1089 406 1156 471 οὗ
1186 415 1278 470 καὶ
1312 416 1371 470 ἐν
1401 422 1645 488 ψαλμοῖς
1676 412 1903 490 ἀνείρη-

288 523 377 555 ται
399 495 727 555 “dago-mas
767 495 864 554 τὸν
894 496 1059 569 λόγον
1088 494 1289 570 αὑτοῦ,
1332 500 1425 554 καὶ
1457 497 1648 556 ἰάσατο
1678 496 1899 572 αὐτούς,

243 607 263 640 5
288 584 379 639 καὶ
413 581 681 658 ἐρρύσατο
706 579 909 648 αὐτοὺς
941 585 999 638 ἐκ
1034 585 1146 638 τῶν
1181 586 1511 687 διαφθορῶν
1542 579 1783 642 αὖτοῖν.”
1848 590 1895 642 9.

284 671 481 724 τοῦτον
513 666 777 742 δεύτερον
806 688 942 740 μετα
971 664 1068 723 τὸν
1099 669 1308 741 πατέρα
1348 666 1543 741 κύριον
1584 669 1899 741 σαφέστατα

285 753 539 823 Μωυσῆς
579 748 907 826 ἀναγορεύει
947 749 1169 823 λέγων
1173 748 1384 826 ἔβρεξε
1426 749 1616 824 κύριος
1665 754 1753 809 ἐπὶ
1783 751 1900 810 Σό-

286 841 430 908 ὃομα
460 838 552 892 καὶ
564 834 823 909 Γόμορρα
845 845 1009 893 θεῖον
1031 837 1124 892 καὶ
1147 840 1257 906 πῦρ
1282 858 1431 909 παρα
1461 834 1714 909 κυρίου.”
1771 860 1896 894 του-

282 943 381 977 τον
412 921 502 976 καὶ
533 923 613 996 τῷ
635 917 831 992 Ἰακώβ
862 911 1029 986 αὖθις
1064 922 1125 977 ἐν
1154 916 1357 994 ανδρός
1387 922 1633 992 φανέντα
1663 918 1897 994 σχήματι

219 1026 260 1058 10
283 1002 423 1062 θεὸν
452 1002 486 1076 ἡ
516 1010 647 1060 θεία
679 1003 1082 1078 προσαγορεύει
1109 1003 1343 1107 ἱγραφὴ,
1368 1002 1654 1076 φάσκοντα
1694 1009 1770 1082 τῷ
1798 1001 1896 1062 'Ia-
1929 1037 1932 1039 v

282 1084 459 1161 κώβ“
465 1086 648 1145 οὐκέτι
688 1086 1027 1161 κληθήσεται
1066 1087 1127 1145 τὸ
1167 1085 1343 1161 ονομά
1374 1109 1476 1144 σου
1501 1085 1727 1161 Ἰακώβ,
1767 1086 1892 1146 ἀλλ’

276 1170 494 1281 Ἰσραὴλ
515 1178 664 1230 ἔσται
687 1171 747 1229 τὸ
769 1170 943 1246 όνομά
965 1192 1086 1245 σου,
1117 1169 1200 1229 ὅτι
1225 1176 1516 1245 ένίσχυσας
1539 1171 1673 1245 μετὰ
1695 1178 1852 1231 θεοῦ.
1861 1169 1892 1191 ”

279 1255 369 1314 ὅτε
400 1259 492 1314 καὶ
525 1254 783 1314 ἐκάλεσεν
813 1253 1007 1328 Ἰακὼβ
1036 1254 1096 1313 τὸ
1126 1254 1301 1329 ὄνομα
1341 1259 1442 1314 τοῦ
1470 1254 1644 1313 τόπου
1677 1259 1893 1314 ἐκείνου

282 1341 430 1407 ἐἶδος
469 1345 643 1414 θεοῦ,
684 1342 863 1413 λέγων
895 1337 1091 1398 “εἷὸον
1131 1338 1236 1413 γὰρ
1274 1338 1372 1397 τὸν
1412 1338 1550 1398 θεὸν
1595 1339 1894 1414 πρόσωπον

215 1446 257 1479 15
280 1424 415 1498 πρὸς
457 1425 786 1498 πρόσωπον,
833 1427 925 1481 καὶ
965 1423 1153 1496 ἐσώθη
1193 1421 1227 1497 ἡ
1259 1422 1410 1498 ψυχή
1449 1421 1611 1497 μου.”
1688 1428 1766 1482 10,
1801 1427 1894 1482 καὶ

277 1507 390 1582 μὴν
442 1508 565 1567 οὐδ’
623 1505 1058 1583 ὑποβεβηκότων
1109 1507 1359 1581 ἀγγέλων
1411 1510 1502 1565 καὶ
1555 1515 1894 1583 λειτουργῶν

278 1597 421 1651 θεοῦ
450 1592 544 1660 τὰς
583 1590 1001 1667 άναγραφείσας
1030 1598 1370 1666 θεοφανείας
1412 1588 1680 1650 ὑπονοεῖν
1707 1596 1892 1666 θέμις,

280 1679 399 1734 ἐπεὶ
429 1680 522 1734 καὶ
560 1677 775 1735 τούτων
804 1676 938 1735 ὅταν
976 1701 1056 1744 τις
1086 1675 1410 1749 ἀνθρώποις
1451 1683 1889 1750 παραφαίνηται,

278 1758 381 1818 οὐκ
414 1759 802 1835 ἐπικρύπτεται
831 1760 865 1833 ἡ
895 1760 1115 1834 γραφὴ,
1147 1759 1410 1832 ὀνομαστὶ
1438 1757 1509 1816 οὐ
1541 1760 1708 1833 θεὸν,
1755 1758 1890 1819 οὐδὲ

213 1870 255 1902 20
276 1845 388 1918 μὴν
418 1845 642 1919 κύριον,
688 1843 810 1901 ἀλλ’
847 1841 1116 1917 ἀγγέλους
1145 1851 1474 1917 χρηματίσαι
1515 1846 1781 1918 λέγουσα,
1816 1841 1890 1912 ὥς

279 1929 370 1987 διὰ
400 1935 619 2039 μυρίων
648 1930 968 2005 μαρτυριῶν
990 1927 1376 1986 πιστώσασθαι
1400 1927 1612 2003 ῥᾴδιον,
1658 1933 1738 1986 11.
1765 1934 1889 1987 τοῦὀ

276 2038 375 2071 τον
404 2016 496 2070 καὶ
524 2013 856 2080 ὁΜωυσέως
889 2011 1143 2086 διάδοχος
1169 2010 1375 2086 Ἰησοῦς
1407 2032 1558 2070 ωσαν
1586 2017 1699 2071 τῶν
1723 2037 1888 2087 ουρα-

275 2104 416 2156 νίων
445 2096 698 2170 ἀγγέλων
738 2100 830 2154 καὶ
859 2095 1217 2171 ἄρχαγγέλων
1259 2103 1370 2154 τῶν
1408 2120 1467 2154 τε
1495 2093 1888 2171 ὑπερκοσμίων

278 2180 573 2255 δυνάμεων
602 2180 944 2255 ἡγούμενον,
986 2183 1080 2238 καὶ
1120 2177 1322 2239 ὡσανεὶ
1351 2184 1452 2238 τοῦ
1480 2179 1683 2250 πατρὸς
1712 2179 1887 2256 ὕπαρ-

210 2287 252 2321 25
276 2290 403 2340 χον,
434 2265 500 2323 τὰ
534 2271 819 2340 δευτερεῖα
848 2269 943 2338 τῆς
973 2289 1109 2322 κατα
1138 2263 1363 2323 πάντων
1392 2272 1675 2337 βασιλείας
1705 2289 1764 2322 τε
1795 2269 1886 2323 καὶ

273 2349 444 2425 ἀρχῆς
468 2352 988 2423 ἐμπεπιστευμένον,
1019 2348 1456 2423 ἀρχιστράτηγον
1479 2348 1767 2422 δυνάμεως
1790 2374 1885 2407 κυ-

276 2443 401 2507 ριου
429 2433 708 2508 ὀνομάζει,
749 2431 852 2491 οὐκ
881 2432 1059 2500 αλλως
1091 2431 1260 2491 αυτὸν
1297 2429 1332 2505 ἢ
1363 2425 1527 2499 αυθις
1570 2436 1629 2490 ἐν
1659 2431 1887 2507 ἀνθρώ-

274 2541 383 2576 που
423 2521 613 2592 μορφῇ
655 2521 745 2576 καὶ
787 2517 1021 2592 σχήματι
1061 2516 1367 2592 θεωρήσας,
1455 2522 1535 2575 12.
1578 2518 1878 2591 γέγραπται

275 2607 414 2675 γοῦν
445 2599 575 2660 ‘nal
617 2601 884 2676 ἐγενήθη,
938 2599 1010 2669 ὦς
1051 2603 1120 2674 ἠν
1156 2599 1362 2675 Ἰησοῦς
1404 2605 1464 2659 ἐν
1496 2597 1734 2676 Ἱεριχώ,
1789 2604 1883 2659 καὶ

389 2828 415 2863 4
446 2795 519 2864 Ps.
547 2826 624 2865 106
648 2824 779 2875 (107),
803 2826 871 2864 20.
1007 2825 1030 2863 7
1063 2823 1175 2863 Gen.
1202 2826 1266 2874 19,
1290 2825 1357 2866 24.
1496 2825 1545 2863 11
1581 2823 1692 2863 Gen.
1717 2825 1786 2874 32,
1811 2823 1882 2863 28.

278 2883 329 2920 14
361 2882 467 2923 Gen.
492 2882 558 2932 32,
585 2884 652 2923 30.
826 2883 877 2921 29
910 2881 997 2920 Ios.
1023 2881 1060 2930 5,
1089 2881 1152 2923 13.
