1986 3152
224 105 327 157 476
899 105 1147 146 EUsssssn

226 220 487 295 ἡμετέρας
528 220 898 295 χρηστότητος
949 220 1185 293 πρόνοια
1226 222 1451 294 γένηται
1497 227 1594 294 τῆς
1627 228 1833 296 ’κοινῆς

224 307 316 362 καὶ
347 310 614 378 δημοσίας
643 303 894 378 ἡσυχίας.
966 309 1046 362 13.
1087 305 1268 383 τούτῳ
1310 305 1417 379 γὰρ
1458 311 1535 382 τῷ
1566 312 1832 385 λογισμῷ,

223 389 415 456 καθώς
455 390 550 445 καὶ
595 395 946 463 προείρηται,
989 386 1023 462 ῆ
1063 397 1193 446 θεία
1236 389 1455 463 σπουδὴ
1497 392 1626 464 περὶ
1668 389 1831 464 ἡμᾶς,

225 470 289 547 ἧς
333 477 393 531 ἐν
433 481 660 540 πολλοῖς
709 473 816 546 ῆδη
855 474 1178 547 πράγμασιν
1219 474 1700 550 ἀπεπειράθημεν,
1743 475 1834 533 διὰ

160 583 179 615 5
224 557 428 624 παντὸς
467 563 569 615 τοῦ
619 558 828 633 χρόνου
870 565 1110 631 βεβαίως
1162 564 1425 633 διαμενεῖ.
1503 563 1583 615 14.
1636 565 1730 617 ἵνα
1770 561 1833 618 δὲ

222 643 423 715 ταύτης
454 648 552 715 τῆς
580 641 848 717 ἡμετέρας
878 649 1215 717 νομοθεσίας
1245 646 1338 701 καὶ
1379 650 1475 718 τῆς
1515 643 1832 717 καλοκάγα-

222 734 353 794 θίας
393 727 522 802 ὅρος
564 727 704 800 πρὸς
735 733 950 799 γνῶσιν
980 726 1208 786 πάντων
1255 732 1554 802 ἐνεχθῆναι
1584 733 1833 805 δυνηθῇ,

222 818 397 870 ταῦτα
435 811 502 869 τά
544 811 647 885 ὑφ’
682 811 846 886 ἡμῶν
876 816 1165 887 γραφέντα
1207 819 1495 887 πανταχοῦ
1535 823 1835 887 προθεῖναι

223 898 316 954 καὶ
368 902 446 963 εἰς
497 902 707 968 γνῶσιν
749 898 974 954 πάντων
1026 896 1261 970 ἀγαγεῖν
1302 896 1623 956 ἀκόλουθόν
1665 902 1834 971 ἐστιν,

159 1005 199 1036 10
225 982 375 1048 ὅπως
405 981 609 1054 ταύτης
638 987 737 1054 τῆς
777 977 1045 1055 ἡμετέρας
1076 981 1494 1055 καλοκάγαθίας
1524 982 1558 1056 ἡ
1589 992 1834 1057 νομοθε-

225 1074 318 1124 σία
349 1069 562 1140 μηδένα
595 1074 795 1122 λαθεῖν
827 1065 1098 1141 δυνηθῇ.”

227 1211 307 1294 Ῑξ.
372 1188 746 1279 Ἀντίγραφον
796 1208 981 1280 ἑτέρας
1031 1213 1316 1280 βασιλικῆς
1369 1207 1695 1280 διατάξεως,
1758 1206 1834 1281 ἣν

225 1295 393 1357 αὐθις
423 1297 782 1362 πεποίηνται,
825 1292 971 1366 μόνῃ
1013 1297 1083 1366 τῇ
1115 1297 1389 1366 καθολικῇ
1424 1295 1685 1368 ἐκκλησίᾳ
1724 1293 1829 1365 τὴν

494 1375 715 1449 δωρεάν
747 1374 1021 1433 δεδόσθαι
1049 1374 1557 1450 ὑποσημηνάμενοι.

161 1511 200 1542 15
345 1484 557 1564 “Χαῖρε
583 1484 869 1562 Ἀνυλῖνε,
900 1489 1188 1562 τιμιώτατε
1226 1488 1377 1563 ἡμῖν.
1447 1495 1595 1547 ἔστιν
1634 1489 1663 1547 ὁ
1701 1490 1836 1564 τρό-

225 1595 326 1640 πος
358 1567 520 1640 οὗτος
550 1579 648 1645 τῆς
679 1580 1020 1647 φιλαγαθίας
1042 1577 1140 1647 τῆς
1163 1570 1451 1649 ἡμετέρας,
1479 1573 1621 1632 ὥστε
1646 1577 1831 1633 ἐκεῖνα

225 1658 365 1731 ἅπερ
430 1663 624 1735 δικαίῳ
688 1657 962 1736 ἀλλοτρίῳ
1024 1660 1318 1732 προσήκει,
1390 1658 1465 1732 μή
1525 1659 1702 1733 μόνον
1759 1659 1835 1733 μὴ

227 1746 594 1816 ἐνοχλεῖσθαι,
627 1740 770 1800 ἀλλα
800 1745 895 1799 καὶ
926 1741 1313 1801 ἀποκαθιστᾶν
1337 1744 1647 1816 βούλεσθαι
1669 1743 1834 1817 ἡμᾶς,

219 1827 477 1885 Ἀνυλῖνε
501 1827 799 1901 τιμιώτατε.
824 1835 830 1840 “
854 1833 932 1885 16.
966 1828 1105 1886 ὅθεν
1134 1828 1460 1901 βουλόμεθα
1485 1827 1587 1900 ἵν’,
1621 1824 1837 1886 ὁπόταν

162 1938 202 1969 20
225 1917 400 1969 ταῦτα
431 1910 498 1969 τοὶ
529 1912 822 1987 γράμματα
853 1920 1087 1987 κομίσῃ,
1131 1923 1187 1970 εἴ
1220 1937 1342 1970 τινα
1387 1916 1446 1970 ἐκ
1476 1914 1692 1971 τούτων
1721 1917 1837 1971 τῶν

223 2002 292 2070 τῇ
325 1999 591 2072 ἐκκλησίᾳ
631 2003 703 2072 τῇ
742 2004 1018 2073 καθολικῇ
1057 2003 1171 2055 τῶν
1202 2004 1553 2073 Χριστιανῶν
1599 2001 1659 2055 ἐν
1703 2000 1834 2055 ἑκά-

225 2099 377 2147 σταις
419 2080 648 2138 πόλεσιν
699 2080 733 2154 ἢ
784 2084 878 2139 καὶ
929 2082 1115 2149 ἄλλοις
1165 2083 1351 2149 τόποις
1394 2084 1687 2156 διέφερον,
1740 2083 1836 2139 καὶ

223 2167 538 2237 κατέχοιντο
568 2171 679 2222 νῦν
717 2165 753 2238 ἢ
783 2162 898 2223 ὑπὸ
931 2172 1174 2223 πολιτῶν
1213 2165 1248 2239 ἢ
1279 2165 1393 2223 ὑπό
1422 2190 1592 2224 τινων
1623 2166 1831 2237 ἄλλων,

221 2254 397 2305 ταῦτα
431 2247 959 2323 ἀποκατασταθῆναι
1003 2256 1337 2325 παραχρῆμα
1365 2263 1486 2318 ταῖς
1518 2250 1708 2308 αὐτῶν
1741 2253 1834 2307 ἐκ-

160 2357 201 2390 25
223 2339 473 2405 κλησίαις
533 2333 791 2409 ποιήσῃς,
849 2335 1142 2410 ἐπειδήπερ
1207 2336 1606 2410 προῃρήμεθα,
1660 2340 1837 2393 ταῦτα

225 2416 367 2491 ἅπερ
409 2422 471 2474 αἰ
508 2417 675 2475 αὐταὶ
729 2421 1012 2491 ἐκκλησίαι
1061 2419 1335 2495 πρότερον
1381 2420 1714 2493 ἐσχήκεσαν,
1757 2425 1836 2496 τῷ

225 2508 421 2580 δικαίῳ
463 2499 652 2559 αὐτῶν
694 2499 1238 2577 ἀποκατασταθῆναι.
1309 2509 1389 2561 17.
1433 2503 1600 2562 ὁπότε
1639 2511 1837 2561 τοίνυν

226 2591 441 2662 συνορᾷ
481 2586 514 2659 ἡ
559 2595 897 2655 καθοσίωσις
936 2584 973 2662 ῆ
1016 2589 1115 2662 σῆ,
1158 2588 1363 2662 ταύτης
1402 2587 1562 2663 ἡμῶν
1599 2594 1695 2662 τῆς
1739 2613 1833 2646 κε-

226 2672 467 2738 λεύσεως
494 2675 837 2745 σαφέστατον
861 2673 1005 2731 εἶναι
1027 2673 1089 2731 τὸ
1116 2674 1463 2748 πρόσταγμα,
1489 2674 1835 2745 σπούδασον,

161 2779 203 2811 3ο
227 2765 337 2814 είτε
366 2762 550 2829 κῆποι,
583 2766 692 2814 εἰτε
723 2763 918 2830 οἰκίαι,
952 2757 1066 2815 εἷθ’
1101 2757 1499 2831 ὁτιουνδήποτε
1528 2764 1606 2836 τῷ
1638 2763 1836 2834 δικαίῳ

224 2846 338 2898 τῶν
380 2840 572 2899 αὐτῶν
615 2845 921 2915 ἐκκλησιῶν
961 2845 1250 2918 διέφερον,
1293 2843 1591 2916 σύμπαντα
1639 2839 1836 2908 αὐταῖς
