1986 3152
195 1016 237 1048 10

197 1437 237 1469 15

194 1862 236 1894 20

192 2280 235 2314 25

190 2704 233 2737 30

261 110 364 162 408
936 109 1184 151 EUSEBII

260 251 320 284 τε
349 228 443 283 καὶ
475 230 786 299 εἰλικρινῶς
811 223 1031 299 Ἰσραὴλ
1053 231 1155 282 τοῦ
1185 230 1329 282 θεοῦ
1362 249 1429 282 ου
1461 226 1637 299 μόνον
1668 234 1869 302 ἔργοις,

260 311 400 368 ἄλλα
439 323 655 383 φωναῖς
700 314 910 382 κυρίως
953 312 1346 384 ἐκφερομέναις
1399 312 1870 385 ἐπιδεικνυμένων

264 428 332 436 —-
372 393 626 451 τοιοῦτόν
665 418 718 450 τι
749 396 855 452 οὐν
887 393 1027 467 πρὸς
1065 399 1167 451 τοῦ
1208 394 1488 468 μάρτυρος
1519 394 1696 469 ὄνομα
1729 399 1864 453 ἐπα-

259 480 470 546 κούσας
514 474 542 536 ὁ
589 477 1016 552 Φιρμιλλιανός,
1062 477 1130 536 οὐ
1173 478 1285 552 μὴν
1328 480 1620 552 ἐπιστήσας
1663 486 1733 555 τῇ
1766 485 1868 538 τοῦ

260 565 500 639 ῥήματος
531 564 795 636 δυνάμει,
843 563 1110 637 δεύτερον
1162 563 1279 635 ἥτις
1325 562 1502 621 αὐτοῦ
1545 566 1742 639 πατρὶς
1771 569 1867 637 γε’-

259 672 407 706 νοιτο
446 646 650 722 ἠρώτα.
722 653 770 706 9.
828 647 856 705 6
897 648 960 705 δὲ
991 648 1253 705 συνωδόν
1282 653 1352 722 τῇ
1382 650 1626 724 προτέρᾳ
1670 651 1866 707 δευτέ-

261 758 365 837 ραν
416 733 614 807 ἀφίησι
661 733 889 806 φωνὴν,
936 728 1296 807 Ιερουσαλὴμ
1345 732 1487 790 εἶναι
1538 735 1718 805 λέγων
1769 733 1872 806 τὴν

263 821 465 876 ἑαυτοῦ
496 823 766 891 πατρίδα,
811 821 1031 890 ἐκείνην
1062 823 1199 890 δῆτα
1229 841 1379 874 νοων
1411 819 1537 892 περὶ
1565 821 1631 890 ἧς
1663 827 1874 893 εἴρηται

261 927 336 960 τω
370 903 582 980 Παύλῳ
621 897 699 974 “ἡ
737 904 797 959 δε
839 899 957 959 άνω
991 901 1356 976 Ιερουσαλήμ
1389 904 1663 978 ἐλευθέρα
1697 904 1869 976 ἐστὶν,

259 989 377 1060 ἥτις
410 989 561 1046 ἐστὶν
591 987 768 1061 μήτηρ
807 985 995 1060 ἡμῶν.
1059 993 1158 1043 καί
1178 982 1682 1062 “προσεληλύθατε
1713 988 1871 1045 Σιων

258 1072 402 1147 ὅρει,
447 1074 541 1128 καὶ
581 1072 739 1128 πόλει
775 1076 919 1128 θεοῦ
949 1076 1178 1142 ζῶντος,
1213 1067 1578 1146 Ἰερουσαλὴμ
1625 1075 1869 1147 ἐπουρα-

258 1154 418 1235 νίῳ.”
483 1161 564 1212 10.
595 1157 704 1212 καὶ
734 1151 762 1212 6
806 1156 910 1229 μὲν
949 1156 1161 1227 ταύτην
1194 1156 1363 1227 ἐνόει,
1405 1151 1434 1212 6
1467 1154 1522 1211 δ’
1559 1157 1650 1212 ἐπὶ
1691 1157 1870 1229 χθόνα

258 1243 352 1298 καὶ
393 1242 565 1315 χαμαὶ
609 1244 777 1314 ῥίψας
818 1239 921 1313 τὴν
963 1240 1244 1313 διάνοιαν,
1296 1237 1412 1313 ἥτις
1466 1249 1551 1313 εἴη
1595 1240 1736 1314 αὕτη
1777 1243 1870 1298 καὶ

259 1341 359 1384 ποῖ
384 1331 488 1399 γῆς
519 1327 773 1399 κειμένη,
806 1321 1051 1399 άκριβῶς
1079 1325 1595 1399 ἐπολυπραγμόνει,
1629 1324 1747 1382 εἶτα
1777 1327 1870 1383 καὶ

260 1411 542 1484 βασάνους
585 1413 820 1483 ἐπῆγεν,
876 1408 950 1476 ὥς
991 1409 1063 1467 ἂν
1102 1407 1346 1482 τάληθὲς
1386 1405 1710 1483 ὁμολογοίη·
1744 1406 1772 1468 ὁ
1807 1411 1870 1467 δὲ

260 1493 700 1570 στρεβλούμενος
740 1494 975 1552 κατόπιν
1016 1494 1093 1551 τω
1134 1508 1314 1570 χεῖρε,
1367 1497 1462 1551 καὶ
1501 1508 1626 1552 τοῖν
1666 1501 1870 1553 ποδοῖν

258 1581 562 1654 μαγγάνοις
603 1581 711 1636 τισὶ
753 1582 926 1648 ξένοις
957 1580 1362 1653 διακλώμενος,
1403 1578 1644 1650 τάληθὲς
1689 1586 1870 1638 εἰπεῖν

259 1663 661 1740 ἀπισχυρίζετο.
747 1669 829 1721 11.
899 1663 1016 1721 εἶτα
1068 1664 1235 1721 πάλιν
1287 1665 1551 1732 πολλάκις
1600 1667 1867 1738 ἐρομένου

258 1757 339 1818 τίς
372 1760 457 1823 εἰή
488 1751 582 1806 καὶ
625 1762 727 1807 ποῖ
754 1751 975 1822 κειμένη
1005 1748 1077 1822 ἣν
1110 1749 1178 1822 δὴ
1224 1750 1413 1824 φράζει
1442 1749 1634 1822 πόλιν,
1677 1750 1870 1823 μόνων

260 1835 404 1892 εἶναι
432 1839 548 1892 τῶν
576 1837 867 1907 θεοσεβῶν
907 1834 1118 1906 ταύτην
1150 1839 1306 1906 ἔλεγε
1336 1839 1602 1909 πατρίδα·
1656 1833 1730 1907 μὴ
1761 1835 1870 1907 γὰρ

260 1921 460 1995 ἑτέροις
500 1918 535 1992 ἢ
566 1919 780 1986 τούτοις
810 1919 1000 1992 μόνοις
1032 1917 1206 1991 αὐτῆς
1236 1933 1512 1992 μετεῖναι,
1555 1928 1776 1976 κεῖσθαι
1806 1920 1869 1976 δὲ

258 2005 397 2079 πρὸς
450 2003 647 2070 αὐταῖς
699 2003 997 2071 ἀνατολαῖς
1050 2005 1142 2060 καὶ
1196 2003 1339 2078 πρὸς
1380 2002 1666 2077 ἀνίσχοντι
1709 2003 1866 2081 ἡλίῳ.

262 2092 340 2145 12.
391 2087 419 2145 6
463 2089 568 2160 μὲν
610 2089 780 2145 πάλιν
825 2088 915 2145 διά
965 2089 1183 2145 τούτων
1221 2088 1358 2145 κατα
1401 2087 1501 2145 τὸν
1543 2093 1687 2145 ἴδιον
1725 2094 1869 2146 νοῦν

260 2173 608 2245 ἐφιλοσόφει,
640 2177 908 2246 μηδαμῶς
936 2178 1051 2228 τῶν
1084 2175 1143 2229 ἐν
1169 2172 1360 2249 κύκλῳ
1390 2171 1659 2244 βασάνοις
1690 2171 1869 2230 αὐτὸν

259 2258 619 2330 αἰκιζομένων
681 2255 1019 2330 ἐπιστροφὴν
1077 2256 1407 2330 ποιούμενος
1431 2301 1446 2330 ,
1506 2257 1749 2331 ἄσαρκος
1809 2257 1863 2314 δ’

257 2341 444 2415 ὥσπερ
474 2342 568 2397 καὶ
599 2337 888 2414 ἀσώματος
920 2339 1046 2397 οὐδ’
1084 2343 1299 2398 ἐπαΐειν
1331 2347 1515 2399 δοκῶν
1546 2347 1660 2399 τῶν
1690 2340 1867 2415 ἄλγη-

257 2426 464 2483 δόνων·
520 2424 548 2482 ὁ
592 2424 645 2482 δ’
693 2425 1079 2500 ἀπορούμενος
1124 2426 1462 2499 ἐσφάδαζεν,
1519 2423 1731 2502 ἐχθρὰν
1772 2428 1866 2484 καὶ

251 2507 531 2584 Ῥωμαίοις
572 2518 844 2584 πολεμίαν
885 2510 1107 2577 πάντως
1151 2533 1260 2569 που
1294 2510 1675 2584 συστήσεσθαι
1705 2512 1867 2569 πόλιν

255 2595 624 2670 Χριστιανούς
656 2595 941 2669 οἰόμενος,
985 2596 1161 2663 πολύς
1194 2620 1251 2654 τε
1281 2600 1354 2669 ἠν
1384 2597 1593 2670 ταύτην
1627 2595 1864 2672 ἀνερευ-

254 2685 402 2753 νῶν,
468 2681 560 2737 καὶ
611 2680 715 2753 τὴν
768 2685 1123 2752 δηλωθεῖσαν
1174 2682 1364 2755 χώραν
1415 2680 1539 2738 κατ’
1595 2680 1867 2747 ἀνατολὰς
1934 2737 1941 2741 .

368 2877 392 2916 9
425 2874 523 2915 Gal.
547 2877 587 2926 4,
613 2877 679 2916 25.
803 2877 853 2916 10
883 2877 1025 2919 Hebr.
1052 2878 1119 2927 12,
1145 2878 1212 2917 22.
