2032 3174
616 129 770 171 HIST.
801 125 1049 169 ECCLES.
1083 127 1118 166 1.
1150 127 1188 166 2.
1678 120 1710 171 9

105 246 426 322 ἀνθρώπων
470 249 645 319 ψυχῆς
686 246 968 318 σπέρματα
1012 240 1477 315 αὐτοπροαιρέτου
1517 246 1712 305 κακίας

17 338 26 348 “
105 333 390 406 ὑπερβολῇ
434 336 887 404 διαφθείροντες,
943 325 1356 401 άνοσιουργίαις
1410 325 1472 382 δὲ
1513 322 1713 389 πάσαις

105 416 268 484 ὅλους
300 422 443 489 σφᾶς
465 412 847 485 ἐκδεδωκότες,
882 410 955 480 ῶς
980 413 1098 469 τοτὲ
1120 412 1222 484 μὲν
1243 409 1711 483 ἀλληλοφθορεῖν,

107 526 226 561 τοτε
271 501 332 558 δε
375 499 825 573 ἀλληλοκτονεῖν,
873 494 1066 553 άλλοτε
1118 496 1180 552 δε
1230 493 1713 567 ἀνθρωποβορεῖν,

109 591 412 660 θεομαχίας
443 609 500 642 τε
531 585 622 641 καὶ
644 582 738 650 τὰς
759 578 907 654 παρὰ
929 594 1041 646 τοῖς
1058 583 1191 637 πᾶσι
1213 582 1498 652 βοωμένας
1519 601 1714 648 γιγαν-

108 677 367 744 τομαχίας
400 671 710 741 ἐπιτολμᾶν,
744 666 834 722 καὶ
866 669 972 736 γῆν
1001 689 1103 737 μεν
1126 667 1465 737 ἐπιτειχίζειν
1496 658 1716 736 ουρανῶ

110 761 490 824 διανοεῖσθαι,
545 775 718 826 μανια
760 750 821 806 δὲ
869 747 1220 822 φρονήματος
1270 747 1504 805 ἐκτόπου
1547 742 1717 802 αὐτὸν

108 839 203 896 τὸν
236 841 324 895 ἐπὶ
354 835 578 894 πάντων
607 834 746 892 θεὸν
777 840 1039 906 πολεμεῖν
1061 830 1595 905 παρασκευάζεσθαι.
1630 834 1715 885 ΞΟ.

109 919 199 994 ἐφ’
233 918 314 988 οἷς
344 925 540 978 τοῦτον
571 916 800 985 ἑαυτούς
839 915 1036 990 ἄγουσι
1084 916 1178 975 τὸν
1206 915 1412 991 τρόπον
1443 912 1719 975 κατακλυ-

110 1021 266 1080 σμοῖς
308 1003 505 1072 αὐτούς
546 1006 637 1061 καὶ
668 1001 1084 1075 πυρπολήσεσιν
1116 1000 1300 1074 ῶσπερ
1331 999 1533 1073 ἀγρίαν
1577 997 1719 1070 ὕλην

110 1091 246 1149 κατὰ
278 1088 454 1162 πάσης
484 1092 578 1161 τῆς
618 1092 720 1161 γῆς
761 1090 1070 1160 κεχυμένην
1099 1084 1231 1152 θεὸς
1273 1084 1300 1142 ὅ
1333 1085 1558 1143 πάντων
1589 1091 1720 1156 ἔφο-

112 1200 203 1244 ρος
234 1174 456 1249 μετῄει,
490 1182 668 1246 λιμοῖς
698 1195 757 1230 τε
787 1174 1042 1245 συνεχέσι
1074 1173 1164 1228 καὶ
1195 1178 1432 1243 λοιμοῖς,
1464 1173 1719 1243 πολέμοις

111 1283 170 1317 τε
211 1251 283 1316 αὖ
319 1262 411 1315 καὶ
450 1261 740 1356 κεραυνῶν
781 1262 972 1327 βολαῖς
1011 1254 1240 1314 ἄνωθεν
1282 1252 1486 1321 αὐτοὺς
1525 1253 1722 1312 ὑπετέ-

114 1367 307 1416 μνετο,
351 1341 534 1414 ῶσπερ
572 1365 696 1398 τινα
741 1338 932 1412 δεινὴν
982 1341 1072 1396 καὶ
1122 1338 1514 1413 χαλεπωτάτην
1555 1338 1722 1397 νόσον

115 1432 310 1500 ψυχῶν
332 1426 671 1526 πικροτέροις
691 1422 904 1497 ἀνέχων
925 1438 1037 1491 τοῖς
1062 1430 1457 1498 κολαστηρίοις.
1498 1428 1582 1481 21.
1602 1421 1722 1480 τότε

115 1535 217 1584 μεν
246 1502 378 1581 οὖν,
418 1507 508 1567 ὅτε
550 1509 618 1581 δὴ
650 1507 821 1575 πολυς
852 1499 922 1579 ἦν
964 1510 1350 1581 ἐπικεχυμένος
1379 1506 1570 1580 ὀλίγου
1604 1513 1724 1564 δεῖν

116 1619 252 1652 κατα
292 1592 518 1651 πάντων
559 1592 586 1650 ὁ
629 1596 723 1665 τῆς
754 1600 947 1659 κακίας
980 1591 1166 1665 κόρος,
1209 1589 1298 1649 οἶα
1328 1596 1503 1665 μέθης
1538 1594 1724 1662 δεινῆς

114 1678 208 1745 τὰς
249 1674 510 1735 απάντων
549 1677 748 1750 σχεδὸν
791 1673 1112 1747 ἀνθρώπων
1165 1675 1582 1748 ἐπισκιαζούσης
1634 1678 1727 1732 καὶ

118 1760 510 1834 ἐπισκοτούσης
541 1759 749 1834 ψυχάς,
781 1756 813 1833 ἡ
841 1760 1188 1833 πρωτόγονος
1213 1762 1304 1817 καὶ
1324 1759 1726 1835 πρωτόκτιστος

117 1853 214 1905 τοῦ
243 1852 384 1904 θεοῦ
416 1853 584 1918 σοφία
616 1848 707 1902 καὶ
740 1843 902 1910 αὐτὸς
933 1843 960 1901 ὁ
994 1843 1184 1918 προῶν
1214 1844 1373 1917 λόγος
1404 1854 1724 1919 φιλανθρω-

118 1938 246 1997 πίας
284 1930 564 2005 ὑπερβολῇ
603 1931 723 1987 τοτὲ
763 1930 866 2003 μὲν
911 1927 985 1986 δι’
1018 1927 1285 1995 ὀπτασίας
1332 1928 1583 2002 ἀγγέλων
1614 1943 1727 1994 τοῖς

118 2013 519 2087 ὑποβεβηκόσι,
550 2015 670 2072 τοτὲ
703 2015 763 2071 δὲ
793 2017 885 2071 καὶ
919 2012 991 2070 δι’
1032 2016 1231 2071 ἑαυτοῦ
1263 2011 1351 2071 οἷα
1383 2020 1524 2071 θεοῦ
1559 2011 1727 2070 δυ’να-

120 2124 208 2172 μις
249 2098 513 2172 σωτήριος
553 2101 644 2156 ἑνί
677 2121 785 2156 που
828 2101 920 2156 καὶ
969 2101 1210 2175 δευτέρω
1250 2103 1361 2156 τῶν
1402 2097 1571 2156 πάλαι
1602 2108 1727 2155 θεο-

119 2187 301 2254 φιλῶν
330 2181 582 2257 ἀνδρῶν,
624 2181 726 2241 οὐκ
756 2184 935 2251 ἄλλως
967 2178 1001 2255 ἢ
1041 2181 1116 2240 δι’
1152 2181 1461 2256 άνθρῶπου
1492 2186 1727 2256 μορφῆς,

119 2265 200 2324 ὅτι
230 2266 359 2341 μηδ’
397 2270 590 2340 ἑτέρως
621 2259 690 2340 ἦν
722 2266 991 2339 δυνατὸν,
1024 2266 1212 2340 αὐτοῖς
1242 2266 1596 2340 ὑπεφαίνετο.
1642 2270 1724 2323 22.

123 2350 196 2416 ῶς
238 2349 291 2408 δ’
334 2350 445 2424 ἤδη
485 2351 575 2409 διὰ
615 2350 828 2409 τούτων
868 2350 933 2409 τά
973 2358 1297 2424 θεοσεβείας
1337 2355 1620 2427 σπέρματα
1653 2357 1729 2417 εἰς

122 2437 334 2506 πλῆθος
377 2434 601 2509 ἀνδρῶν
639 2437 1040 2509 καταβέβλητο,
1081 2435 1212 2494 ὅλον
1256 2461 1314 2494 τε
1354 2436 1413 2494 τό
1445 2443 1608 2504 ἔθνος
1642 2436 1730 2491 ἐπὶ

124 2523 189 2592 τῇ
219 2525 512 2595 θεοσεβείᾳ
543 2524 883 2593 προσανέχον
915 2519 1193 2579 ἀνέκαθεν
1219 2525 1272 2589 ἐξ
1295 2520 1569 2593 Ἑβραίων
1599 2516 1730 2576 ὑπέ-

125 2621 224 2675 στη
263 2607 453 2674 τοῦτο,
507 2604 717 2672 τούτοις
756 2606 857 2677 μὲν
910 2601 1111 2663 ῶσανεὶ
1153 2605 1430 2679 πλήθεσιν
1484 2611 1562 2662 ἔτι
1613 2614 1731 2668 ταῖς

1745 1020 1786 1052 10

1747 1440 1791 1471 15

1750 1860 1794 1892 20

1752 2280 1795 2312 25

123 2694 381 2755 παλαιαῖς
410 2688 652 2760 ἀγωγαῖς
686 2692 1161 2763 ἐκδεδιῃτημένοις
1195 2688 1286 2747 διὰ
1315 2693 1412 2747 τοῦ
1442 2686 1730 2761 προφήτου
1753 2703 1795 2734 30

127 2773 412 2839 ὲΜωυσέως
437 2772 651 2840 εἰκόνας
677 2775 766 2830 καὶ
792 2771 1043 2846 σύμβολα
1067 2772 1349 2846 σαββάτου
1372 2772 1519 2838 τινὸς
1541 2789 1729 2846 μυστι-

127 2857 228 2911 κοῦ
257 2857 347 2911 καὶ
387 2863 682 2932 περιτομῆς
701 2903 715 2929 ,
759 2860 962 2929 ἑτέρων
1001 2881 1058 2915 τε
1098 2862 1311 2930 νοητῶν
1353 2854 1730 2929 θεωρημάτων
