<?xml version="1.0" encoding="UTF-8"?>
<!DOCTYPE html PUBLIC "-//W3C//DTD XHTML 1.0 Transitional//EN"
    "http://www.w3.org/TR/xhtml1/DTD/xhtml1-transitional.dtd">
<html xmlns="http://www.w3.org/1999/xhtml" xml:lang="en" lang="en">
 <head>
  <title>
</title>
<meta http-equiv="Content-Type" content="text/html;charset=utf-8" />
  <meta name='ocr-system' content='tesseract 3.04.00' />
  <meta name='ocr-capabilities' content='ocr_page ocr_carea ocr_par ocr_line ocrx_word'/>
</head>
<body>
  <div class='ocr_page' id='page_1' title='image "./operaeusebius04euseuoft_0262.png"; bbox 0 0 1986 3152; ppageno 0'>
   <div class='ocr_carea' id='block_1_1' title="bbox 272 103 1190 159">
    <p class='ocr_par' dir='ltr' id='par_1_1' title="bbox 272 103 1190 159">
     <span class='ocr_line' id='line_1_1' title="bbox 272 103 1190 159; baseline -0.016 0"><span class='ocrx_word' id='word_1_1' title='bbox 272 107 378 159; x_wconf 76' lang='lat'><strong><em>202</em></strong></span> <span class='ocrx_word' id='word_1_2' title='bbox 941 103 1190 144; x_wconf 82' lang='lat' dir='ltr'>EUSEBH</span> 
     </span>
    </p>
   </div>
   <div class='ocr_carea' id='block_1_2' title="bbox 210 215 1931 2737">
    <p class='ocr_par' dir='ltr' id='par_1_2' title="bbox 210 215 1931 2737">
     <span class='ocr_line' id='line_1_2' title="bbox 277 215 1880 293; baseline -0.001 -15"><span class='ocrx_word' id='word_1_3' title='bbox 277 225 363 279; x_wconf 82' lang='grc' dir='ltr'><strong><em>ἐπὶ</em></strong></span> <span class='ocrx_word' id='word_1_4' title='bbox 393 225 488 293; x_wconf 85' lang='grc' dir='ltr'><strong><em>τῆς</em></strong></span> <span class='ocrx_word' id='word_1_5' title='bbox 519 221 836 291; x_wconf 82' lang='grc' dir='ltr'><strong><em>Μελιτηνῆς</em></strong></span> <span class='ocrx_word' id='word_1_6' title='bbox 867 215 1011 275; x_wconf 76' lang='grc' dir='ltr'><strong><em>οὕτω</em></strong></span> <span class='ocrx_word' id='word_1_7' title='bbox 1044 221 1387 292; x_wconf 82' lang='grc' dir='ltr'><strong><em>καλουμένης</em></strong></span> <span class='ocrx_word' id='word_1_8' title='bbox 1418 224 1686 291; x_wconf 80' lang='grc' dir='ltr'><strong><em>λεγεῶνος</em></strong></span> <span class='ocrx_word' id='word_1_9' title='bbox 1720 238 1880 293; x_wconf 93' lang='grc' dir='ltr'><strong><em>στρα-</em></strong></span> 
     </span>
     <span class='ocr_line' id='line_1_3' title="bbox 273 304 1882 373; baseline -0.001 -12"><span class='ocrx_word' id='word_1_10' title='bbox 273 306 468 370; x_wconf 73' lang='grc' dir='ltr'><strong><em>τιώτας</em></strong></span> <span class='ocrx_word' id='word_1_11' title='bbox 515 304 606 360; x_wconf 77' lang='grc' dir='ltr'><strong><em>διὰ</em></strong></span> <span class='ocrx_word' id='word_1_12' title='bbox 647 310 881 368; x_wconf 90' lang='grc' dir='ltr'><strong><em>πίστεως</em></strong></span> <span class='ocrx_word' id='word_1_13' title='bbox 926 305 979 369; x_wconf 79' lang='grc' dir='ltr'><strong><em>ἐξ</em></strong></span> <span class='ocrx_word' id='word_1_14' title='bbox 1023 305 1238 360; x_wconf 86' lang='grc' dir='ltr'><strong><em>ἐκείνου</em></strong></span> <span class='ocrx_word' id='word_1_15' title='bbox 1279 304 1370 359; x_wconf 84' lang='grc' dir='ltr'><strong><em>καὶ</em></strong></span> <span class='ocrx_word' id='word_1_16' title='bbox 1403 309 1479 369; x_wconf 79' lang='grc' dir='ltr'><strong><em>εἰς</em></strong></span> <span class='ocrx_word' id='word_1_17' title='bbox 1513 306 1679 373; x_wconf 81' lang='grc' dir='ltr'><strong><em>δεῦρο</em></strong></span> <span class='ocrx_word' id='word_1_18' title='bbox 1711 321 1882 360; x_wconf 85' lang='grc' dir='ltr'><strong><em>συνε-</em></strong></span> 
     </span>
     <span class='ocr_line' id='line_1_4' title="bbox 274 384 1881 460; baseline -0.001 -15"><span class='ocrx_word' id='word_1_19' title='bbox 274 388 486 460; x_wconf 76' lang='grc' dir='ltr'><strong><em>στώσης</em></strong></span> <span class='ocrx_word' id='word_1_20' title='bbox 531 391 590 444; x_wconf 87' lang='grc' dir='ltr'><strong><em>ἐν</em></strong></span> <span class='ocrx_word' id='word_1_21' title='bbox 629 391 695 460; x_wconf 80' lang='grc' dir='ltr'><strong><em>τῇ</em></strong></span> <span class='ocrx_word' id='word_1_22' title='bbox 738 385 872 456; x_wconf 85' lang='grc' dir='ltr'><strong><em>πρὸς</em></strong></span> <span class='ocrx_word' id='word_1_23' title='bbox 912 384 1040 452; x_wconf 79' lang='grc' dir='ltr'><strong><em>τούς</em></strong></span> <span class='ocrx_word' id='word_1_24' title='bbox 1079 393 1375 460; x_wconf 88' lang='grc' dir='ltr'><strong><em>πολεμίους</em></strong></span> <span class='ocrx_word' id='word_1_25' title='bbox 1418 386 1715 459; x_wconf 77' lang='grc' dir='ltr'><em>παρατάξει</em></span> <span class='ocrx_word' id='word_1_26' title='bbox 1743 386 1881 459; x_wconf 88' lang='grc' dir='ltr'><strong><em>γόνυ</em></strong></span> 
     </span>
     <span class='ocr_line' id='line_1_5' title="bbox 273 468 1882 544; baseline -0.001 -14"><span class='ocrx_word' id='word_1_27' title='bbox 273 477 475 538; x_wconf 83' lang='grc' dir='ltr'><strong><em>θέντας</em></strong></span> <span class='ocrx_word' id='word_1_28' title='bbox 510 475 598 528; x_wconf 85' lang='grc' dir='ltr'><strong><em>ἐπὶ</em></strong></span> <span class='ocrx_word' id='word_1_29' title='bbox 630 475 735 544; x_wconf 80' lang='grc' dir='ltr'><strong><em>γῆν</em></strong></span> <span class='ocrx_word' id='word_1_30' title='bbox 766 470 902 527; x_wconf 81' lang='grc' dir='ltr'><strong><em>κατὰ</em></strong></span> <span class='ocrx_word' id='word_1_31' title='bbox 931 469 990 527; x_wconf 81' lang='grc' dir='ltr'><strong><em>τὸ</em></strong></span> <span class='ocrx_word' id='word_1_32' title='bbox 1021 477 1229 528; x_wconf 81' lang='grc' dir='ltr'><strong><em>οἰκεῖον</em></strong></span> <span class='ocrx_word' id='word_1_33' title='bbox 1251 468 1386 544; x_wconf 84' lang='grc' dir='ltr'><strong><em>ἡμῖν</em></strong></span> <span class='ocrx_word' id='word_1_34' title='bbox 1409 475 1521 528; x_wconf 83' lang='grc' dir='ltr'><strong><em>τῶν</em></strong></span> <span class='ocrx_word' id='word_1_35' title='bbox 1547 470 1728 544; x_wconf 77' lang='grc' dir='ltr'><strong><em>εὐχῶν</em></strong></span> <span class='ocrx_word' id='word_1_36' title='bbox 1753 478 1882 538; x_wconf 83' lang='grc' dir='ltr'><strong><em>ἔθος</em></strong></span> 
     </span>
     <span class='ocr_line' id='line_1_6' title="bbox 231 553 1884 630; baseline -0.001 -17"><span class='ocrx_word' id='word_1_37' title='bbox 231 574 251 606; x_wconf 85' lang='grc'>5</span> <span class='ocrx_word' id='word_1_38' title='bbox 276 560 363 614; x_wconf 86' lang='grc' dir='ltr'><strong><em>ἐπὶ</em></strong></span> <span class='ocrx_word' id='word_1_39' title='bbox 394 555 488 622; x_wconf 73' lang='grc' dir='ltr'><strong><em>τὰς</em></strong></span> <span class='ocrx_word' id='word_1_40' title='bbox 519 555 656 630; x_wconf 84' lang='grc' dir='ltr'><strong><em>πρὸς</em></strong></span> <span class='ocrx_word' id='word_1_41' title='bbox 687 555 827 612; x_wconf 82' lang='grc' dir='ltr'><strong><em>θεὸν</em></strong></span> <span class='ocrx_word' id='word_1_42' title='bbox 859 559 1066 621; x_wconf 79' lang='grc' dir='ltr'><strong><em>ἱκεσίας</em></strong></span> <span class='ocrx_word' id='word_1_43' title='bbox 1097 557 1422 627; x_wconf 88' lang='grc' dir='ltr'><strong><em>τραπέσθαι.</em></strong></span> <span class='ocrx_word' id='word_1_44' title='bbox 1486 560 1534 613; x_wconf 80' lang='grc'><strong><em>2.</em></strong></span> <span class='ocrx_word' id='word_1_45' title='bbox 1562 553 1884 628; x_wconf 77' lang='grc' dir='ltr'><strong><em>παραδόξου</em></strong></span> 
     </span>
     <span class='ocr_line' id='line_1_7' title="bbox 276 638 1884 712; baseline -0.002 -14"><span class='ocrx_word' id='word_1_46' title='bbox 276 642 336 697; x_wconf 74' lang='grc' dir='ltr'><strong><em>δὲ</em></strong></span> <span class='ocrx_word' id='word_1_47' title='bbox 366 656 478 707; x_wconf 88' lang='grc' dir='ltr'><strong><em>τοῖς</em></strong></span> <span class='ocrx_word' id='word_1_48' title='bbox 511 647 790 709; x_wconf 81' lang='grc' dir='ltr'><strong><em>πολεμίοις</em></strong></span> <span class='ocrx_word' id='word_1_49' title='bbox 820 642 918 696; x_wconf 80' lang='grc' dir='ltr'><strong><em>τοῦ</em></strong></span> <span class='ocrx_word' id='word_1_50' title='bbox 942 638 1194 696; x_wconf 85' lang='grc' dir='ltr'><strong><em>τοιούτου</em></strong></span> <span class='ocrx_word' id='word_1_51' title='bbox 1220 644 1254 696; x_wconf 93' lang='grc' dir='ltr'><strong><em>δ</em></strong></span> <span class='ocrx_word' id='word_1_52' title='bbox 1261 638 1289 712; x_wconf 89' lang='grc' dir='ltr'>ὴ</span> <span class='ocrx_word' id='word_1_53' title='bbox 1313 638 1589 712; x_wconf 76' lang='grc' dir='ltr'><strong><em>θεάματος</em></strong></span> <span class='ocrx_word' id='word_1_54' title='bbox 1614 642 1884 710; x_wconf 82' lang='grc' dir='ltr'><strong><em>φανέντος</em></strong></span> 
     </span>
     <span class='ocr_line' id='line_1_8' title="bbox 272 721 1884 801; baseline -0.001 -21"><span class='ocrx_word' id='word_1_55' title='bbox 272 723 406 782; x_wconf 77' lang='grc' dir='ltr'><strong><em>ἄλλο</em></strong></span> <span class='ocrx_word' id='word_1_56' title='bbox 437 750 488 782; x_wconf 89' lang='grc' dir='ltr'><strong><em>τι</em></strong></span> <span class='ocrx_word' id='word_1_57' title='bbox 519 723 678 796; x_wconf 86' lang='grc' dir='ltr'><strong><em>λόγος</em></strong></span> <span class='ocrx_word' id='word_1_58' title='bbox 709 731 817 796; x_wconf 77' lang='grc' dir='ltr'><strong><em>ἔχει</em></strong></span> <span class='ocrx_word' id='word_1_59' title='bbox 849 722 1290 797; x_wconf 77' lang='grc' dir='ltr'><strong><em>παραδοξότερον</em></strong></span> <span class='ocrx_word' id='word_1_60' title='bbox 1323 727 1749 801; x_wconf 88' lang='grc' dir='ltr'><strong><em>ε’πικαταλαβεῖν</em></strong></span> <span class='ocrx_word' id='word_1_61' title='bbox 1780 721 1884 780; x_wconf 82' lang='grc' dir='ltr'><strong><em>αὐ·-</em></strong></span> 
     </span>
     <span class='ocr_line' id='line_1_9' title="bbox 271 805 1885 881; baseline -0.001 -15"><span class='ocrx_word' id='word_1_62' title='bbox 271 816 421 866; x_wconf 82' lang='grc' dir='ltr'><strong><em>τίκα·</em></strong></span> <span class='ocrx_word' id='word_1_63' title='bbox 456 807 700 881; x_wconf 81' lang='grc' dir='ltr'><strong><em>σκηπτὸν</em></strong></span> <span class='ocrx_word' id='word_1_64' title='bbox 729 809 831 881; x_wconf 76' lang='grc' dir='ltr'><strong><em>μὲν</em></strong></span> <span class='ocrx_word' id='word_1_65' title='bbox 864 814 940 874; x_wconf 86' lang='grc' dir='ltr'><strong><em>εἰς</em></strong></span> <span class='ocrx_word' id='word_1_66' title='bbox 970 806 1161 881; x_wconf 87' lang='grc' dir='ltr'><strong><em>φυγὴν</em></strong></span> <span class='ocrx_word' id='word_1_67' title='bbox 1185 811 1276 865; x_wconf 88' lang='grc' dir='ltr'><strong><em>καὶ</em></strong></span> <span class='ocrx_word' id='word_1_68' title='bbox 1299 807 1580 866; x_wconf 70' lang='grc' dir='ltr'><strong><em>ἀπώλειαν</em></strong></span> <span class='ocrx_word' id='word_1_69' title='bbox 1605 805 1885 865; x_wconf 79' lang='grc' dir='ltr'><strong><em>συνελαύ-</em></strong></span> 
     </span>
     <span class='ocr_line' id='line_1_10' title="bbox 271 889 1883 966; baseline -0.001 -16"><span class='ocrx_word' id='word_1_70' title='bbox 271 917 440 950; x_wconf 92' lang='grc' dir='ltr'><strong><em>νοντα</em></strong></span> <span class='ocrx_word' id='word_1_71' title='bbox 491 893 617 958; x_wconf 81' lang='grc' dir='ltr'><strong><em>τούς</em></strong></span> <span class='ocrx_word' id='word_1_72' title='bbox 659 898 984 966; x_wconf 87' lang='grc' dir='ltr'><strong><em>πολεμίους,</em></strong></span> <span class='ocrx_word' id='word_1_73' title='bbox 1034 891 1244 965; x_wconf 81' lang='grc' dir='ltr'><strong><em>ὄμβρον</em></strong></span> <span class='ocrx_word' id='word_1_74' title='bbox 1285 893 1348 949; x_wconf 73' lang='grc' dir='ltr'><strong><em>δὲ</em></strong></span> <span class='ocrx_word' id='word_1_75' title='bbox 1391 894 1478 948; x_wconf 83' lang='grc' dir='ltr'><strong><em>ἐπὶ</em></strong></span> <span class='ocrx_word' id='word_1_76' title='bbox 1521 892 1623 964; x_wconf 84' lang='grc' dir='ltr'><strong><em>τὴν</em></strong></span> <span class='ocrx_word' id='word_1_77' title='bbox 1667 896 1780 949; x_wconf 77' lang='grc' dir='ltr'><strong><em>τῶν</em></strong></span> <span class='ocrx_word' id='word_1_78' title='bbox 1822 889 1883 948; x_wconf 79' lang='grc' dir='ltr'><strong><em>τὸ</em></strong></span> 
     </span>
     <span class='ocr_line' id='line_1_11' title="bbox 211 974 1885 1050; baseline -0.001 -16"><span class='ocrx_word' id='word_1_79' title='bbox 211 995 252 1027; x_wconf 86' lang='lat'><strong><em>10</em></strong></span> <span class='ocrx_word' id='word_1_80' title='bbox 274 988 439 1035; x_wconf 88' lang='grc' dir='ltr'><strong><em>θεῖον</em></strong></span> <span class='ocrx_word' id='word_1_81' title='bbox 489 976 991 1050; x_wconf 82' lang='grc' dir='ltr'><strong><em>παρακεκληκότων</em></strong></span> <span class='ocrx_word' id='word_1_82' title='bbox 1032 975 1326 1050; x_wconf 74' lang='grc' dir='ltr'><strong><em>στρατιάν,</em></strong></span> <span class='ocrx_word' id='word_1_83' title='bbox 1378 982 1565 1035; x_wconf 75' lang='grc' dir='ltr'><strong><em>πᾶσαν</em></strong></span> <span class='ocrx_word' id='word_1_84' title='bbox 1606 974 1783 1048; x_wconf 81' lang='grc' dir='ltr'><strong><em>αὐτὴν</em></strong></span> <span class='ocrx_word' id='word_1_85' title='bbox 1826 978 1885 1033; x_wconf 82' lang='grc' dir='ltr'><strong><em>ἐκ</em></strong></span> 
     </span>
     <span class='ocr_line' id='line_1_12' title="bbox 273 1058 1887 1135; baseline -0.001 -17"><span class='ocrx_word' id='word_1_86' title='bbox 273 1065 373 1118; x_wconf 82' lang='grc' dir='ltr'><strong><em>τοῦ</em></strong></span> <span class='ocrx_word' id='word_1_87' title='bbox 405 1067 602 1129; x_wconf 83' lang='grc' dir='ltr'><strong><em>δίψους</em></strong></span> <span class='ocrx_word' id='word_1_88' title='bbox 618 1064 930 1135; x_wconf 84' lang='grc' dir='ltr'><strong><em>μέλλουσαν</em></strong></span> <span class='ocrx_word' id='word_1_89' title='bbox 959 1059 1091 1118; x_wconf 79' lang='grc' dir='ltr'><strong><em>ὅσον</em></strong></span> <span class='ocrx_word' id='word_1_90' title='bbox 1108 1084 1263 1118; x_wconf 89' lang='grc' dir='ltr'><strong><em>ουπω</em></strong></span> <span class='ocrx_word' id='word_1_91' title='bbox 1289 1066 1724 1133; x_wconf 73' lang='grc' dir='ltr'><strong><em>διαφθείρεσθαι</em></strong></span> <span class='ocrx_word' id='word_1_92' title='bbox 1753 1058 1887 1118; x_wconf 82' lang='grc' dir='ltr'><strong><em>ἄνα-</em></strong></span> 
     </span>
     <span class='ocr_line' id='line_1_13' title="bbox 274 1143 1885 1219; baseline 0 -17"><span class='ocrx_word' id='word_1_93' title='bbox 274 1144 570 1218; x_wconf 76' lang='grc' dir='ltr'><strong><em>κτώμενον.</em></strong></span> <span class='ocrx_word' id='word_1_94' title='bbox 598 1150 678 1202; x_wconf 98' lang='grc'><strong><em>3.</em></strong></span> <span class='ocrx_word' id='word_1_95' title='bbox 715 1143 748 1216; x_wconf 84' lang='grc' dir='ltr'>ἡ</span> <span class='ocrx_word' id='word_1_96' title='bbox 776 1147 836 1203; x_wconf 91' lang='grc' dir='ltr'><strong><em>δε</em></strong></span> <span class='ocrx_word' id='word_1_97' title='bbox 863 1150 1076 1214; x_wconf 89' lang='grc' dir='ltr'><strong><em>ἱστορία</em></strong></span> <span class='ocrx_word' id='word_1_98' title='bbox 1099 1148 1323 1218; x_wconf 89' lang='grc' dir='ltr'><strong><em>φέρεται</em></strong></span> <span class='ocrx_word' id='word_1_99' title='bbox 1346 1169 1448 1218; x_wconf 88' lang='grc' dir='ltr'><strong><em>μεν</em></strong></span> <span class='ocrx_word' id='word_1_100' title='bbox 1471 1147 1562 1202; x_wconf 88' lang='grc' dir='ltr'><strong><em>καὶ</em></strong></span> <span class='ocrx_word' id='word_1_101' title='bbox 1594 1143 1743 1219; x_wconf 83' lang='grc' dir='ltr'><strong><em>παρὰ</em></strong></span> <span class='ocrx_word' id='word_1_102' title='bbox 1771 1159 1885 1211; x_wconf 85' lang='grc' dir='ltr'><strong><em>τοῖς</em></strong></span> 
     </span>
     <span class='ocr_line' id='line_1_14' title="bbox 273 1226 1886 1302; baseline -0.001 -16"><span class='ocrx_word' id='word_1_103' title='bbox 273 1229 460 1302; x_wconf 84' lang='grc' dir='ltr'><strong><em>πόρρω</em></strong></span> <span class='ocrx_word' id='word_1_104' title='bbox 492 1236 591 1287; x_wconf 86' lang='grc' dir='ltr'><strong><em>τοῦ</em></strong></span> <span class='ocrx_word' id='word_1_105' title='bbox 622 1226 757 1286; x_wconf 87' lang='grc' dir='ltr'><strong><em>καθ’</em></strong></span> <span class='ocrx_word' id='word_1_106' title='bbox 786 1226 925 1302; x_wconf 81' lang='grc' dir='ltr'><strong><em>ἡμᾶς</em></strong></span> <span class='ocrx_word' id='word_1_107' title='bbox 950 1227 1116 1300; x_wconf 91' lang='grc' dir='ltr'><strong><em>λόγου</em></strong></span> <span class='ocrx_word' id='word_1_108' title='bbox 1141 1233 1581 1302; x_wconf 77' lang='grc' dir='ltr'><strong><em>συγγραφεῦσιν,</em></strong></span> <span class='ocrx_word' id='word_1_109' title='bbox 1613 1236 1694 1295; x_wconf 85' lang='grc' dir='ltr'><strong><em>οἱς</em></strong></span> <span class='ocrx_word' id='word_1_110' title='bbox 1717 1231 1886 1302; x_wconf 90' lang='grc' dir='ltr'><strong><em>μέλον</em></strong></span> 
     </span>
     <span class='ocr_line' id='line_1_15' title="bbox 272 1310 1885 1387; baseline -0.001 -17"><span class='ocrx_word' id='word_1_111' title='bbox 272 1316 467 1386; x_wconf 90' lang='grc' dir='ltr'><strong><em>γέγονε</em></strong></span> <span class='ocrx_word' id='word_1_112' title='bbox 511 1317 613 1387; x_wconf 78' lang='grc' dir='ltr'><strong><em>τῆς</em></strong></span> <span class='ocrx_word' id='word_1_113' title='bbox 650 1338 787 1370; x_wconf 83' lang='grc' dir='ltr'><strong><em>κατα</em></strong></span> <span class='ocrx_word' id='word_1_114' title='bbox 826 1314 957 1379; x_wconf 81' lang='grc' dir='ltr'><strong><em>τοὺς</em></strong></span> <span class='ocrx_word' id='word_1_115' title='bbox 1001 1316 1377 1385; x_wconf 81' lang='grc' dir='ltr'><strong><em>δηλουμένους</em></strong></span> <span class='ocrx_word' id='word_1_116' title='bbox 1417 1316 1663 1387; x_wconf 81' lang='grc' dir='ltr'><strong><em>γραφῆς,</em></strong></span> <span class='ocrx_word' id='word_1_117' title='bbox 1724 1310 1885 1386; x_wconf 84' lang='grc' dir='ltr'><strong><em>δεδή-</em></strong></span> 
     </span>
     <span class='ocr_line' id='line_1_16' title="bbox 216 1393 1886 1471; baseline 0 -17"><span class='ocrx_word' id='word_1_118' title='bbox 216 1410 256 1446; x_wconf 84' lang='lat'><strong><em>15</em></strong></span> <span class='ocrx_word' id='word_1_119' title='bbox 278 1406 446 1455; x_wconf 89' lang='grc' dir='ltr'><strong><em>λωται</em></strong></span> <span class='ocrx_word' id='word_1_120' title='bbox 498 1399 560 1455; x_wconf 74' lang='grc' dir='ltr'><strong><em>δὲ</em></strong></span> <span class='ocrx_word' id='word_1_121' title='bbox 611 1401 702 1454; x_wconf 86' lang='grc' dir='ltr'><strong><em>καὶ</em></strong></span> <span class='ocrx_word' id='word_1_122' title='bbox 748 1399 883 1471; x_wconf 81' lang='grc' dir='ltr'><strong><em>πρὸς</em></strong></span> <span class='ocrx_word' id='word_1_123' title='bbox 924 1401 1036 1454; x_wconf 77' lang='grc' dir='ltr'><strong><em>τῶν</em></strong></span> <span class='ocrx_word' id='word_1_124' title='bbox 1079 1393 1373 1470; x_wconf 83' lang='grc' dir='ltr'><strong><em>ἡμετέρων.</em></strong></span> <span class='ocrx_word' id='word_1_125' title='bbox 1450 1396 1589 1454; x_wconf 77' lang='grc' dir='ltr'><strong><em>ἄλλα</em></strong></span> <span class='ocrx_word' id='word_1_126' title='bbox 1629 1411 1742 1464; x_wconf 86' lang='grc' dir='ltr'><strong><em>τοῖς</em></strong></span> <span class='ocrx_word' id='word_1_127' title='bbox 1783 1397 1886 1470; x_wconf 72' lang='grc' dir='ltr'><strong><em>μὲν</em></strong></span> 
     </span>
     <span class='ocr_line' id='line_1_17' title="bbox 273 1479 1888 1556; baseline -0.001 -17"><span class='ocrx_word' id='word_1_128' title='bbox 273 1487 484 1549; x_wconf 79' lang='grc' dir='ltr'><strong><em>ἔξωθεν</em></strong></span> <span class='ocrx_word' id='word_1_129' title='bbox 515 1487 828 1556; x_wconf 76' lang='grc' dir='ltr'><strong><em>ἱστορικοῖς,</em></strong></span> <span class='ocrx_word' id='word_1_130' title='bbox 862 1479 956 1539; x_wconf 79' lang='grc' dir='ltr'><strong><em>ἅτε</em></strong></span> <span class='ocrx_word' id='word_1_131' title='bbox 979 1485 1074 1554; x_wconf 84' lang='grc' dir='ltr'><strong><em>τῆς</em></strong></span> <span class='ocrx_word' id='word_1_132' title='bbox 1098 1489 1331 1548; x_wconf 86' lang='grc' dir='ltr'><strong><em>πίστεως</em></strong></span> <span class='ocrx_word' id='word_1_133' title='bbox 1357 1481 1670 1553; x_wconf 83' lang='grc' dir='ltr'><strong><em>ἆνοικείοις,</em></strong></span> <span class='ocrx_word' id='word_1_134' title='bbox 1701 1484 1888 1539; x_wconf 83' lang='grc' dir='ltr'><strong><em>τέθει-</em></strong></span> 
     </span>
     <span class='ocr_line' id='line_1_18' title="bbox 271 1563 1887 1640; baseline -0.001 -17"><span class='ocrx_word' id='word_1_135' title='bbox 271 1591 359 1623; x_wconf 90' lang='grc' dir='ltr'><strong><em>ται</em></strong></span> <span class='ocrx_word' id='word_1_136' title='bbox 398 1568 502 1640; x_wconf 76' lang='grc' dir='ltr'><strong><em>μὲν</em></strong></span> <span class='ocrx_word' id='word_1_137' title='bbox 542 1565 601 1624; x_wconf 84' lang='grc' dir='ltr'><strong><em>τὸ</em></strong></span> <span class='ocrx_word' id='word_1_138' title='bbox 643 1566 987 1639; x_wconf 79' lang='grc' dir='ltr'><strong><em>παράδοξον,</em></strong></span> <span class='ocrx_word' id='word_1_139' title='bbox 1033 1563 1099 1623; x_wconf 77' lang='grc' dir='ltr'><strong><em>οὐ</em></strong></span> <span class='ocrx_word' id='word_1_140' title='bbox 1140 1565 1252 1639; x_wconf 85' lang='grc' dir='ltr'><strong><em>μὴν</em></strong></span> <span class='ocrx_word' id='word_1_141' title='bbox 1282 1568 1373 1622; x_wconf 86' lang='grc' dir='ltr'><strong><em>καὶ</em></strong></span> <span class='ocrx_word' id='word_1_142' title='bbox 1403 1580 1522 1634; x_wconf 88' lang='grc' dir='ltr'><strong><em>ταῖς</em></strong></span> <span class='ocrx_word' id='word_1_143' title='bbox 1552 1570 1663 1624; x_wconf 77' lang='grc' dir='ltr'><strong><em>τῶν</em></strong></span> <span class='ocrx_word' id='word_1_144' title='bbox 1693 1564 1887 1639; x_wconf 82' lang='grc' dir='ltr'><strong><em>ἡμετέ-</em></strong></span> 
     </span>
     <span class='ocr_line' id='line_1_19' title="bbox 274 1646 1887 1725; baseline 0 -18"><span class='ocrx_word' id='word_1_145' title='bbox 274 1675 390 1720; x_wconf 88' lang='grc' dir='ltr'><strong><em>ρων</em></strong></span> <span class='ocrx_word' id='word_1_146' title='bbox 433 1650 619 1725; x_wconf 78' lang='grc' dir='ltr'><strong><em>εὐχαῖς</em></strong></span> <span class='ocrx_word' id='word_1_147' title='bbox 661 1654 820 1708; x_wconf 81' lang='grc' dir='ltr'><strong><em>τοῦτο</em></strong></span> <span class='ocrx_word' id='word_1_148' title='bbox 864 1646 1197 1723; x_wconf 76' lang='grc' dir='ltr'><strong><em>ὡμολογήθη</em></strong></span> <span class='ocrx_word' id='word_1_149' title='bbox 1228 1653 1540 1723; x_wconf 78' lang='grc' dir='ltr'><strong><em>γεγονέναι·</em></strong></span> <span class='ocrx_word' id='word_1_150' title='bbox 1587 1663 1700 1716; x_wconf 88' lang='grc' dir='ltr'><strong><em>τοῖς</em></strong></span> <span class='ocrx_word' id='word_1_151' title='bbox 1732 1651 1798 1707; x_wconf 84' lang='grc' dir='ltr'><strong><em>δέ</em></strong></span> <span class='ocrx_word' id='word_1_152' title='bbox 1823 1673 1887 1721; x_wconf 90' lang='grc' dir='ltr'><strong><em>γε</em></strong></span> 
     </span>
     <span class='ocr_line' id='line_1_20' title="bbox 273 1731 1887 1811; baseline -0.001 -19"><span class='ocrx_word' id='word_1_153' title='bbox 273 1733 575 1808; x_wconf 71' lang='grc' dir='ltr'><strong><em>ἡμετέροις,</em></strong></span> <span class='ocrx_word' id='word_1_154' title='bbox 606 1734 704 1792; x_wconf 75' lang='grc' dir='ltr'><strong><em>ἅτε</em></strong></span> <span class='ocrx_word' id='word_1_155' title='bbox 734 1734 1003 1809; x_wconf 83' lang='grc' dir='ltr'><strong><em>ἀληθείας</em></strong></span> <span class='ocrx_word' id='word_1_156' title='bbox 1034 1741 1235 1808; x_wconf 82' lang='grc' dir='ltr'><strong><em>φίλοις,</em></strong></span> <span class='ocrx_word' id='word_1_157' title='bbox 1268 1733 1424 1811; x_wconf 81' lang='grc' dir='ltr'><strong><em>ἁπλῷ</em></strong></span> <span class='ocrx_word' id='word_1_158' title='bbox 1455 1736 1548 1791; x_wconf 86' lang='grc' dir='ltr'><strong><em>καὶ</em></strong></span> <span class='ocrx_word' id='word_1_159' title='bbox 1580 1731 1887 1806; x_wconf 76' lang='grc' dir='ltr'><strong><em>ἀκακοήθει</em></strong></span> 
     </span>
     <span class='ocr_line' id='line_1_21' title="bbox 210 1815 1886 1897; baseline 0.001 -24"><span class='ocrx_word' id='word_1_160' title='bbox 210 1840 251 1872; x_wconf 82' lang='lat'><strong><em>20</em></strong></span> <span class='ocrx_word' id='word_1_161' title='bbox 275 1818 460 1897; x_wconf 77' lang='grc' dir='ltr'><strong><em>τρόπῳ</em></strong></span> <span class='ocrx_word' id='word_1_162' title='bbox 485 1818 543 1876; x_wconf 82' lang='grc' dir='ltr'><strong><em>τὸ</em></strong></span> <span class='ocrx_word' id='word_1_163' title='bbox 569 1820 823 1893; x_wconf 76' lang='grc' dir='ltr'><strong><em>πραχθὲν</em></strong></span> <span class='ocrx_word' id='word_1_164' title='bbox 853 1822 1242 1890; x_wconf 89' lang='grc' dir='ltr'><strong><em>παραδέδοται.</em></strong></span> <span class='ocrx_word' id='word_1_165' title='bbox 1303 1823 1351 1875; x_wconf 86' lang='grc'><strong><em>4.</em></strong></span> <span class='ocrx_word' id='word_1_166' title='bbox 1386 1817 1599 1875; x_wconf 81' lang='grc' dir='ltr'><strong><em>τούτων</em></strong></span> <span class='ocrx_word' id='word_1_167' title='bbox 1627 1815 1680 1875; x_wconf 86' lang='grc' dir='ltr'><strong><em>δ’</em></strong></span> <span class='ocrx_word' id='word_1_168' title='bbox 1707 1815 1777 1876; x_wconf 71' lang='grc' dir='ltr'><strong><em>ἂν</em></strong></span> <span class='ocrx_word' id='word_1_169' title='bbox 1801 1827 1886 1890; x_wconf 80' lang='grc' dir='ltr'><strong><em>εἴη</em></strong></span> 
     </span>
     <span class='ocr_line' id='line_1_22' title="bbox 276 1901 1886 1979; baseline 0 -20"><span class='ocrx_word' id='word_1_170' title='bbox 276 1907 368 1960; x_wconf 86' lang='grc' dir='ltr'><strong><em>καὶ</em></strong></span> <span class='ocrx_word' id='word_1_171' title='bbox 395 1901 802 1979; x_wconf 70' lang='grc' dir='ltr'><strong><em>Ἀπολινάριος,</em></strong></span> <span class='ocrx_word' id='word_1_172' title='bbox 837 1908 889 1972; x_wconf 80' lang='grc' dir='ltr'><strong><em>ἐξ</em></strong></span> <span class='ocrx_word' id='word_1_173' title='bbox 925 1907 1142 1960; x_wconf 85' lang='grc' dir='ltr'><strong><em>ἐκείνου</em></strong></span> <span class='ocrx_word' id='word_1_174' title='bbox 1173 1902 1354 1976; x_wconf 89' lang='grc' dir='ltr'><strong><em>φήσας</em></strong></span> <span class='ocrx_word' id='word_1_175' title='bbox 1385 1902 1487 1975; x_wconf 86' lang='grc' dir='ltr'><strong><em>τὴν</em></strong></span> <span class='ocrx_word' id='word_1_176' title='bbox 1521 1901 1592 1959; x_wconf 83' lang='grc' dir='ltr'><strong><em>δι’</em></strong></span> <span class='ocrx_word' id='word_1_177' title='bbox 1632 1901 1796 1976; x_wconf 81' lang='grc' dir='ltr'><strong><em>εὐχῆς</em></strong></span> <span class='ocrx_word' id='word_1_178' title='bbox 1826 1901 1886 1959; x_wconf 85' lang='grc' dir='ltr'><strong><em>τὸ</em></strong></span> 
     </span>
     <span class='ocr_line' id='line_1_23' title="bbox 274 1985 1887 2064; baseline -0.001 -20"><span class='ocrx_word' id='word_1_179' title='bbox 274 1987 587 2058; x_wconf 82' lang='grc' dir='ltr'><strong><em>παράδοξον</em></strong></span> <span class='ocrx_word' id='word_1_180' title='bbox 619 2001 990 2061; x_wconf 84' lang='grc' dir='ltr'><strong><em>πεποιηκυῖαν</em></strong></span> <span class='ocrx_word' id='word_1_181' title='bbox 1021 1991 1264 2060; x_wconf 77' lang='grc' dir='ltr'><strong><em>λεγεῶνα</em></strong></span> <span class='ocrx_word' id='word_1_182' title='bbox 1295 1993 1507 2044; x_wconf 87' lang='grc' dir='ltr'><strong><em>οἰκείαν</em></strong></span> <span class='ocrx_word' id='word_1_183' title='bbox 1537 1992 1612 2064; x_wconf 76' lang='grc' dir='ltr'><strong><em>τῷ</em></strong></span> <span class='ocrx_word' id='word_1_184' title='bbox 1637 1985 1887 2060; x_wconf 88' lang='grc' dir='ltr'><strong><em>γεγονότι</em></strong></span> 
     </span>
     <span class='ocr_line' id='line_1_24' title="bbox 275 2070 1887 2144; baseline 0 -17"><span class='ocrx_word' id='word_1_185' title='bbox 275 2070 410 2140; x_wconf 85' lang='grc' dir='ltr'><strong><em>πρὸς</em></strong></span> <span class='ocrx_word' id='word_1_186' title='bbox 440 2077 537 2128; x_wconf 86' lang='grc' dir='ltr'><strong><em>τοῦ</em></strong></span> <span class='ocrx_word' id='word_1_187' title='bbox 570 2076 837 2142; x_wconf 84' lang='grc' dir='ltr'><strong><em>βασιλέως</em></strong></span> <span class='ocrx_word' id='word_1_188' title='bbox 870 2074 1157 2144; x_wconf 85' lang='grc' dir='ltr'><strong><em>εἰληφέναι</em></strong></span> <span class='ocrx_word' id='word_1_189' title='bbox 1188 2078 1583 2144; x_wconf 86' lang='grc' dir='ltr'><strong><em>προσηγορίαν,</em></strong></span> <span class='ocrx_word' id='word_1_190' title='bbox 1617 2094 1887 2144; x_wconf 87' lang='grc' dir='ltr'><strong><em>κεραυνο-</em></strong></span> 
     </span>
     <span class='ocr_line' id='line_1_25' title="bbox 275 2153 1887 2229; baseline 0.001 -19"><span class='ocrx_word' id='word_1_191' title='bbox 275 2154 444 2225; x_wconf 87' lang='grc' dir='ltr'><strong><em>βόλον</em></strong></span> <span class='ocrx_word' id='word_1_192' title='bbox 485 2159 550 2228; x_wconf 83' lang='grc' dir='ltr'><strong><em>τῇ</em></strong></span> <span class='ocrx_word' id='word_1_193' title='bbox 576 2153 856 2229; x_wconf 87' lang='grc' dir='ltr'><strong><em>Ῥωμαίων</em></strong></span> <span class='ocrx_word' id='word_1_194' title='bbox 899 2160 1296 2227; x_wconf 77' lang='grc' dir='ltr'><strong><em>ἐπικληθεῖσαν</em></strong></span> <span class='ocrx_word' id='word_1_195' title='bbox 1339 2160 1517 2228; x_wconf 80' lang='grc' dir='ltr'><strong><em>φωνῇ.</em></strong></span> <span class='ocrx_word' id='word_1_196' title='bbox 1587 2159 1635 2212; x_wconf 81' lang='lat'><strong><em>5.</em></strong></span> <span class='ocrx_word' id='word_1_197' title='bbox 1679 2154 1887 2228; x_wconf 76' lang='grc' dir='ltr'><strong><em>μάρτυς</em></strong></span> 
     </span>
     <span class='ocr_line' id='line_1_26' title="bbox 212 2234 1885 2311; baseline 0.002 -21"><span class='ocrx_word' id='word_1_198' title='bbox 212 2258 254 2291; x_wconf 85' lang='lat'><strong><em>25</em></strong></span> <span class='ocrx_word' id='word_1_199' title='bbox 279 2239 339 2294; x_wconf 73' lang='grc' dir='ltr'><strong><em>δὲ</em></strong></span> <span class='ocrx_word' id='word_1_200' title='bbox 368 2237 581 2295; x_wconf 81' lang='grc' dir='ltr'><strong><em>τούτων</em></strong></span> <span class='ocrx_word' id='word_1_201' title='bbox 611 2236 818 2310; x_wconf 84' lang='grc' dir='ltr'><strong><em>γένοιτ’</em></strong></span> <span class='ocrx_word' id='word_1_202' title='bbox 851 2236 920 2295; x_wconf 72' lang='grc' dir='ltr'><strong><em>ἂν</em></strong></span> <span class='ocrx_word' id='word_1_203' title='bbox 949 2237 1240 2311; x_wconf 79' lang='grc' dir='ltr'><strong><em>ἀξιόχρεως</em></strong></span> <span class='ocrx_word' id='word_1_204' title='bbox 1270 2234 1299 2295; x_wconf 80' lang='grc' dir='ltr'>ὁ</span> <span class='ocrx_word' id='word_1_205' title='bbox 1341 2247 1391 2295; x_wconf 94' lang='grc' dir='ltr'><em>Τ</em></span> <span class='ocrx_word' id='word_1_206' title='bbox 1387 2237 1772 2311; x_wconf 83' lang='grc' dir='ltr'><strong><em>ερτυλλιανὸς,</em></strong></span> <span class='ocrx_word' id='word_1_207' title='bbox 1817 2241 1885 2311; x_wconf 81' lang='grc' dir='ltr'><strong><em>τῇ</em></strong></span> 
     </span>
     <span class='ocr_line' id='line_1_27' title="bbox 269 2318 1887 2399; baseline 0 -20"><span class='ocrx_word' id='word_1_208' title='bbox 269 2318 544 2396; x_wconf 76' lang='grc' dir='ltr'><strong><em>Ῥωμαϊκῇ</em></strong></span> <span class='ocrx_word' id='word_1_209' title='bbox 585 2323 875 2399; x_wconf 80' lang='grc' dir='ltr'><strong><em>συγκλήτῳ</em></strong></span> <span class='ocrx_word' id='word_1_210' title='bbox 916 2321 1323 2395; x_wconf 84' lang='grc' dir='ltr'><strong><em>προσφωνήσας</em></strong></span> <span class='ocrx_word' id='word_1_211' title='bbox 1353 2318 1495 2395; x_wconf 74' lang='grc' dir='ltr'><strong><em>ὑπὲρ</em></strong></span> <span class='ocrx_word' id='word_1_212' title='bbox 1526 2325 1621 2394; x_wconf 77' lang='grc' dir='ltr'><strong><em>τῆς</em></strong></span> <span class='ocrx_word' id='word_1_213' title='bbox 1652 2329 1887 2390; x_wconf 84' lang='grc' dir='ltr'><strong><em>πίστεως</em></strong></span> 
     </span>
     <span class='ocr_line' id='line_1_28' title="bbox 278 2399 1887 2480; baseline 0.001 -17"><span class='ocrx_word' id='word_1_214' title='bbox 278 2403 610 2479; x_wconf 75' lang='grc' dir='ltr'><strong><em>ἀπολογίαν,</em></strong></span> <span class='ocrx_word' id='word_1_215' title='bbox 644 2399 707 2478; x_wconf 80' lang='grc' dir='ltr'><strong><em>ἧς</em></strong></span> <span class='ocrx_word' id='word_1_216' title='bbox 739 2410 830 2463; x_wconf 85' lang='grc' dir='ltr'><strong><em>καὶ</em></strong></span> <span class='ocrx_word' id='word_1_217' title='bbox 862 2405 1114 2478; x_wconf 88' lang='grc' dir='ltr'><strong><em>πρόσθεν</em></strong></span> <span class='ocrx_word' id='word_1_218' title='bbox 1147 2406 1664 2480; x_wconf 81' lang='grc' dir='ltr'><strong><em>ἐμνημονεύσαμεν,</em></strong></span> <span class='ocrx_word' id='word_1_219' title='bbox 1696 2405 1799 2479; x_wconf 81' lang='grc' dir='ltr'><strong><em>τήν</em></strong></span> <span class='ocrx_word' id='word_1_220' title='bbox 1828 2429 1887 2464; x_wconf 84' lang='grc' dir='ltr'><strong><em>τε</em></strong></span> 
     </span>
     <span class='ocr_line' id='line_1_29' title="bbox 280 2490 1887 2564; baseline 0 -18"><span class='ocrx_word' id='word_1_221' title='bbox 280 2494 529 2564; x_wconf 92' lang='grc' dir='ltr'><strong><em>ἱστορίαν</em></strong></span> <span class='ocrx_word' id='word_1_222' title='bbox 569 2495 815 2563; x_wconf 79' lang='grc' dir='ltr'><strong><em>βεβαιῶν</em></strong></span> <span class='ocrx_word' id='word_1_223' title='bbox 846 2490 956 2547; x_wconf 81' lang='grc' dir='ltr'><strong><em>σύν</em></strong></span> <span class='ocrx_word' id='word_1_224' title='bbox 987 2490 1266 2558; x_wconf 74' lang='grc' dir='ltr'><strong><em>ἀποδείξει</em></strong></span> <span class='ocrx_word' id='word_1_225' title='bbox 1297 2499 1503 2563; x_wconf 79' lang='grc' dir='ltr'><strong><em>μείζονι</em></strong></span> <span class='ocrx_word' id='word_1_226' title='bbox 1534 2492 1625 2548; x_wconf 88' lang='grc' dir='ltr'><strong><em>καὶ</em></strong></span> <span class='ocrx_word' id='word_1_227' title='bbox 1658 2493 1887 2562; x_wconf 85' lang='grc' dir='ltr'><strong><em>ἐναργε-</em></strong></span> 
     </span>
     <span class='ocr_line' id='line_1_30' title="bbox 279 2566 1886 2649; baseline -0.001 -19"><span class='ocrx_word' id='word_1_228' title='bbox 279 2576 458 2649; x_wconf 79' lang='grc' dir='ltr'><strong><em>στέρᾳ.</em></strong></span> <span class='ocrx_word' id='word_1_229' title='bbox 522 2580 571 2633; x_wconf 83' lang='grc'><strong><em>6.</em></strong></span> <span class='ocrx_word' id='word_1_230' title='bbox 599 2574 799 2648; x_wconf 77' lang='grc' dir='ltr'><strong><em>γράφει</em></strong></span> <span class='ocrx_word' id='word_1_231' title='bbox 830 2575 878 2632; x_wconf 88' lang='grc' dir='ltr'><strong><em>δ’</em></strong></span> <span class='ocrx_word' id='word_1_232' title='bbox 911 2566 1012 2632; x_wconf 73' lang='grc' dir='ltr'><strong><em>οὖν</em></strong></span> <span class='ocrx_word' id='word_1_233' title='bbox 1030 2577 1120 2631; x_wconf 83' lang='grc' dir='ltr'><strong><em>καὶ</em></strong></span> <span class='ocrx_word' id='word_1_234' title='bbox 1149 2573 1310 2642; x_wconf 80' lang='grc' dir='ltr'><strong><em>αὐτὸς</em></strong></span> <span class='ocrx_word' id='word_1_235' title='bbox 1329 2578 1507 2649; x_wconf 88' lang='grc' dir='ltr'><strong><em>λέγων</em></strong></span> <span class='ocrx_word' id='word_1_236' title='bbox 1531 2573 1771 2647; x_wconf 74' lang='grc' dir='ltr'><strong><em>Μάρκου</em></strong></span> <span class='ocrx_word' id='word_1_237' title='bbox 1787 2578 1886 2630; x_wconf 84' lang='grc' dir='ltr'><strong><em>τοῦ</em></strong></span> 
     </span>
     <span class='ocr_line' id='line_1_31' title="bbox 214 2658 1931 2737; baseline -0.001 -22"><span class='ocrx_word' id='word_1_238' title='bbox 214 2676 256 2708; x_wconf 82' lang='grc'><strong><em>30</em></strong></span> <span class='ocrx_word' id='word_1_239' title='bbox 278 2658 658 2717; x_wconf 79' lang='grc' dir='ltr'><strong><em>συνετωτάτου</em></strong></span> <span class='ocrx_word' id='word_1_240' title='bbox 675 2663 940 2731; x_wconf 87' lang='grc' dir='ltr'><strong><em>βασιλέως</em></strong></span> <span class='ocrx_word' id='word_1_241' title='bbox 960 2659 1245 2727; x_wconf 77' lang='grc' dir='ltr'><strong><em>ἐπιστολὰς</em></strong></span> <span class='ocrx_word' id='word_1_242' title='bbox 1272 2663 1437 2717; x_wconf 83' lang='grc' dir='ltr'><strong><em>εἰσέτι</em></strong></span> <span class='ocrx_word' id='word_1_243' title='bbox 1461 2662 1568 2717; x_wconf 83' lang='grc' dir='ltr'><strong><em>νῦν</em></strong></span> <span class='ocrx_word' id='word_1_244' title='bbox 1591 2661 1885 2734; x_wconf 87' lang='grc' dir='ltr'><strong><em>φέρεσθαι,</em></strong></span> <span class='ocrx_word' id='word_1_245' title='bbox 1918 2733 1931 2737; x_wconf 18' lang='lat'><strong><em>,⁷</em></strong></span> 
     </span>
    </p>
   </div>
   <div class='ocr_carea' id='block_1_3' title="bbox 296 2787 484 2790">
    <p class='ocr_par' dir='ltr' id='par_1_3' title="bbox 296 2787 484 2790">
     <span class='ocr_line' id='line_1_32' title="bbox 296 2787 484 2790; baseline 0 0"><span class='ocrx_word' id='word_1_246' title='bbox 296 2787 484 2790; x_wconf 95' lang='lat' dir='ltr'><strong><em> </em></strong></span> 
     </span>
    </p>
   </div>
   <div class='ocr_carea' id='block_1_4' title="bbox 392 2853 906 2906">
    <p class='ocr_par' dir='ltr' id='par_1_4' title="bbox 392 2853 906 2906">
     <span class='ocr_line' id='line_1_33' title="bbox 392 2853 906 2906; baseline 0.002 -14"><span class='ocrx_word' id='word_1_247' title='bbox 392 2855 445 2894; x_wconf 72' lang='lat'><strong><em>25</em></strong></span> <span class='ocrx_word' id='word_1_248' title='bbox 477 2853 670 2894; x_wconf 80' lang='lat' dir='ltr'><strong>Tertull.</strong></span> <span class='ocrx_word' id='word_1_249' title='bbox 703 2853 832 2906; x_wconf 87' lang='lat' dir='ltr'><strong>Apol.</strong></span> <span class='ocrx_word' id='word_1_250' title='bbox 867 2855 906 2893; x_wconf 84' lang='lat'><strong><em>5.</em></strong></span> 
     </span>
    </p>
   </div>
  </div>
 </body>
</html>
