1986 3152
248 80 351 132 236
924 76 1168 118 EUSEBII

248 193 398 251 ῶσάν
437 193 672 266 ἀρχαίαν
713 197 769 249 οἱ
807 190 1006 264 ταύτης
1046 189 1255 262 ἤθελον
1307 194 1620 263 εἰσηγηταὶ,
1676 190 1860 249 πολλοὶ

246 279 336 334 καὶ
375 275 514 333 ἄλλα
557 282 633 341 εἰς
677 281 901 347 ἔλεγχον
943 271 1128 331 αὐτῶν
1156 280 1251 346 τῆς
1282 274 1615 347 βλασφήμου
1645 281 1852 349 ψευδη-

246 369 431 460 γορίας
483 361 757 461 παραθεὶς
797 357 825 415 ὁ
869 356 1028 431 λόγος
1067 360 1240 414 ταῦτα
1280 357 1418 414 κατὰ
1459 360 1607 426 λέξιν
1649 363 1863 431 ἱστορεῖ·

245 439 329 501 3.
334 440 492 515 φασὶ
523 467 628 517 γαρ
659 443 785 508 τοὺς
815 465 918 515 μεν
941 443 1240 516 προτέρους
1264 440 1509 508 ἅπαντας
1533 444 1624 499 καὶ
1649 439 1861 510 αὐτούς

202 550 221 579 5

234 525 401 629 :tofis
445 525 781 593 ἀποστόλους
827 528 1224 600 παρειληφέναι
1267 549 1326 583 τε
1369 527 1459 582 καὶ
1502 529 1862 600 δεδιδαχέναι

234 607 475 683 ‘zafitoc,
529 608 564 666 ἂ
606 615 712 668 νῦν
755 603 903 668 οὗτοι
944 611 1196 683 λέγουσι,
1244 611 1336 667 καὶ
1375 612 1713 684 τετηρῆσθαι
1751 609 1863 683 τὴν

235 692 548 767 “ἀλη’θειαν
598 700 696 752 τοῦ
748 693 1095 768 κηρύγματος
1139 697 1297 768 μέχρι
1336 697 1447 751 τῶν
1488 693 1704 767 χρόνων
1743 698 1865 753 τῶν

234 777 565 853 “Βίκτορος,
626 777 686 846 ὃς
738 771 808 851 ἦν
859 781 1307 881 τρισκαιδέκατος
1359 775 1470 835 ἀπὸ
1522 781 1742 853 Πέτρου
1795 782 1866 837 έν·

237 859 292 879 “C

183 969 223 999 10

292 862 454 936 Ρῶμῃ
497 867 822 934 ἐπίσκοπος,
863 861 973 919 ἀπὸ
1017 863 1079 919 δε
1118 868 1218 920 τοῦ
1253 861 1521 935 διαδόχου
1553 859 1724 920 αὐτοῦ
1752 871 1856 920 Ζε-

237 942 519 1049 ἶφυρίνου
562 946 1050 1020 παρακεχαράχθαι
1091 945 1193 1018 τὴν
1237 945 1523 1018 ἀλήθειαν.
1592 951 1642 1005 4
1687 939 1757 1019 ἦν
1799 947 1852 1004 δ’

237 1027 345 1088 “biv
375 1032 543 1103 τυχὸν
573 1029 822 1088 πιθανὸν
852 1031 911 1088 τὸ
943 1030 1270 1103 λεγόμενον,
1316 1037 1367 1087 εἰ
1394 1030 1468 1103 μὴ
1499 1033 1723 1103 πρῶτον
1751 1055 1856 1104 μεν

237 1109 610 1171 “ἀντέπιπτου
647 1113 835 1182 αὐτοις
877 1139 933 1171 αι
974 1125 1126 1172 θεῖαι
1167 1121 1393 1187 γραφαί.
1467 1116 1557 1170 καὶ
1593 1111 1865 1187 ἀδελφῶν

236 1194 342 1253 “δέ
379 1222 548 1255 τινων
595 1200 708 1255 ἐστὶ
748 1197 1040 1272 γράμματα
1071 1197 1421 1273 πρεσβύτερα
1452 1202 1564 1255 τῶν
1594 1203 1866 1272 Βίκτορος-

237 1277 518 1354 ς’χρόνων,
563 1278 598 1338 ἀ
629 1286 830 1339 ἐκεῖνοι
860 1282 995 1354 πρὸς
1025 1280 1090 1339 τά
1122 1289 1263 1354 ἔθνη
1293 1280 1435 1356 ὑπὲρ
1466 1284 1561 1354 τῆς
1592 1280 1866 1354 ἀληθείας

246 1361 275 1381 ee

187 1387 225 1418 15

282 1367 372 1421 καὶ
413 1364 548 1439 πρὸς
585 1365 680 1433 τὰς
710 1364 832 1423 τότε
862 1368 1100 1440 αἱρέσεις
1132 1371 1411 1440 ἔγραψαν,
1458 1368 1599 1438 λέγω
1633 1366 1694 1423 δὲ
1716 1364 1860 1424 Ἰου-

238 1445 465 1507 “στίνου
505 1452 595 1506 καὶ
628 1449 944 1508 Μιλτιάδου
975 1452 1067 1508 καὶ
1107 1455 1381 1508 Τατιανοῦ
1412 1452 1505 1507 καὶ
1537 1448 1867 1524 Κλήμεντος·

237 1531 370 1590 “uoci
414 1535 618 1606 ἑτέρων
658 1533 962 1608 πλειόνων,
1010 1538 1069 1592 ἐν
1110 1531 1191 1602 οἷς
1231 1531 1402 1592 ἅπασι
1441 1542 1788 1607 θεολογεῖται
1826 1532 1856 1592 ὃ

240 1613 522 1690 “Χριστός.
608 1623 655 1675 5.
699 1617 764 1675 τά
805 1619 910 1692 γὰρ
950 1625 1258 1693 Εἰρηναίου
1299 1642 1358 1676 τε
1399 1620 1492 1676 καὶ
1533 1624 1867 1687 Μελίτωνος·

240 1698 367 1758 “nal
394 1705 506 1759 τῶν
537 1707 746 1760 λοιπῶν
777 1710 858 1771 τίς
888 1700 1082 1776 ἀγνοεῖ
1108 1710 1318 1776 βιβλία,
1343 1701 1483 1761 θεὸν
1513 1705 1604 1760 καὶ
1635 1700 1863 1776 ἅνθρω-

182 1804 223 1836 20
239 1783 268 1804 Ν

278 1808 385 1844 πον
437 1789 876 1859 καταγγέλλοντα
926 1788 1023 1845 τὸν
1064 1787 1333 1857 Χριστόν;
1386 1790 1591 1860 ψαλμοὶ
1638 1788 1697 1844 δὲ
1738 1786 1866 1845 ὅσοι.

239 1865 366 1927 “nal
400 1869 540 1947 ᾠδαὶ
571 1871 838 1943 ἀδελφῶν
867 1869 964 1928 ἀπ’
995 1869 1166 1944 ἀρχῆς
1189 1870 1298 1928 ὑπὸ
1323 1876 1535 1929 πιστῶν
1557 1885 1866 1945 γραφεῖσαι.

237 1950 370 2010 “τόν
420 1954 587 2027 λόγον
634 1962 731 2013 τοῦ
783 1959 925 2013 θεοῦ
968 1954 1063 2013 τὸν
1103 1955 1345 2029 Χριστὸν
1385 1952 1626 2029 ὑμνοῦσι
1666 1964 1866 2014 θεολο-

239 2031 270 2055 ‘e

280 2040 522 2107 γοῦντες.
594 2044 642 2096 6.
689 2042 804 2106 πῶς
847 2032 948 2096 οῦν
992 2043 1051 2096 ἐκ
1081 2040 1360 2098 τοσούτων
1392 2044 1530 2097 ἐτῶν
1559 2048 1858 2112 καταγγελ·

241 2115 514 2193 ’Ἳομένου
556 2125 657 2178 τοῦ
701 2126 1151 2195 ἐκκλησιαστικοῦ
1192 2122 1542 2196 φρονήματος
1581 2127 1859 2197 ἐνδέχεται

183 2202 268 2253 25<1

278 2204 404 2270 τοὺς
436 2207 592 2277 μέχρι
622 2212 882 2277 Βίκτορος
913 2204 1106 2277 οὕτως,
1140 2205 1211 2274 ῶς
1243 2198 1394 2264 οῦτοι
1425 2210 1668 2279 λέγουσι,
1701 2231 1866 2280 κεκη-

240 2284 533 2361 “ρυχέναι;
599 2292 714 2355 πῶς
768 2291 827 2347 δὲ
879 2289 981 2347 οὐκ
1033 2296 1321 2349 αἰδοῦνται
1372 2294 1545 2348 ταῦτα
1596 2297 1868 2364 Βίκτορος

239 2366 759 2444 “καταψευ’δεσθαι,
807 2373 1048 2448 ἀκριβῶς
1093 2374 1299 2442 εἰδότες
1341 2373 1423 2432 ὅτι
1464 2382 1681 2450 Βίκτωρ
1726 2375 1862 2434 Θεό·

240 2451 444 2513 “δοτον
482 2456 578 2514 τὸν
619 2460 850 2529 σκυτέα,
891 2458 987 2516 τὸν
1028 2455 1270 2532 ἀρχηγὸν
1300 2461 1390 2516 καὶ
1422 2463 1628 2534 πατέρα
1658 2458 1864 2532 ταύτης

236 2537 371 2612 “τῆς
413 2539 754 2613 ἀρνησιθέου
785 2540 1153 2615 ἀποστασίας,
1196 2541 1506 2618 ἀπεκήρυξε
1536 2547 1633 2616 τῆς
1664 2567 1865 2601 κοινω-

182 2639 223 2671 30
242 2621 271 2642 (Ὗ

281 2630 423 2697 νίας,
457 2629 675 2698 πρῶτον
702 2625 926 2683 εἰπόντα
952 2626 1115 2694 ψιλὸν
1138 2625 1444 2699 ἄνθρωπον
1466 2626 1563 2686 τὸν
1586 2625 1857 2702 Χριστόν;

239 2702 329 2764 “sl
369 2707 474 2780 γὰρ
517 2715 731 2781 Βίκτωρ
783 2707 904 2767 κατ’
949 2710 1148 2779 αὐτούς
1193 2710 1368 2778 οὕτως
1423 2710 1648 2786 ἐφρόνει
1700 2707 1771 2778 ῶς
1823 2706 1863 2783 ἦ

238 2787 488 2849 δ’τούτων
522 2791 771 2851 διδάσκει
802 2801 1145 2868 βλασφημία,
1177 2799 1292 2862 πῶς
1323 2793 1394 2854 ἂν
1417 2794 1694 2869 ἀπέβαλλε
1720 2793 1862 2853 Θεό-
