1986 3152
629 123 787 167 HIST.
818 121 1066 164 ECCLES.
1099 123 1154 164 x.
1185 124 1226 166 4.
1637 123 1742 175 465

133 245 265 298 σίαν
295 238 633 312 ἀγαγόντος,
666 239 759 295 καὶ
788 238 956 312 τήνδε
979 233 1182 312 ὁμοίως
1211 242 1326 296 τῶν
1356 245 1462 297 τοῦ
1494 247 1741 316 σωτῆρος

136 327 472 398 οἰκονομιῶν
518 322 898 397 ἐπαύρασθαι·
954 323 1037 381 ὅτι
1082 323 1150 396 δὴ
1196 325 1289 380 καὶ
1332 324 1548 382 τούτων
1592 326 1739 383 πολύ

133 414 423 482 κρείττονα
454 412 708 480 λαβοῦσα
738 406 874 482 παρ’
909 405 1086 465 αὐτοῦ
1115 406 1218 480 τὴν
1251 410 1608 483 ἐπαγγελίαν,
1638 410 1742 484 τὴν

135 492 279 550 πολύ
313 499 536 567 μείζονα
567 493 736 560 δόξαν
766 498 862 566 τῆς
894 498 1320 564 παλιγγενεσίας
1353 496 1413 550 ἐν
1444 492 1740 569 ἀφθάρτου

135 577 389 650 σώματος
421 575 718 634 ἀναστάσει
748 576 885 650 μετὰ
925 577 1110 651 φωτὸς
1142 575 1398 649 ἀγγέλων
1427 585 1647 653 χορείας
1681 583 1741 637 έν
1766 605 1784 635 5

133 675 251 729 τοῖς
275 660 535 736 οὐρανῶν
561 663 812 718 ἐπέκεινα
844 667 944 718 τοῦ
967 667 1110 718 θεοῦ
1131 667 1427 733 βασιλείοις
1453 662 1564 720 σύν
1588 662 1741 741 αὐτῷ

137 752 356 824 Χριστῷ
383 743 570 819 Ἰησοῦ
609 749 686 821 τῷ
719 748 1098 820 πανευεργέτῃ
1129 747 1224 802 καὶ
1265 752 1471 821 σωτῆρι
1502 753 1742 820 διαρκῶς

136 833 228 888 ἐπὶ
258 830 390 896 τούς
422 833 544 903 ἑξῆς
567 835 774 896 αἰῶνας
798 829 1104 900 ἀπολαβεῖν
1128 839 1312 887 ποθεῖ.
1359 835 1444 888 47.
1470 830 1610 889 ἄλλα
1633 833 1742 940 γὰρ

134 917 270 982 τέως
314 916 404 971 ἐπὶ
443 938 543 971 του
587 913 862 986 παρόντος
914 915 1128 980 τούτοις
1172 910 1206 986 ἡ
1252 914 1422 972 παλαι
1466 916 1607 990 χήρα
1651 919 1743 973 καὶ

135 1005 336 1073 ἕρημος
366 1003 509 1055 θεοῦ
538 998 718 1072 χάριτι
747 1004 1147 1073 περιβληθεισα
1186 1012 1301 1065 τοῖς
1332 998 1534 1057 ἄνθεσι
1577 1001 1741 1073 γέγο-

138 1107 238 1141 νεν
270 1082 500 1156 αληθῶς
541 1078 615 1150 ῶς
647 1090 871 1158 κρίνον,
917 1077 955 1156 ᾗ
994 1102 1169 1156 φησιν
1208 1081 1242 1156 ἡ
1274 1091 1612 1185 προφητεία,
1652 1087 1745 1142 καὶ

140 1167 250 1241 τὴν
280 1167 572 1241 νυμφικὴν
601 1164 965 1240 αναλαβοῦσα
1006 1169 1228 1242 στολήν,
1268 1167 1368 1226 τόν
1406 1192 1465 1225 τε
1506 1174 1602 1242 τῆς
1644 1167 1739 1227 εὐ·

138 1257 404 1327 πρεπείας
449 1255 786 1326 περιθεμένη
833 1254 1137 1325 στέφανον,
1196 1249 1286 1310 οἶα
1340 1253 1594 1327 χορεύειν
1650 1253 1746 1310 διὰ

128 1332 366 1395 ςἨσαΐου
398 1337 750 1410 παιδεύεται,
793 1338 861 1394 τα
891 1338 1213 1411 χαριστήρια
1252 1343 1330 1414 τῷ
1370 1343 1592 1408 βασιλεῖ
1625 1343 1745 1415 θεῷ

132 1435 354 1495 ’φωναῖς
387 1418 655 1495 εὐφήμοις
685 1429 1054 1497 γεραίρουσα,
1098 1418 1270 1495 αύτῆς
1301 1421 1574 1495 λεγούσης
1608 1425 1744 1480 ε’πα-

135 1506 432 1580 κούσωμεν
471 1511 555 1563 48.
584 1502 980 1578 “οέγαλλιοὲσθω
1020 1503 1053 1580 ἡ
1086 1507 1240 1579 ψυχή
1267 1530 1376 1579 μου
1411 1508 1502 1564 ἐπὶ
1530 1512 1609 1584 τῷ
1639 1531 1746 1564 κυ-

137 1597 266 1668 ρίῳ·
312 1594 543 1648 ἐνέδυσε
577 1592 684 1664 γα’ρ
725 1615 793 1665 με
834 1591 1053 1665 ἱμάτιον
1095 1597 1371 1665 σωτηρίου
1414 1593 1509 1648 καὶ
1538 1597 1747 1665 χιτῶνα

137 1674 524 1750 εὐφροσύνης·
570 1678 870 1750 περιέθηκέ
902 1699 994 1749 μοι
1025 1674 1098 1743 ῶς
1129 1684 1359 1753 νυμφίῳ
1390 1683 1612 1751 μίτραν,
1654 1677 1747 1734 καὶ

138 1755 215 1827 ῶς
267 1761 501 1834 νύμφην
551 1761 935 1834 κατεκόσμησέ
975 1784 1044 1835 με
1094 1760 1314 1837 κόσμῳ,
1366 1761 1460 1818 καὶ
1514 1756 1588 1827 ῶς
1639 1765 1748 1833 γῆν

136 1844 428 1913 αὔξουσαν
457 1845 518 1902 τὸ
551 1846 726 1912 ἄνθος
758 1845 958 1919 αὐτῆς·
1000 1847 1094 1902 καὶ
1137 1841 1213 1912 ῶς
1253 1851 1426 1919 κῆπος
1470 1844 1538 1902 τοὶ
1572 1846 1746 1919 σπέρ-
1769 1869 1787 1900 2

135 1953 283 2002 ματα
313 1928 490 1987 αὐτοῦ
520 1929 803 2003 ἄνατελεῖ,
837 1929 1016 1996 οὕτως
1058 1930 1248 2003 κύριος
1278 1930 1471 2005 κύριος
1502 1929 1748 1987 ἀνέτειλε

138 2014 506 2087 δικαιοσύνην
559 2016 654 2071 καὶ
709 2014 1026 2089 ἀγαλλιάμα
1073 2014 1310 2072 ἐντόπιον
1364 2014 1591 2071 πάντων
1634 2019 1748 2071 τῶν

139 2095 375 2157 ἐθνῶν.”
421 2103 505 2156 49.
537 2100 753 2167 τούτοις
782 2100 887 2174 μὲν
918 2103 1026 2156 οὐν
1057 2123 1197 2172 αυτη
1226 2099 1470 2203 χορεύει·
1514 2103 1648 2165 οἵοις
1685 2098 1748 2155 δε

137 2185 232 2240 καὶ
262 2182 291 2242 ὁ
325 2190 568 2258 νυμφίος
599 2184 763 2256 λόγος
795 2184 823 2242 ὁ
849 2207 1139 2258 ουρανιος,
1173 2181 1341 2251 αύτὸς
1366 2182 1581 2256 Ἰησοῦς
1606 2191 1748 2255 Χρι-

1770 1029 1807 1056 10

1769 1447 1808 1478 15

140 2268 269 2334 στός
313 2265 490 2341 αυτὴν
531 2267 842 2342 αμείβεται,
888 2292 1058 2326 ακουε
1098 2271 1357 2340 λέγοντος
1398 2274 1600 2342 κυρίου
1654 2263 1746 2340 (μὴ
1771 2290 1812 2320 25

138 2358 326 2425 φοβοῦ
366 2353 450 2410 ότι
489 2353 914 2428 κατῃσχύνθης,
957 2355 1098 2426 μηδε
1146 2357 1426 2428 έντραπῇς
1472 2352 1556 2410 ὅτι
1587 2348 1749 2409 ῶνει-

139 2441 368 2509 δίσθης·
402 2437 485 2494 ὅτι
517 2438 794 2511 αἰσχύνην
824 2439 1055 2496 αἰώνιον
1098 2438 1361 2512 ἐπιλήσῃ,
1405 2438 1498 2494 καὶ
1538 2436 1749 2502 ὄνειδος

140 2527 237 2593 τῆς
268 2528 492 2596 χηρείας
524 2539 626 2578 σου
663 2520 730 2579 οὐ
763 2522 839 2596 μή
871 2523 1188 2597 μνησθήσῃ.
1265 2521 1366 2595 οὐχ
1399 2518 1477 2589 ῶς
1506 2533 1750 2592 γυναῖκα

142 2607 715 2680 ε’γκαταλελειμμένην
756 2608 850 2663 καὶ
892 2605 1239 2680 ὀλιγόψυχον
1281 2607 1516 2678 κέκληκέ
1552 2623 1613 2661 σε
1643 2603 1750 2660 κύ-

81 2696 94 2707 “
142 2714 288 2764 ριος,
342 2689 470 2748 οὐδ’
521 2690 594 2758 ῶς
645 2704 889 2763 γυναῖκα
943 2694 1002 2748 ἐκ
1052 2691 1308 2764 νεότητος
1351 2690 1747 2764 μεμισημένην,
1772 2711 1812 2742 30

259 2889 319 2928 16·
341 2888 429 2927 Ies.
465 2889 532 2937 61,
569 2889 632 2928 10.
750 2887 802 2925 26
834 2888 922 2927 Ies.
955 2887 1024 2935 54,
1056 2887 1094 2928 4.

228 2970 457 3000 EUSEBIUS
484 2971 547 2999 XV.
1429 2951 1497 3003 30
