2032 3174
523 114 680 155 ms‘r.
710 113 966 156 ECCLET.
998 114 1060 155 11.
1094 115 1162 154 11.
1196 115 1263 154 12.
1630 111 1701 163 59

77 230 503 305 τοῦόνόματος,
546 226 580 304 ἢ
612 232 706 288 καὶ
746 236 1054 303 διωνυμίας
1085 231 1211 304 περὶ
1241 227 1339 288 τὸν
1369 226 1568 302 αὐτὸν,
1610 226 1700 287 οἷα

86 320 179 376 καὶ
210 319 336 392 περὶ
365 315 635 388 πολλοὺς,
669 316 1052 389 γεγενημένης.

212 413 291 462 Χι.
350 411 478 478 [Nic.
508 412 565 461 H.
595 413 648 462 E.
680 412 735 469 11,
770 410 875 477 11.]
943 397 1090 457 Ἐπεὶ
1125 399 1186 456 δὲ
1220 397 1389 456 πάλιν
1419 397 1447 456 ὁ
1480 399 1701 468 Λουκᾶς

87 491 150 544 ἐν
179 501 299 552 ταῖς
330 483 612 557 Πράξεσιν
653 484 861 557 εἰσάγει
903 483 1000 542 τὸν
1038 483 1326 558 Γαμαλιὴλ
1370 487 1431 540 ἐν
1474 486 1544 557 τῇ
1574 485 1703 557 περὶ

78 575 196 629 τῶν
226 569 552 628 ἀποστόλων
581 572 773 638 σκέψει
808 571 1038 640 λέγοντα
1071 565 1143 635 ὥς
1174 566 1281 642 ἄρα
1311 566 1448 625 κατὰ
1477 565 1574 626 τὸν
1607 572 1701 640 δη·
1725 592 1745 625 5

80 654 359 729 λούμενον
388 653 590 729 χρόνον
619 651 822 726 ἀνέστη
848 655 1085 725 Θευδᾶς,
1117 655 1296 725 λέγω-ν
1328 652 1526 710 ἑαυτὸν
1559 651 1704 710 εἶναι

81 739 229 811 τινὰ,
261 737 321 805 ὃς
350 737 655 811 κατελύθη,
688 740 779 795 καὶ
803 736 1006 804 πάντες
1029 735 1148 794 ὅσοι
1184 740 1530 810 ἐπείσθησαν
1554 734 1706 814 αὐτῷ

84 822 459 896 διελύθησαν,
502 824 639 897 φέρε
669 825 761 879 καὶ
791 821 893 895 τὴν
924 823 1049 895 περὶ
1081 819 1281 878 τούτου
1313 820 1704 895 παραθεόμεθα

80 913 182 965 τοῦ
206 906 474 979 Ἰωσήπου
507 905 743 981 γραφήν.
802 912 1011 979 ἱστορεῖ
1030 911 1225 964 τοίνυν
1256 898 1424 972 αὖθις
1449 903 1584 962 κατὰ
1608 903 1704 962 τὸν

77 990 283 1065 ἀρτίως
317 993 706 1065 δεδηλωμένον
729 988 901 1049 αυτοῦ
925 990 1092 1064 λόγον
1110 989 1249 1048 αὐτὰ
1276 989 1344 1063 δὴ
1362 996 1534 1048 ταῦτα
1565 987 1703 1047 κατὰ
1726 1015 1765 1048 10

87 1072 270 1144 λέξιν
273 1074 492 1134 Φάδου
533 1078 595 1133 δε
635 1082 730 1149 τῆς
755 1075 1027 1142 Ἰουδαίας
1073 1074 1531 1148 ἐπιτροπεύοντος
1572 1074 1703 1147 γόης

71 1159 197 1226 “ug
221 1157 384 1233 ἀνὴρ,
412 1158 678 1228 Θευδᾶς’
651 1159 897 1235 ονόματι,
923 1166 1112 1219 πείθει
1136 1160 1232 1217 τὸν
1255 1168 1515 1217 πλειστον
1539 1157 1704 1232 όχλον

70 1241 466 1317 “ἀναλαβόντα
496 1244 591 1312 τάς
623 1244 841 1318 κτήσεις
874 1249 1110 1303 ε’πεσθαι
1135 1243 1271 1319 πρὸς
1294 1243 1390 1302 τὸν
1414 1242 1704 1317 Ἰορδάνην

68 1327 362 1402 “ποταμόν
404 1326 570 1406 αὐτῷ.
655 1330 940 1404 προφήτης
991 1329 1096 1402 γὰρ
1151 1337 1339 1402 ἔλεγεν
1388 1329 1558 1400 εἶναι,
1612 1329 1704 1384 καὶ

77 1409 492 1486 “προστάγματι
522 1411 618 1471 τὸν
648 1413 895 1486 ποταμὸν
935 1421 1127 1486 σχίσας
1162 1419 1353 1471 δίοδον
1392 1418 1498 1486 ἔφη
1531 1414 1703 1486 παρέ-
1726 1437 1766 1470 15

72 1493 231 1566 “ξειν
262 1495 448 1564 αὐτοῖς
480 1501 696 1573 ῥᾳδίαν.
759 1501 849 1555 καὶ
880 1502 1052 1555 ταῦτα
1084 1501 1262 1570 λέγων
1293 1495 1530 1563 πολλοὺς
1561 1495 1706 1569 ἠπά-

75 1580 298 1653 ((τησεν.
343 1586 389 1638 3.
424 1578 492 1639 οὐ
521 1580 632 1654 μὴν
657 1592 843 1640 εἴασεν
867 1581 1070 1648 αὐτοὺς
1093 1586 1187 1654 τῆς
1219 1579 1540 1655 ἀφροσύνης
1572 1579 1705 1638 ὄνα-

73 1661 254 1723 “σθαι
275 1663 477 1737 Φάδος,
503 1663 626 1723 ἀλλ’
658 1670 962 1740 ἐξέπεμψεν
988 1675 1113 1739 ἴλην
1138 1669 1352 1723 ἱππέων
1378 1662 1702 1737 έπάὐτοὺς,

75 1746 235 1823 “fine
265 1748 675 1824 ἀπροσδόκητος
710 1753 1052 1808 ἐπιπεσοῦσα
1098 1749 1335 1816 πολλοὺς
1365 1751 1467 1823 μὲν
1498 1747 1704 1820 ἀνεῖλε,

78 1830 356 1901 “πολλοὺς
404 1835 465 1892 δὲ
505 1839 710 1904 ζῶντας
751 1842 975 1908 ἔλαβεν·
1036 1832 1208 1892 αὐτόν
1251 1858 1310 1891 τε
1351 1832 1448 1891 τὸν
1481 1837 1705 1891 Θευδᾶν
1728 1859 1768 1890 2ο

76 1913 497 1993 ς’ζωγρήσαντες
530 1917 901 1994 ἀποτέμνουσι
931 1919 1032 1993 τὴν
1063 1917 1313 1992 κεφαλὴν
1335 1921 1426 1975 καὶ
1457 1923 1705 1991 κομίζου-

73 2000 209 2059 “cuv
264 2009 339 2070 εἰς
364 2003 769 2078 Ἱεροσόλυμα.”
852 2003 1066 2071 τούτοις
1121 2007 1241 2078 ἑξῆς
1294 2005 1384 2061 καὶ
1428 2007 1527 2059 τοῦ
1568 1999 1705 2059 κατά

91 2086 377 2146 Κλαύδιον
407 2095 569 2162 λιμοῦ
602 2091 905 2162 γενομένου
936 2088 1274 2163 μνημονεύει
1306 2080 1420 2145 οἶδέ
1445 2102 1586 2154 πως·

217 2182 315 2232 XII.
375 2183 502 2250 [Nic.
530 2186 587 2234 H.
617 2185 671 2234 E.
700 2185 755 2243 ΙΙ,
789 2184 890 2251 11.]
925 2171 1084 2232 ε’Ἐπὶ
1123 2172 1338 2239 τούτοις
1385 2173 1445 2230 δὲ
1486 2174 1578 2229 καὶ
1609 2168 1705 2228 τὸν

117 2258 292 2328 μέγαν
336 2256 496 2329 λιμὸν
534 2257 670 2315 κατὰ
715 2258 816 2332 τὴν
840 2257 1120 2316 Ἰουδαίαν
1162 2259 1701 2330 συνέβη-γενέσθαι,
1726 2280 1767 2312 25

76 2337 251 2397 ((καθ’
295 2336 361 2398 ὃν
399 2344 491 2399 καὶ
529 2342 564 2416 ἡ
605 2349 902 2416 βασίλισσα
925 2343 1115 2416 Ἑλένη
1147 2346 1369 2400 πολλῶν
1411 2340 1705 2415 χρημάτων

81 2421 452 2498 “ὠνησαμένη
493 2441 648 2486 σῖτον
691 2425 798 2486 ἀπὸ
837 2432 932 2501 τῆς
973 2427 1265 2500 Αἰγύπτου
1308 2430 1547 2498 διένειμε
1591 2436 1704 2490 τοῖς

77 2502 573 2582 τ“ι>ἰπορουμι,τ’νοις.”
636 2517 671 2567 2
700 2512 976 2586 σύμφωνα
1010 2509 1063 2569 δ’
1097 2507 1168 2570 ἂν
1201 2509 1386 2584 εὕροις
1417 2512 1507 2568 καὶ
1533 2514 1705 2567 ταῦτα

85 2595 155 2664 τῇ
186 2596 299 2649 τῶν
329 2592 599 2666 Πράξεων
627 2599 739 2653 τῶν
768 2595 1093 2655 ἀποστόλων
1121 2599 1339 2671 γραφῇ,
1372 2591 1703 2669 περιεχούσῃ

75 2253 110 2275 Ὺ(

203 2818 228 2855 3
259 2815 362 2856 Aet.
385 2818 423 2864 5,
446 2817 513 2860 36.
653 2820 702 2858 11
736 2818 917 2871 Ioseph.
941 2819 992 2859 A.
1017 2818 1174 2869 LXX,
1199 2820 1237 2867 5,
1265 2820 1301 2859 1.
1432 2817 1487 2855 24
1517 2812 1701 2866 Ioseph·

87 2867 143 2910 A.
167 2870 204 2913 1.
226 2870 328 2923 xx,
351 2875 392 2924 5,
415 2875 455 2913 2.
628 2875 683 2915 29
714 2874 811 2914 Act.
838 2877 906 2927 11,
930 2876 1001 2918 29.
