1986 3152
523 126 680 166 Hls'r.
713 124 965 166 ECCLES.
996 126 1077 166 lv.
1109 128 1175 165 29.
1207 129 1275 168 30.
1600 123 1695 175 181

98 245 354 317 γραφῶν·
400 243 854 313 βλασφημοῦντες
896 241 957 297 δὲ
989 243 1221 298 Παῦλον
1260 239 1356 299 τὸν
1395 237 1702 298 ἀπόστολον

96 325 398 383 ἀθετοῦσιν
442 323 614 382 αὐτοῦ
654 324 748 390 τὰς
791 323 1104 397 ἐπιστολάς,
1145 326 1287 398 μηδὲ
1328 323 1422 392 τας
1464 324 1701 398 Πράξεις

94 414 206 467 τῶν
245 407 569 467 ἀποστόλων
610 408 1049 482 καταδεχόμενοι.
1123 415 1168 465 6.
1202 406 1231 466 ὁ
1263 413 1446 482 μέντοι
1479 433 1541 482 γε
1572 409 1702 483 πρό-

93 517 247 564 τερος
279 491 466 551 αὐτῶν
495 491 730 567 ἀρχηγὸς
761 492 788 549 ὁ
823 502 871 550 Τ
866 492 1086 561 ατιανὸς
1117 492 1428 567 συνάφειάν
1457 519 1580 552 τινα
1612 497 1703 550 καὶ

95 576 429 651 συναγωγὴν
468 578 574 635 οὐκ
612 577 719 635 οἷδ’
764 576 912 644 ὅπως
951 582 1064 634 τῶν
1097 576 1438 650 εὐαγγελίων
1470 581 1702 644 συνθεὶς
1725 601 1745 633 5

93 663 152 719 τὸ
197 662 289 719 διὰ
328 661 613 735 τεσσάρων
643 664 802 718 τοῦτο
845 661 1307 735 προσωνόμασεν,
1350 659 1380 719 ὂ
1421 665 1511 719 καὶ
1555 662 1703 735 παρά

93 764 236 803 τισιν
278 749 443 803 εἰσέτι
482 751 590 803 νῦν
631 748 870 817 φέρεται.
961 750 1059 802 τοῦ
1111 748 1170 803 δὲ
1214 746 1525 803 ἀποστόλου
1566 749 1704 819 φασὶ

91 833 363 903 τολμῆσαί
397 854 550 897 τινας
591 827 764 886 αὐτὸν
803 830 1152 903 μεταφράσαι
1203 829 1422 903 φωνὰς,
1470 829 1543 895 ὡς
1590 835 1705 887 ε’πι-

95 912 501 988 διορθούμενον
532 912 719 971 αὐτῶν
747 913 851 985 τὴν
880 917 974 986 τῆς
1017 913 1272 989 φράσεως
1315 913 1592 982 σύνταξιν.
1658 920 1704 972 7.

93 1001 449 1056 καταλέλοιπε
482 999 542 1055 δε
572 991 729 1066 οὗτος
762 997 904 1055 πολύ
927 1024 977 1055 τι
1001 1004 1215 1072 πλῆθος
1240 997 1702 1073 συγγραμμάτων,

99 1108 178 1141 ων
221 1082 456 1156 μάλιστα
501 1081 650 1157 παρὰ
697 1091 922 1149 πολλοῖς
966 1082 1369 1157 μνημονεύεται
1414 1082 1705 1157 διαβόητος

93 1167 266 1226 αὐτοῦ
307 1166 468 1240 λόγος
507 1166 536 1225 ὁ
580 1166 715 1241 πρὸς
739 1166 1038 1241 Ελληνας,
1093 1172 1152 1225 ἐν
1194 1169 1235 1245 ᾧ
1277 1174 1390 1225 τῶν
1427 1165 1706 1226 ανέκαθεν

93 1252 310 1327 χρόνων
349 1251 739 1326 μνημονεύσας
781 1277 894 1310 των
935 1250 1066 1325 παρ’
1087 1228 1352 1324 Ἐλλησιν
1394 1251 1705 1326 εὐδοκίμων

91 1335 354 1394 ἁπάντων
372 1340 809 1443 προγενέστερον
822 1341 1073 1396 Μωυσέα
1096 1362 1154 1394 τε
1179 1339 1270 1394 καὶ
1287 1336 1413 1402 τοὺς
1432 1333 1706 1411 Ἐβραίων

92 1419 378 1524 προφήτας
409 1420 724 1494 απέφηνεν,
769 1446 827 1489 ος
871 1422 939 1494 δὴ
970 1425 1062 1478 καὶ
1096 1427 1253 1478 δοκεῖ
1277 1446 1389 1478 των
1420 1440 1705 1495 συγγραμ-

1730 1024 1769 1055 10

1730 1443 1770 1476 15

92 1504 280 1579 μάτων
309 1504 572 1563 ἁπάντων
603 1505 775 1563 αὐτοῦ
806 1505 1093 1574 κάλλιστός
1133 1530 1192 1562 τε
1223 1508 1315 1563 καὶ
1347 1504 1700 1579 ὦφελιμωτα-
1737 1565 1741 1568 ,

91 1614 180 1656 τος
210 1586 497 1663 ὑπάρχειν.
558 1593 650 1647 καὶ
680 1592 746 1647 τὰ
776 1615 879 1663 μεν
909 1615 1046 1648 κατα
1075 1589 1276 1647 τούσδε
1307 1594 1533 1647 τοιαῦτα
1566 1592 1648 1662 ἦν.

219 1685 366 1734 ΧΧΧ.
422 1682 547 1752 [Nic.
576 1687 635 1734 H.
664 1687 718 1735 E.
747 1687 834 1743 IV,
867 1683 969 1756 ]l.]
1039 1674 1158 1732 Ἐπὶ
1193 1677 1253 1732 δε
1283 1678 1378 1747 τῆς
1408 1674 1578 1747 αὐτῆς
1608 1681 1705 1747 βα-

95 1765 305 1825 σιλείας
336 1762 678 1831 πληθουσῶν
708 1763 820 1816 τῶν
851 1762 1120 1833 αἱρέσεων
1151 1763 1239 1816 ἐπὶ
1270 1762 1365 1832 τῆς
1396 1761 1563 1832 μέσης
1593 1765 1705 1816 τῶν

93 1846 354 1917 ποταμοῖν
395 1842 790 1917 Βαρδησάνης,
833 1842 1164 1910 ίκανεότατός
1204 1869 1283 1911 τις
1324 1841 1494 1916 ἀνὴρ,
1539 1850 1601 1900 ἔν
1644 1867 1703 1900 τε
1725 1866 1768 1898 20

92 1934 158 2002 τῇ
198 1927 406 2001 Σύρων
445 1934 608 2001 φωνῇ
652 1927 1168 2000 διαλεκτικώτατος,
1221 1922 1358 2002 πρὸς
1398 1928 1525 1995 τοὺς
1566 1927 1702 1984 κατὰ

98 2019 409 2087 Μαρκίωνα
448 2018 547 2069 καί
579 2035 731 2079 τινας
773 2015 992 2088 ἑτέρους
1036 2012 1322 2085 διαφόρων
1373 2018 1706 2086 προϊσταμέ-

94 2121 225 2163 νους
267 2095 556 2170 δογμάτων
598 2096 890 2170 διαλόγους
930 2096 1372 2171 συστησάμενος,
1418 2103 1485 2171 τῇ
1528 2103 1704 2172 οἰκεία

93 2183 381 2252 παρέδωκε
411 2179 626 2256 γλώττῃ
656 2205 715 2239 τε
747 2185 839 2238 καὶ
879 2185 1097 2256 γραφῇ,
1140 2180 1275 2255 μετὰ
1306 2184 1397 2238 καὶ
1429 2187 1705 2239 πλείστων

97 2267 299 2339 ἑτέρων
323 2262 492 2323 αὐτοῦ
517 2266 989 2340 συγγραμμάτων·
1022 2263 1117 2333 οὓς
1149 2271 1207 2323 οι”
1230 2265 1498 2341 γνώριμοι
1530 2266 1704 2339 (πλεῖ-
1728 2287 1770 2320 25

93 2367 210 2406 στοι
252 2351 314 2406 δὲ
354 2341 496 2422 ἦσαν
543 2349 693 2427 αὐτῷ
725 2355 976 2417 δυνατῶς
1006 2357 1081 2427 τῷ
1115 2350 1261 2428 λόγῳ
1292 2351 1703 2426 παρισταμένῳ)

93 2436 184 2490 ε’πὶ
234 2433 337 2505 τὴν
371 2433 654 2506 Ἑλλήνων
704 2432 812 2492 άπὸ
864 2438 960 2507 τῆς
1003 2434 1213 2510 Σύρων
1263 2434 1705 2509 μεταβεβλήκασι

93 2521 297 2590 φωνῆς.
360 2522 407 2575 2.
444 2523 504 2576 ἐν
533 2515 615 2584 οἷς
648 2522 761 2576 ἐστι
792 2522 884 2576 καὶ
914 2519 942 2576 ὁ
976 2520 1112 2593 πρὸς
1136 2518 1474 2578 Ἀντωνῖνον
1508 2517 1704 2575 ἱκανώ-

93 2625 249 2668 τατος
281 2599 456 2660 αὐτοῦ
486 2605 614 2674 περὶ
648 2606 978 2678 εἱμαρμένης
1010 2602 1292 2676 διάλογος,
1329 2602 1437 2660 ’ὅσα
1476 2626 1535 2659 τε
1565 2601 1704 2658 ἅλλα

94 2688 270 2757 φασὶν
301 2683 471 2743 αὐτὸν
501 2687 775 2760 προφάσει
806 2691 907 2745 τοῦ
935 2687 1058 2745 τότε
1089 2691 1339 2761 διωγμοῦ
1369 2686 1699 2760 συγγράψαι.
1725 2707 1766 2738 30

92 2773 140 2826 3.
175 2762 245 2842 ἦν
277 2769 330 2826 δ’
364 2769 472 2843 ἄρα
502 2765 662 2839 οὗτος
704 2771 974 2845 πρότερον
1014 2778 1110 2844 τῆς
1154 2771 1290 2828 κατὰ
1326 2769 1703 2829 Οὐαλεντῖνον

94 2858 320 2926 σχολῆς,
365 2856 674 2928 καταγνούς
718 2857 780 2912 δὲ
818 2858 1049 2928 ταύτης,
1090 2854 1321 2912 πλεῖστά
1351 2880 1408 2912 τε
1439 2858 1534 2926 τῆς
1565 2851 1702 2909 κατὰ
