2032 3174
327 107 395 159 48
992 106 1238 147 EUSEBII

327 220 429 280 οὐκ
461 226 512 290 ἐξ
545 219 866 293 ἀνθρώπων
896 220 1027 277 οὐδὲ
1060 218 1131 277 δι’
1168 217 1507 293 ἀνθρώπων,
1541 221 1611 278 δι’
1649 219 1932 278 ἀποκαλύ-

328 323 473 373 ψεως
506 304 556 362 δ’
596 302 771 362 αὐτοῦ
796 303 978 377 Ἰησοῦ
1008 308 1249 376 Χριστοῦ
1280 306 1371 361 καὶ
1401 308 1540 362 θεοῦ
1571 305 1801 379 πατρὸς,
1833 309 1931 363 τοῦ

330 395 640 463 ἐγείραντος
672 386 842 445 αὐτὸν
873 392 932 444 ἐκ
961 391 1206 460 νεκρῶν,
1251 387 1551 456 ἀπόστολος
1596 387 1930 448 ἀναδείκνυ-

329 499 434 545 ται,
470 472 541 530 δι’
579 471 844 540 ὀπτασίας
868 475 959 530 καὶ
985 476 1078 543 τῆς
1102 472 1239 528 κατὰ
1261 471 1364 543 τὴν
1386 471 1737 541 ἀποκάλυψιν
1760 472 1928 545 οὐραν
2013 507 2019 509 -

287 583 307 614 5
329 565 453 616 νίου
485 562 676 629 φωνῆς
707 556 966 625 ἀξιωθεὶς
996 561 1092 628 τῆς
1123 556 1382 628 κλήσεως.

455 653 511 701 ΙΙ.
568 652 694 718 [Nic.
723 652 781 702 Η.
810 653 861 701 Ε.
893 653 950 707 II,
979 650 1053 719 8.]
1135 643 1241 699 Καὶ
1277 639 1344 712 δὴ
1367 645 1462 713 τῆς
1485 640 1801 713 παραδόξου
1831 646 1930 698 τοῦ

330 731 574 797 σωτῆρος
605 722 761 798 ἡμῶν
790 722 1139 790 ἆναστάσεώς
1170 748 1227 781 τε
1267 728 1357 781 καὶ
1391 731 1468 791 εἰς
1498 723 1770 796 οὐρανοὺς
1801 723 1932 783 ἀνα-

330 808 544 881 λήψεως
586 823 697 876 τοῖς
739 816 1012 875 πλείστοις
1054 806 1160 880 ἤδη
1192 808 1523 881 περιβοήτου
1555 808 1931 882 καθεστώσης,

329 896 568 950 παλαιοῦ
596 892 987 965 κεκρατηκότος
1009 900 1175 958 ἔθους
1197 907 1308 958 τοῖς
1337 898 1449 950 τῶν
1473 896 1658 950 ε’θνῶν
1681 892 1932 967 ἄρχουσι,

271 1005 311 1036 10
335 977 399 1034 τὰ
429 976 575 1049 παρὰ
605 985 764 1049 σφίσι
793 976 1264 1050 καινοτομούμενα
1294 981 1369 1053 τῷ
1399 977 1501 1050 τὴν
1524 984 1805 1049 βασίλειον
1835 976 1935 1049 ἆρ-

329 1061 849 1135 χὴνοέπικρατοῦντι
880 1068 1188 1134 σημαίνειν,
1222 1059 1294 1128 ὦς
1319 1058 1388 1118 ἂν
1418 1063 1594 1134 μηδὲν
1618 1060 1787 1119 αὐτὸν
1820 1069 1934 1119 δια·

333 1144 620 1215 διδρασκοι
659 1149 770 1201 τῶν
809 1148 1146 1218 γινομένων,
1198 1144 1264 1202 τα
1304 1148 1430 1216 περὶ
1481 1150 1575 1218 τῆς
1617 1150 1676 1202 ἐκ
1719 1149 1935 1217 νεκρῶν

331 1227 684 1296 ἀναστάσεως
725 1235 824 1286 τοῦ
867 1233 1110 1302 σωτῆρος
1151 1228 1306 1302 ἡμῶν
1343 1227 1525 1301 Ἰησοῦ
1564 1235 1806 1301 Χριστοῦ
1859 1236 1935 1296 εἰς

332 1312 541 1380 πάντας
583 1310 690 1385 ἤδη
733 1311 866 1370 καθ’
907 1311 1036 1386 ὅλης
1072 1319 1169 1385 τῆς
1208 1320 1584 1384 Παλαιστίνης
1626 1315 1936 1386 βεβοημένα

269 1424 309 1456 15
331 1403 569 1463 Πιλᾶτος
610 1403 843 1472 Τιβερίῳ
875 1403 1097 1467 βασιλεῖ
1123 1402 1431 1468 κοινοῦται,
1462 1401 1510 1455 2.
1542 1395 1608 1454 ὃν
1637 1397 1732 1465 τάς
1763 1420 1823 1454 τε
1844 1395 1935 1454 ἄλ·

330 1492 426 1546 λας
444 1478 614 1538 αὐτοῦ
638 1481 961 1553 πυθόμενον
984 1490 1262 1554 τερατείας
1287 1483 1377 1537 καὶ
1398 1478 1470 1547 ὥς
1497 1479 1580 1538 ὅτι
1605 1482 1739 1555 μετὰ
1762 1480 1937 1539 θοίνα-

330 1590 425 1622 τον
458 1569 515 1622 ἐκ
545 1570 761 1637 νεκρῶν
791 1564 1032 1632 ἀναστὰς
1061 1564 1193 1631 θεὸς
1226 1565 1366 1622 εἶναι
1397 1563 1545 1635 παρὰ
1575 1573 1796 1631 πολλοῖς
1827 1564 1936 1638 ἤδη

331 1655 660 1706 πεπίστευτο
699 1646 1021 1721 ἀνενεγκεῖν
1062 1651 1150 1705 ἐπὶ
1193 1649 1293 1722 τὴν
1335 1648 1672 1722 σύγκλητον,
1719 1653 1938 1721 ἐκείνην

330 1731 382 1788 τ’
416 1731 756 1790 ἀπώσασθαί
793 1752 929 1804 φασι
966 1732 1063 1789 τὸν
1105 1731 1296 1804 λόγον,
1338 1737 1413 1809 τῷ
1454 1734 1556 1804 μὲν
1598 1735 1812 1804 δοκεῖν,
1855 1731 1938 1790 ὅτι

270 1846 311 1878 20
333 1815 405 1890 μὴ
436 1815 706 1888 πρότερον
737 1814 877 1890 αὐτὴ
906 1819 1066 1873 τοῦτο
1090 1815 1433 1889 δοκιμάσασα
1462 1809 1551 1890 ἦν,
1584 1822 1824 1874 παλαιοῦ
1847 1817 1933 1874 νό-

333 1925 439 1972 μου
489 1899 882 1974 κεκρατηκότος
945 1899 1017 1973 μὴ
1069 1899 1245 1967 ἄλλως
1299 1900 1421 1958 τινὰ
1467 1901 1614 1975 παρὰ
1657 1900 1938 1975 Ῥωμαίοις

332 1995 722 2042 θεοποιεῖσθαι
759 1983 832 2057 μὴ
863 1981 986 2058 οὐχὶ
1011 1983 1180 2062 ψήφῳ
1212 1988 1304 2041 καὶ
1339 1985 1567 2058 δόγματι
1607 1985 1937 2058 συγκλήτου,

334 2072 398 2141 τῇ
433 2065 484 2124 δ’
519 2066 790 2143 ἀληθεία,
831 2066 913 2124 ὅτι
953 2071 1093 2142 μηδὲ
1131 2074 1225 2141 τῆς
1267 2073 1318 2137 ἐξ,
1360 2068 1681 2142 ἀνθρώπων
1728 2073 1941 2143 ἐπικρί-

335 2150 472 2217 σεώς
501 2174 559 2207 τε
599 2153 689 2207 καὶ
729 2152 1042 2219 συστάσεως
1073 2149 1107 2225 ἡ
1139 2152 1406 2226 σωτήριος
1435 2157 1532 2210 τοῦ
1573 2159 1736 2210 θείου
1768 2153 1940 2226 κηρύ-

272 2263 313 2295 25
335 2259 535 2308 γματος
569 2237 741 2292 ἐδεῖτο
776 2241 1119 2292 διδασκαλία.
1191 2241 1237 2292 3.
1270 2235 1441 2309 ταύτῃ
1489 2242 1522 2292 δ
1532 2235 1544 2255 ’
1581 2229 1684 2294 οὖν
1714 2234 1938 2295 ἀπωσα-

335 2322 502 2392 μένης
541 2318 637 2376 τὸν
676 2322 1162 2391 προσαγγελθέντα
1201 2322 1327 2392 περὶ
1367 2324 1463 2378 τοῦ
1504 2325 1746 2392 σωτῆρος
1785 2320 1942 2394 ἡμῶν

336 2402 501 2475 λόγον
530 2408 625 2474 τῆς
648 2398 926 2476 Ῥωμαίων
956 2406 1159 2475 βουλῆς
1187 2402 1283 2460 τὸν
1308 2407 1562 2476 Τιβέριον
1589 2402 1659 2478 ἣν
1689 2407 1780 2462 καὶ
1811 2404 1941 2478 πρό-

336 2511 497 2559 τερον
522 2484 633 2559 εἶχε
656 2485 884 2559 γνώμην
907 2487 1221 2561 τηρήσαντα
1243 2490 1417 2561 μηδὲν
1443 2487 1648 2546 ἄτοπον
1678 2488 1815 2546 κατὰ
1844 2495 1940 2560 τῆς

335 2576 432 2628 τοῦ
465 2574 708 2644 Χριστοῦ
739 2577 1097 2638 διδασκαλίας
1142 2575 1441 2643 ἐπινοῆσαι.
1516 2578 1564 2631 4.
1597 2577 1770 2630 ταῦτα
1811 2582 1940 2643 Τερ-

274 2682 317 2714 30
338 2652 653 2726 τυλλιανὸς,
697 2654 826 2720 τοὺς
859 2657 1141 2728 Ῥωμαίων
1182 2654 1384 2729 νόμους
1426 2655 1749 2729 ἠκριβωκώς
1779 2655 1939 2729 ἀνὴρ,
1974 2715 2006 2731 ἦ,

337 2738 403 2794 τά
433 2762 492 2798 τε
522 2736 660 2795 ἄλλα
691 2743 910 2807 ἔνδοξος
942 2742 1032 2796 καὶ
1065 2744 1176 2796 τῶν
1210 2739 1444 2812 μάλιστα
1465 2743 1552 2797 ἐπὶ
1576 2739 1779 2813 Ῥώμης
1803 2748 1943 2814 λαμ-

339 2827 527 2895 πρῶν,
562 2827 621 2880 ἐν
649 2826 717 2898 τῇ
745 2831 1018 2898 γραφείσῃ
1050 2825 1150 2897 μὲν
1181 2821 1331 2900 αὐτῷ
1358 2827 1426 2898 τῇ
1447 2823 1728 2898 Ῥωμαίων
1759 2829 1939 2898 φωνῇ,
