2032 3174
298 125 335 176 2
979 123 1227 165 EUSEBII

299 244 392 297 καὶ
416 235 519 312 τὴν
549 243 636 298 ἐπὶ
663 243 834 297 πᾶσιν
857 244 987 296 ἵλεω
1013 241 1104 296 καὶ
1129 237 1330 312 εὐμενῆ
1353 243 1450 297 τοῦ
1474 244 1717 315 σωτῆρος
1756 238 1917 315 ἡμῶν

300 322 597 397 ἀντίληψιν
627 326 817 398 γραφῇ
856 327 1203 397 παραδοῦναι
1248 327 1628 398 προῃρημένος
1669 323 1771 382 οὐκ
1812 324 1911 382 ἅλ-

300 417 471 467 λοθεν
516 405 549 481 ἢ
589 407 695 465 ἀπὸ
736 405 956 481 πρῶτης
997 404 1227 482 ἄρξομαι
1259 411 1355 479 τῆς
1396 406 1532 465 κατὰ
1562 409 1658 466 τὸν
1688 412 1915 482 σωτῆρα

300 496 390 550 καὶ
423 491 616 568 κύριον
647 491 803 565 ἡμῶν
826 491 1042 564 Ἰησοῦν
1072 491 1168 548 τὸν
1199 490 1440 565 Χριστὸν
1470 496 1567 550 τοῦ
1591 500 1731 551 θεοῦ
1761 500 1911 551 οἰκο-

257 602 276 634 5
303 584 510 650 νομίας.
591 581 638 634 3.
682 574 821 633 ἄλλα
859 599 951 649 μοι
998 575 1335 678 συγγνώμην
1384 573 1492 649 ἤδη
1539 574 1916 651 εὐγνωμόνων

301 665 565 719 ἐντεῦθεν
603 659 631 718 ὁ
664 659 823 734 λόγος
854 666 1021 732 αἰτεῖ,
1063 667 1245 733 μεῖζον
1277 658 1308 733 ἢ
1340 657 1475 718 καθ’
1508 657 1778 735 ἡμετέραν
1812 661 1912 719 δυ’-

300 771 467 818 ναμιν
517 742 802 819 ὁμολογῶν
854 745 995 805 εἶναι
1036 742 1153 816 τὴν
1189 747 1521 853 ἐπαγγελίαν
1578 749 1768 818 ἐντελῆ
1817 748 1910 803 καὶ

298 828 707 902 ἀπαράλειπτον
746 823 1041 902 ὑποσχεῖν,
1098 831 1215 887 ἐπεὶ
1240 831 1350 886 καὶ
1402 833 1608 903 πρῶτοι
1658 834 1766 887 νῦν
1815 834 1914 904 τῆς

295 913 618 980 ὑποθέσεως
645 912 929 985 ἐπιβάντες
953 909 1043 971 οἶα
1065 928 1190 971 τίνα
1207 912 1414 987 ἐρήμην
1438 916 1529 970 καὶ
1554 913 1788 988 ἀτριβῆ
1768 915 1914 972 ιέναι

236 1023 276 1054 10
299 995 434 1055 ὁδὸν
466 1002 848 1072 ἐγχειροῦμεν,
889 994 1027 1055 θεὸν
1057 999 1159 1071 μὲν
1189 994 1394 1070 ὁδηγὸν
1424 1000 1513 1054 καὶ
1546 997 1647 1070 τὴν
1676 1002 1775 1056 τοῦ
1809 1023 1911 1056 κυ-

299 1088 424 1154 ρίου
447 1082 725 1182 ’συνεργὸν
747 1081 974 1156 σχήσειν
999 1081 1283 1155 εὐχόμενοι
1309 1080 1568 1155 δύναμιν,
1587 1081 1915 1185 ἀνθρῶπων

298 1191 360 1239 γε
391 1165 502 1240 μὴν
533 1164 790 1240 οὐδαμῶς
823 1165 1010 1241 εὑρειν
1041 1164 1154 1224 οἶοί
1177 1190 1236 1224 τε
1266 1165 1420 1232 ὄντες
1445 1175 1569 1239 ἰχνη
1595 1165 1777 1240 γυμνοὶ
1807 1166 1913 1239 τὴν

298 1249 472 1323 αὐτὴν
495 1247 627 1324 ἡμῖν
651 1249 1107 1323 προωδευκότων,
1128 1249 1204 1323 μὴ
1228 1249 1314 1307 ὅτι
1331 1250 1562 1323 σμικρὰς
1587 1249 1720 1308 αὐτὸ
1736 1250 1913 1325 μόνον

297 1353 621 1408 προφασεις,
655 1334 728 1392 δι’
767 1336 845 1392 ῶν
875 1332 1037 1401 ἄλλος
1061 1333 1238 1400 ἄλλως
1271 1325 1349 1391 ῶν
1374 1333 1669 1407 διηνύκασι
1692 1334 1911 1409 χρόνων

234 1442 274 1475 15
297 1418 526 1492 μερικάς
579 1415 723 1492 ἡμῖν
764 1426 1190 1476 καταλελοίπασι
1245 1418 1551 1491 διηγήσεις,
1594 1417 1911 1493 πόρρωθεν

297 1499 537 1578 ῶσπερεὶ
560 1501 810 1577 πυρσούς
833 1503 928 1570 τὰς
954 1506 1167 1561 ἑαυτῶν
1184 1509 1673 1575 προανατείνοντες
1698 1503 1913 1576 φωνὰς,

297 1590 390 1645 καὶ
429 1585 654 1646 ἄνωθέν
689 1598 875 1645 ποθεν
917 1586 1103 1660 ῶσπερ
1146 1591 1198 1655 ἐξ
1229 1584 1481 1644 ἀπόπτου
1519 1590 1611 1644 καὶ
1642 1584 1748 1644 ἀπὸ
1781 1605 1910 1644 σκο-

296 1678 426 1737 πιᾶς
457 1675 696 1744 βοῶντες
727 1674 820 1728 καὶ
850 1669 1316 1744 διακελευόμενοι,
1349 1662 1386 1744 ᾗ
1412 1669 1516 1744 χρὴ
1548 1677 1794 1742 βαδίζειν
1816 1674 1910 1728 καὶ

297 1755 398 1829 τὴν
428 1758 527 1812 τοῦ
549 1755 717 1827 λόγου
741 1763 972 1827 πορείαν
995 1754 1255 1821 ἀπλανῶς
1280 1757 1370 1811 καὶ
1391 1753 1708 1823 ἀκινδύνως
1735 1754 1911 1813 εὐθύ-’-

234 1865 275 1897 20
299 1864 432 1897 νειν.
478 1844 526 1903 4.
561 1838 662 1896 ὅσα
686 1847 880 1896 τοίνυν
902 1845 982 1907 εἰς
1005 1839 1108 1912 τὴν
1131 1842 1502 1912 προκειμένην
1527 1839 1913 1913 λυσιτελήσειν

298 1923 574 1982 ὑπόθεσιν
613 1922 928 1996 ἡγούμεθα,
970 1927 1081 1980 τῶν
1122 1920 1310 1990 αὐτοῖς
1358 1926 1588 1991 ἐκείνοις
1620 1923 1912 1998 σποράδην

297 2011 804 2080 μνημονευθέντων
833 2005 1248 2080 ἀναλεξάμενοι,
1281 2009 1372 2064 καὶ
1405 2006 1557 2066 ῶσάν
1588 2011 1647 2065 ἐκ
1671 2011 1910 2081 λογικῶν

298 2090 589 2164 λειμώνων
618 2090 719 2158 τὰς
745 2096 1088 2164 ἐπιτηδείους
1121 2090 1306 2149 αὐτῶν
1335 2097 1446 2149 τῶν
1470 2091 1909 2166 πάλαισυγγρα-

297 2179 452 2249 φέων
483 2172 927 2249 ἄπανθισάμενοι
958 2174 1179 2248 φωνὰς,
1226 2173 1300 2232 δι’
1333 2172 1675 2249 ῦφηγήσεως·
1699 2181 1909 2250 ἴστορι-ν

235 2285 276 2317 25
299 2263 398 2332 κῆς
428 2258 807 2334 πειρασόμεθα
838 2263 1309 2333 σωματοποιήσαι,
1355 2257 1702 2332 ἀγαπῶντες,
1737 2267 1788 2317 εἰ
1815 2263 1907 2318 καὶ

298 2343 371 2417 μὴ
403 2342 694 2417 ἁπάντων,
734 2350 846 2401 τῶν
884 2350 1034 2416 γοῦν
1055 2343 1291 2417 μάλιστα
1324 2343 1780 2417 διαφανεστάτων
1810 2348 1911 2403 τοῦ

299 2432 555 2503 σωτῆρος,
572 2425 729 2502 ἡμῶν
758 2427 1085 2486 ἀποστόλων
1107 2429 1202 2496 τὰς
1224 2428 1481 2501 διαδοχὰς
1505 2429 1641 2486 κατὰ
1665 2428 1759 2496 τὰς
1786 2434 1911 2486 διαἑ

299 2513 616 2585 πρεπούσας
641 2516 731 2571 καὶ
758 2520 835 2571 ἔτι
859 2514 950 2569 καὶ
974 2517 1082 2570 νῦν
1104 2515 1589 2586 μνημονευομένας
1617 2516 1909 2586 ἐκκλησίας

300 2596 748 2671 ἀνασωσαίμεθα.
816 2602 865 2654 ὖ.
909 2593 1312 2679 αναγκαιότατα
1368 2600 1432 2654 δέ
1477 2622 1568 2670 μοι
1610 2607 1910 2655 πονεῖσθαι

236 2705 278 2737 30
301 2676 404 2753 τὴν
433 2680 708 2740 ὑπόθεσιν
738 2680 996 2755 ἡγοῦμαι,
1027 2680 1109 2739 ότι
1139 2676 1351 2754 μηδένα
1374 2705 1460 2739 πω
1486 2687 1564 2749 εἰς
1597 2685 1765 2753 δεῦρο
1793 2686 1910 2739 τῶν

303 2768 769 2838 ἐκκλησιαστικῶν
799 2768 1169 2840 συγγραφέων
1200 2768 1438 2838 διέγνων
1467 2768 1594 2840 περὶ
1622 2769 1781 2824 τοῦτο
1811 2767 1909 2838 τῆς

301 2855 517 2923 γραφῆς
538 2848 794 2923 σπουδὴν
814 2852 1184 2923 πεποιημένον
1205 2849 1263 2907 τὸ
1285 2853 1471 2924 μέρος·
1520 2854 1714 2919 ἐλπίζω
1745 2846 1798 2906 δ’
1824 2846 1910 2906 ὅτι
