1986 3152
368 123 564 164 INDEX
593 123 870 166 PONTIUM
898 125 1054 170 HIST.
1087 125 1491 171 EUSEBIANAE.

130 248 625 348 Origenilsgommenibigu
644 250 794 348 (ἔξωθε.
818 251 888 294 lib.

242 361 474 405 Comment.
496 364 540 401 in
557 363 772 404 Psalmum
795 365 890 404 l.—

295 432 338 471 Ρ.
361 419 457 466 269,
483 420 550 461 12.

239 474 393 515 Homil.
416 475 459 513 in
488 475 644 514 Psalm.
669 476 887 521 LXXXII,

292 553 349 560 -—
370 544 411 583 p.
432 532 527 578 279,
554 534 590 571 1.

237 585 473 628 Comment.
510 589 553 626 in
584 588 741 632 Threu,
766 611 820 618 —--
842 602 884 642 p.

293 644 390 694 268,
414 645 483 685 32.

237 698 473 741 Commeut.
490 700 532 739 in
555 700 718 752 Evang.
738 701 881 741 Matth.

292 755 407 795 Tom.
432 757 462 795 Ι.
488 779 537 784 -—
563 769 604 808 p.
627 758 726 804 270,
752 760 816 800 10.

235 811 468 854 Commeat.
487 813 529 851 in
548 812 710 865 Evang,
731 813 885 853 Joann.

289 867 411 909 Tom.
436 868 490 910 V.
513 890 565 897 —
589 881 631 921 p.
654 871 751 913 270,
774 871 844 909 26.

235 923 467 965 Comment.
482 925 522 963 in
547 924 710 977 Evang.
731 925 884 965 Joann.

290 980 408 1023 Tom.
430 980 500 1021 VI.
525 1006 580 1012 —
601 993 642 1033 p.
666 982 762 1027 268,
788 984 855 1022 19.

234 1034 467 1076 Comment.
486 1037 530 1075 in
546 1036 709 1090 Evang.
730 1036 883 1077 Joann.

288 1092 558 1133 Tom.XXIl.
573 1119 626 1125 —-
651 1095 798 1145 p.273,
819 1097 884 1134 17.

232 1147 385 1189 Homil.
417 1150 458 1188 in
490 1149 570 1202 Ep.
600 1150 655 1189 ad
678 1150 800 1190 Hebr.
830 1172 887 1178 —

293 1219 334 1256 p,
359 1206 455 1254 271,
481 1207 548 1246 16.

231 1261 447 1313 Epistolae
458 1262 667 1311 quaedam
677 1275 718 1314 p.
730 1263 829 1314 264,
843 1265 881 1303 7.

288 1319 384 1363 273,
413 1320 475 1359 17.
509 1320 604 1366 278,
628 1320 668 1358 6.
696 1320 791 1365 280,
815 1321 882 1359 21.

118 1487 473 1556 Papiaeepiscopi
483 1487 784 1554 Hierapolitani
798 1490 884 1529 Λο-

145 1541 263 1596 γίων
291 1541 534 1596 κυριακῶν
564 1536 810 1596 ἐξηγήσεις
833 1566 884 1571 —-

145 1602 184 1647 2,
209 1601 276 1648 15,
300 1601 338 1639 2.
371 1602 411 1648 3,
435 1601 505 1648 39,
531 1603 568 1645 1
587 1603 626 1641 3.

115 1669 285 1709 Phileae
307 1669 488 1722 epistola
507 1672 548 1721 8,
575 1673 642 1717 10,
668 1673 705 1712 1.

115 1725 306 1766 Philonis
330 1726 482 1766 Judaei
504 1729 664 1779 scripta
683 1728 723 1774 2,
749 1728 815 1773 18,
843 1729 880 1766 1.

229 1782 405 1835 Legatio
428 1783 483 1822 ad
505 1782 655 1823 Gaium
677 1804 731 1812 —
753 1796 795 1835 p.
810 1785 878 1829 52,

285 1840 355 1879 22.
380 1840 448 1886 53,
471 1842 535 1880 11.

229 1894 319 1934 Lib.
350 1897 392 1933 in
423 1895 556 1936 Flacc.
595 1896 633 1943 ξ.
668 1897 706 1935 1.
744 1915 799 1923 -·
836 1908 874 1947 p.

286 1952 352 1998 52,
376 1953 444 1991 30.

230 2007 319 2048 Lib.
337 2008 389 2047 de
411 2009 550 2048 virtut.
571 2028 626 2036 —·
655 2020 696 2059 p.
721 2008 787 2053 53,
810 2008 877 2047 26.

228 2063 320 2102 Lib.
355 2064 408 2103 de
449 2064 525 2103 vit.
560 2063 785 2115 contempl.
825 2085 878 2092 -—-

284 2132 326 2172 p.
350 2122 418 2168 65,
441 2121 480 2159 8.
515 2121 594 2169 66,
620 2122 684 2163 10.
716 2122 784 2165 67,
811 2121 873 2160 18.

283 2178 352 2224 68,
378 2178 445 2218 19.
468 2177 538 2217 28.
573 2177 639 2226 69,
671 2177 735 2219 18.

113 2246 268 2298 Pinyti,
293 2246 493 2286 ecclesiae
503 2245 783 2287 Gnossiorum
803 2260 878 2286 an—

141 2302 326 2399 Ξὶεῐὲἓιεὲ
344 2302 524 2354 epistola
546 2303 599 2342 ad
622 2302 877 2355 Dionysium

113 2390 236 2468 Pli'nii
254 2389 438 2468 Secundi
461 2429 666 2480 epistolae
679 2443 719 2482 p.
735 2431 828 2478 126,
841 2432 879 2470 7.

111 2485 339 2537 Polycarpi
367 2483 583 2536 Epistolae
611 2485 667 2524 ad
697 2485 879 2539 Philipp.

141 2554 176 2582 c.
200 2544 225 2582 9
248 2551 288 2580 et
310 2542 376 2581 13.
400 2562 450 2568 -
474 2553 515 2593 p.
542 2542 637 2591 130,
661 2543 701 2581 3.

112 2611 367 2663 Polycratis,
379 2610 660 2663 Ephesiorum
672 2612 879 2664 episcopi,

142 2668 346 2720 epistolae
368 2668 422 2707 ad
444 2668 682 2714 Victorem,
714 2669 882 2720 episco-

141 2736 244 2775 pum
279 2724 518 2764 Romanum
563 2726 609 2771 3,
649 2725 725 2772 31,
764 2726 802 2766 2.
843 2725 880 2771 5,

112 2781 337 2888 ΡΞῒῇΙῗὲι-ὶί
369 2849 479 2889 opus
521 2829 643 2876 nocto}
684 2836 882 2890 Χριςια-

147 2891 242 2934 νῶν
270 2894 311 2941 6,
338 2895 403 2941 19,
427 2895 468 2933 9.
500 2892 654 2932 ibidem
681 2892 739 2941 (6,
766 2895 831 2941 19,
855 2894 883 2932 4

1635 126 1742 179 495

1005 252 1120 302 -8.)
1153 265 1176 292 e
1196 253 1317 293 tertio
1347 253 1439 305 ejus
1462 256 1602 307 operis
1632 255 1739 296 libro

1006 308 1085 348 loci
1109 309 1284 359 quidam
1306 309 1551 354 afferuntur.

977 419 1177 467 Quadrati
1205 421 1409 475 apologia
1436 435 1514 475 pro
1538 422 1741 464 Christia-

1005 477 1071 516 nis
1094 479 1135 524 4,
1159 480 1200 528 3,
1224 479 1264 517 2.
1651 502 1658 509 ·

973 589 1194 629 Rhodonis
1217 589 1320 629 libcr
1340 591 1546 631 adversus
1558 593 1738 632 Marcio-

1002 657 1095 684 nem
1118 647 1158 693 5,
1184 648 1247 694 13,
1271 648 1310 685 2.

971 701 1262 740 Romanorum
1292 703 1597 755 imperatorum
1626 704 1739 744 edic-

1000 767 1064 796 ta:
1089 758 1291 797 Hadriani
1313 760 1367 798 ad
1385 758 1613 799 Minucium
1625 760 1738 799 Fun—

1000 813 1159 852 danum
1188 816 1236 860 4,
1260 815 1308 861 9,
1336 817 1372 858 1,
1414 816 1466 856 cf.
1487 818 1535 861 4,
1568 817 1642 867 26,
1670 818 1738 857 10.

999 868 1130 908 Marci
1170 870 1374 909 Antonini
1416 868 1487 923 (ut
1526 871 1738 911 Eusebius

1001 925 1148 964 tradit:
1189 938 1336 964 revera
1371 926 1425 966 M.
1463 927 1643 977 Aurelii)
1682 928 1737 967 ad

1001 993 1225 1020 commune
1246 982 1375 1021 Asiae
1395 984 1444 1033 4,
1471 985 1542 1030 13,
1569 986 1607 1022 1.
1656 982 1738 1023 Ga-

1002 1037 1112 1086 lerii,
1156 1036 1450 1086 Constantini,
1493 1038 1645 1078 Licinii
1685 1040 1738 1079 de

1002 1092 1255 1134 Christianis
1277 1095 1318 1145 8,
1343 1096 1411 1146 17,
1434 1097 1472 1136 3.
1520 1096 1738 1135 Maximini

1001 1152 1041 1198 9,
1067 1152 1133 1197 10,
1158 1152 1196 1190 7.
1235 1148 1504 1191 Constantini
1527 1160 1566 1191 et
1586 1151 1738 1191 Licinii

1003 1209 1068 1256 10,
1094 1207 1134 1254 5,
1158 1208 1197 1245 2.

969 1262 1261 1302 Romanorum
1301 1264 1605 1316 imperatorum
1646 1266 1736 1317 epi-

1000 1319 1156 1358 stolae:
1194 1318 1371 1359 Gallieni
1393 1320 1445 1359 ad
1475 1319 1730 1371 Dionysium

1000 1386 1039 1414 et
1067 1375 1254 1425 reliquos
1285 1376 1471 1428 Aegypti
1507 1376 1736 1429 episcopos

1000 1433 1046 1479 7,
1072 1434 1143 1477 13,
1169 1433 1208 1471 2.
1261 1431 1482 1472 Maximini
1511 1433 1562 1472 ad
1586 1433 1733 1472 civita-

1000 1497 1082 1527 tem
1104 1487 1326 1539 Tyriorum
1352 1490 1419 1539 10,
1442 1490 1480 1539 7,
1504 1490 1544 1529 2.
1579 1490 1634 1529 ad
1657 1487 1735 1529 Sa-

998 1545 1144 1583 binum
1163 1543 1423 1596 praefectum
1439 1546 1652 1597 praetorio
1667 1547 1732 1596 10,

1001 1603 1039 1649 9,
1069 1604 1103 1640 1.
1138 1599 1404 1640 Constantini
1427 1601 1480 1640 ad
1503 1601 1733 1641 Anulinum

999 1657 1108 1696 duae
1132 1659 1196 1708 10,
1219 1658 1259 1704 5,
1281 1659 1332 1696 15
1355 1667 1394 1696 et
1415 1659 1454 1707 7,
1469 1659 1507 1699 1.
1541 1658 1732 1710 ejusdem

999 1713 1182 1765 epistola
1221 1713 1274 1753 ad
1312 1712 1564 1761 Miltiadem,
1602 1715 1734 1767 episc.

998 1770 1118 1809 Rom.
1154 1771 1219 1817 10,
1251 1770 1292 1820 5,
1317 1770 1383 1810 18.
1415 1770 1469 1809 ad
1493 1767 1731 1820 Chrestum‚

997 1824 1364 1877 Syracusanorum
1386 1826 1636 1878 episcopum
1662 1828 1728 1874 10,

996 1883 1042 1933 5,
1080 1883 1148 1923 21.
1195 1882 1248 1922 ad
1285 1880 1566 1921 Caecilianum
1605 1883 1734 1935 episc.

995 1937 1192 1991 Carthag.
1241 1940 1312 1986 10,
1359 1940 1406 1986 6,
1456 1941 1493 1978 1.
1549 1938 1735 1991 epistola

995 1994 1171 2042 Sabini,
1238 1994 1440 2047 praefecti
1503 1995 1734 2047 praetorio,

995 2051 1128 2091 missa
1157 2051 1209 2089 ad
1240 2051 1459 2102 praesides
1491 2051 1730 2102 provincia-

974 2150 976 2152 ,
995 2119 1088 2146 rum
1111 2108 1284 2146 orientis
1303 2119 1355 2146 ex
1377 2107 1578 2146 mandato
1597 2107 1734 2146 Maxi-

996 2164 1100 2202 mini
1122 2164 1161 2210 9,
1190 2165 1226 2211 1,
1250 2165 1290 2205 3.

966 2274 1206 2338 Scriptores
1245 2276 1425 2339 gentiles
1468 2271 1544 2327 (οἷ
1574 2268 1733 2327 πόρρω

994 2330 1080 2373 τοῦ
1095 2325 1220 2372 καθ’
1236 2328 1362 2386 ἡμᾶς
1374 2325 1516 2383 λόγου
1533 2344 1735 2399 συγγρα-

995 2388 1268 2456 φεῖς)2,8,
1295 2391 1331 2427 1.
1356 2391 1474 2439 et5,
1496 2392 1543 2439 5,
1568 2391 1606 2452 3.
1632 2385 1734 2428 Ἑλ-

996 2438 1152 2507 λήνων
1182 2440 1231 2485 οἱ
1257 2438 1316 2486 τοὶ
1345 2440 1470 2485 κατὰ
1506 2438 1616 2492 τούς
1640 2436 1729 2484 αὖ-

995 2494 1107 2547 τούς
1143 2496 1344 2554 χρόνους
1380 2499 1545 2554 γραφῇ
1580 2514 1733 2554 παρα-

998 2549 1226 2607 δόντες4,
1249 2559 1290 2605 2,
1315 2558 1354 2597 5.

969 2611 1218 2664 Serapionis
1240 2613 1421 2665 epistola
1441 2614 1645 2653 adversus
1656 2611 1732 2651 Ca-

997 2668 1230 2721 taphrygas
1271 2670 1310 2717 5,
1350 2671 1416 2717 19,
1452 2673 1489 2711 1.
1542 2669 1730 2719 ejusdem

996 2725 1102 2764 liber
1119 2725 1172 2765 de
1188 2725 1421 2778 Evangelio
1440 2725 1599 2775 Petri6,
1614 2725 1678 2770 12,
1692 2725 1730 2762 2.

970 2779 1299 2832 Smyrnaeorum
1342 2781 1522 2834 epistola
1550 2781 1605 2820 ad
1634 2779 1732 2818 Phi-

996 2837 1266 2877 lomelienses
1295 2839 1347 2877 de
1375 2837 1576 2888 martyrio
1605 2835 1731 2887 Poly-
1804 2869 1807 2872 ,

998 2894 1114 2946 carpi
1136 2896 1176 2943 4,
1201 2896 1266 2942 15,
1290 2896 1330 2934 2.
1364 2895 1404 2942 4,
1433 2895 1495 2939 15,
1517 2895 1585 2932 46.
