2032 3174
230 170 291 210 VI
856 163 1212 206 PRAEFATIO.

223 290 360 343 prele
388 283 526 329 Gerae
563 283 684 327 edito
719 296 756 326 a.
789 280 939 328 1838.
1013 280 1135 336 Quae
1171 278 1313 325 Rufini
1353 281 1582 326 temeritas
1621 281 1704 325 etsi
1740 294 1831 326 non

227 355 415 414 impedit
453 353 696 413 quominus
735 365 869 411 saepe
907 350 1231 411 perspiciamus
1270 364 1381 409 quas
1415 357 1679 396 nostrorum
1711 350 1828 397 codi-

226 439 327 471 cum
356 424 575 469 lectiones
603 425 699 468 suis
727 422 771 467 in
798 421 925 467 libris
952 422 1199 478 invenerit,
1238 427 1386 465 tamen
1413 420 1467 466 de
1495 421 1704 466 dissensu
1732 434 1834 466 sae·

225 496 412 556 pissime
439 508 511 539 res
549 495 720 539 incerta
757 499 849 545 est,
889 505 1027 552 quum
1066 491 1320 536 nesciamus
1358 504 1470 550 quas
1507 492 1758 551 scripturas
1786 491 1829 536 in

224 565 353 611 llbris
392 566 486 610 suis
513 564 693 623 legerit,
731 577 842 622 quas
869 564 967 622 ipse
995 561 1344 622 excogitaverit:
1382 567 1432 606 ut
1459 568 1589 606 caute
1615 561 1831 607 utendum

224 635 284 680 sit
310 635 392 681 hac
418 635 796 694 interpretatione
813 669 825 692 ,
860 647 917 678 ne
943 631 1162 678 lectiones
1186 631 1419 691 fingantur
1447 645 1562 691 quae
1594 632 1639 676 in
1667 631 1835 678 codici·

224 706 308 750 bus
335 704 481 750 Rufini
507 718 598 749 non
625 705 769 764 magis
797 717 930 764 quam
958 705 1001 748 in
1029 702 1199 747 nostris
1229 702 1516 747 exstiterunt.
1566 701 1754 748 Accedit
1779 702 1830 747 ad

223 775 333 820 haec
359 774 483 835 quod
509 773 653 820 Rufini
681 773 1001 834 interpretatio
1029 786 1188 818 rursus
1223 773 1322 832 ipsa
1359 785 1542 832 quoque
1580 771 1694 818 locis
1733 772 1834 832 plu·

223 847 351 891 rimis
379 851 592 904 corrupta
620 851 666 890 et
692 843 966 905 interpolata
994 850 1080 901 est,
1109 857 1161 888 ex
1187 841 1420 888 codicibus
1458 842 1714 888 recentibus
1741 844 1834 904 pri-

222 930 343 961 mum
372 915 491 960 edita
519 928 558 960 a.
589 914 725 961 1474
752 922 796 959 et
823 928 904 974 per
931 913 1039 959 alias
1069 927 1183 973 quas
1211 913 1442 959 Harlesius
1479 913 1534 958 ad
1558 912 1688 963 Fabr.
1717 913 1831 959 Bibl.

222 986 315 1032 vol.
348 986 375 1031 7
405 1000 449 1045 p.
481 985 582 1031 317
620 987 897 1031 enumeravit
932 984 1154 1030 editiones
1192 990 1470 1044 propagata,
1505 983 1726 1043 neglectis
1756 997 1833 1029 ve·

226 1055 499 1102 tustiorilms
520 1056 595 1115 qui
618 1056 772 1115 plures
795 1061 1041 1115 supersunt
1067 1054 1316 1113 codicibus,
1345 1055 1489 1100 donec
1512 1054 1703 1100 Thomas
1725 1054 1834 1101 Cac-

224 1127 331 1172 ciari
359 1127 405 1170 in
432 1125 632 1170 editione
658 1126 854 1171 Romana
890 1140 929 1170 a.
962 1124 1096 1170 1711
1135 1126 1338 1185 quinque
1373 1125 1617 1184 inspiceret
1652 1125 1831 1171 codices

222 1196 485 1249 Vaticanos,
524 1195 690 1256 quibus
725 1195 1150 1254 Norimbergensem
1189 1195 1359 1240 addidit
1393 1195 1653 1240 Kimmelius
1680 1211 1725 1256 p.
1751 1196 1830 1248 77,

224 1281 276 1312 ex
304 1281 394 1327 quo
422 1266 672 1325 singularia
708 1266 848 1312 multa
886 1281 909 1311 a
934 1266 1068 1312 Bosio
1096 1280 1135 1311 a.
1167 1264 1302 1312 1672
1338 1271 1549 1311 annotata
1587 1280 1688 1311 esse
1723 1266 1834 1312 dicit

223 1338 268 1382 in
304 1337 508 1396 margine
543 1336 811 1396 exemplaris
837 1336 1136 1395 Frobeniani‚
1179 1336 1300 1396 quod
1327 1350 1447 1382 nunc
1482 1337 1526 1380 in
1554 1335 1831 1382 Bibliotheca

222 1407 396 1453 lenensi
431 1414 653 1452 servatur.
729 1407 781 1451 Hi
810 1407 949 1465 igitur
974 1406 1142 1467 aliique
1169 1406 1344 1452 codices
1372 1407 1546 1466 antiqui
1585 1408 1621 1451 si
1651 1407 1830 1466 quando

223 1491 272 1523 ea
301 1491 432 1537 quam
462 1477 596 1522 hodie
624 1477 896 1537 requirimus
923 1477 1155 1536 diligentia
1183 1477 1359 1523 excussi
1387 1477 1570 1531 fuerint,
1600 1477 1734 1537 paulo
1762 1484 1834 1523 tu·

224 1549 313 1593 tius
342 1561 474 1607 quam
502 1547 647 1593 adhuc
672 1546 767 1593 fieri
795 1549 946 1607 potuit
971 1546 1119 1592 Rufini
1155 1547 1533 1607 interpretatione
1570 1548 1635 1591 uti
1662 1546 1831 1594 licebit.

221 1618 388 1662 Contra
424 1618 493 1662 vix
521 1631 686 1677 operae
710 1619 910 1677 pretium
946 1617 1035 1663 erit
1059 1617 1238 1662 Ioannis
1266 1617 1690 1676 Christophorsoni,
1726 1617 1831 1678 Epi-

221 1687 348 1747 scopi
394 1686 710 1744 Cicestrensis‚
753 1687 1177 1746 interpretationem
1222 1686 1450 1744 Latinam,
1496 1700 1610 1746 quae
1644 1687 1830 1732 Lovanii

222 1773 262 1804 a.
297 1756 431 1803 1570
458 1756 649 1817 prodiit,
689 1758 990 1816 perscrutari:
1031 1770 1130 1801 narn
1168 1756 1348 1802 codices
1374 1756 1555 1816 Graeci,
1601 1771 1716 1817 quos
1742 1757 1830 1804 Ro·

220 1841 345 1888 mae,
385 1825 667 1885 Florentiae,
709 1827 906 1872 Venetiis
945 1827 1335 1887 interpretationis
1374 1841 1481 1873 suae
1518 1841 1652 1874 causa
1679 1829 1831 1889 inspe-

220 1900 342 1943 xisse
369 1910 417 1942 se
443 1897 577 1955 dicit,
615 1897 733 1942 haud
761 1897 896 1942 dubie
922 1897 1055 1942 iidem
1083 1905 1214 1955 sunt,
1251 1897 1416 1957 quibus
1443 1903 1604 1958 postea
1630 1899 1700 1943 usi
1726 1907 1832 1944 sunt

222 1968 442 2024 editores,
474 1974 525 2012 ut
551 1967 727 2012 inutilis
753 1967 882 2012 labor
908 1968 968 2012 sit
995 1981 1151 2013 eorum
1179 1967 1399 2013 lectiones
1426 1981 1479 2013 ex
1505 1969 1825 2029 Christophor·

222 2039 324 2083 soni
365 2038 585 2097 expiscari
626 2038 1027 2098 interpretatione,
1077 2051 1215 2097 quum
1253 2052 1306 2083 ex
1344 2039 1456 2098 ipsis
1495 2037 1700 2085 fontibus
1737 2040 1830 2100 peti

222 2109 415 2169 possint.

327 2177 486 2222 Vident
510 2177 707 2224 lectores
735 2184 952 2238 quantum
980 2178 1041 2223 sit
1067 2177 1187 2238 quod
1213 2179 1391 2238 priores
1411 2178 1575 2224 horum
1605 2179 1825 2226 librorum

222 2248 419 2294 editores
447 2248 612 2293 suturis
639 2248 861 2307 agendum
888 2247 1159 2308 reliquerint
1185 2247 1452 2294 editoribus.
1519 2249 1573 2294 Et
1601 2256 1747 2296 tamen
1773 2264 1830 2295 ne

222 2319 332 2364 haec
360 2318 539 2378 quidem
568 2318 623 2363 de
651 2317 816 2378 quibus
844 2332 980 2378 supra
1007 2318 1095 2363 dixi
1117 2317 1361 2377 sufficient,
1391 2333 1530 2379 quum
1561 2333 1725 2365 novum
1745 2335 1827 2366 nu-

222 2388 421 2449 perrime
459 2389 701 2434 accesserit
741 2395 785 2433 et
823 2389 1182 2448 inexspectatum
1230 2390 1576 2448 antiquissimae
1601 2391 1827 2436 versionis

221 2459 431 2518 Syriacae
458 2465 714 2517 repertum,
751 2460 957 2519 proximo
985 2465 1092 2519 post
1117 2458 1358 2504 Eusebium
1397 2458 1550 2505 seculo
1579 2461 1828 2521 eodemque

220 2528 315 2574 sere
352 2535 557 2588 tempore
601 2542 690 2588 quo
725 2528 910 2574 Rufinus
948 2530 1030 2574 lios
1066 2528 1210 2574 libros
1246 2531 1289 2574 in
1328 2542 1582 2575 sermonem
1617 2530 1825 2576 Latinum

225 2598 459 2644 transtulit
485 2598 643 2651 factae,
683 2599 736 2644 de
764 2612 851 2659 qua
879 2598 994 2647 Guil.
1021 2598 1221 2658 Wright,
1257 2600 1325 2644 vir
1351 2600 1404 2644 de
1439 2600 1604 2645 litteris
1633 2600 1827 2660 Syriacis

221 2668 683 2728 praeclaremeritus,
727 2670 835 2715 haec
861 2669 913 2714 ad
942 2682 1011 2714 me
1038 2670 1329 2729 perscripsit:

329 2739 381 2796 „l
418 2752 485 2783 am
522 2739 738 2799 occupied
778 2740 821 2783 iu
858 2739 1107 2799 preparing
1141 2753 1196 2784 an
1233 2739 1400 2785 edition
1447 2739 1499 2784 of
1538 2740 1612 2784 the
1650 2742 1828 2786 ancient

223 2808 377 2869 Syriae
413 2810 590 2853 version
627 2808 679 2853 of
715 2809 791 2854 the
826 2808 1156 2854 Ecclesiastical
1192 2808 1375 2869 History
1419 2809 1470 2854 os
1508 2809 1743 2856 Eusebius.
1810 2812 1827 2856 1

222 2879 331 2924 have
358 2885 452 2923 two
480 2880 782 2938 manuscripts
812 2879 863 2924 os
883 2880 918 2924 it
945 2886 989 2924 at
1015 2893 1089 2939 my
1116 2878 1328 2939 disposal.
1382 2879 1489 2940 One,
1529 2886 1649 2926 most
1673 2880 1828 2942 kindly
