1986 3152
558 103 714 146 HIST.
746 102 995 145 ECCLES.
1025 102 1130 144 VII.
1163 105 1230 143 26.
1250 105 1318 146 27.
1627 102 1727 154 331

252 229 415 279 xxvl.
459 228 587 295 [Nic.
618 231 674 280 H.
707 231 756 280 E.
792 231 866 288 v1‚
894 227 1006 296 24]
1066 214 1183 275 Ἐπὶ
1214 216 1436 285 ταύταις
1468 223 1567 276 τοῦ
1598 229 1730 277 Λιο-

121 309 323 360 νυσίου
354 305 619 375 φέρονται
651 306 740 360 καὶ
772 301 935 360 ἄλλαι
958 309 1183 370 πλείους
1209 304 1509 375 ἐπιστολαὶ,
1540 300 1728 375 ὥσπερ

121 390 186 443 αἱ
217 385 354 443 κατὰ
396 394 712 459 Σαβελλίου
756 385 892 462 πρὸς
917 385 1188 460 ’Ἄμμωνα
1225 393 1321 459 τῆς
1363 385 1500 444 κατὰ
1531 394 1724 459 Βερνί-

121 494 228 543 κην
259 474 551 544 ἐκκλησίας
593 474 918 544 ἐπίσκοπον,
966 474 1058 528 καὶ
1098 468 1130 544 ἡ
1173 469 1308 543 πρὸς
1358 470 1728 544 Τελεσφόρον,

123 550 277 610 καὶ
246 579 280 627 η
313 553 448 629 πρὸς
474 554 836 629 Εὐφράνορα,
877 556 969 613 καὶ
1001 554 1169 612 πάλιν
1197 553 1461 655 ’Ἄμμωνα
1492 558 1584 612 καὶ
1617 553 1770 613 Εὕ-5

124 662 314 712 πορον.
378 639 667 697 συντάττει
709 641 769 697 δε
799 642 926 714 περὶ
955 643 1051 711 τῆς
1083 636 1250 711 αὐτῆς
1280 635 1603 707 ὑποθέσεως
1635 642 1726 696 καὶ

122 721 267 780 ἄλλα
295 725 534 798 τέσσαρα
566 722 980 797 συγγράμματα,
1014 721 1048 779 ἃ
1078 727 1153 798 τῷ
1177 723 1312 779 κατὰ
1338 719 1549 796 Ρωμην
1578 723 1727 797 ὅμω-

122 805 285 884 νόμῳ
316 813 604 864 Διονυσίω
636 820 974 881 προσφωνεῖ.
1036 811 1084 862 2.
1119 809 1211 862 καὶ
1235 812 1461 873 πλείους
1496 808 1556 863 δὲ
1583 806 1730 882 παρὰ

122 889 326 957 ταύτας
359 892 502 948 εἰσὶν
533 887 704 948 αὐτοῦ
735 890 864 965 παρ’
900 887 1036 965 ἡμῖν
1069 892 1368 962 ἐπιστολαὶ,
1411 893 1504 947 καὶ
1537 889 1606 962 δὴ
1637 894 1729 947 καὶ

122 982 420 1041 πολυεπεῖς
451 973 603 1047 λόγοι
636 979 695 1032 ἐν
737 979 1025 1047 ἐπιστολῆς
1067 980 1368 1048 χαρακτῆρι
1405 976 1728 1049 γραφέντες,
1754 992 1795 1023 10

123 1057 197 1125 ὡς
226 1063 285 1115 015
311 1061 438 1132 περὶ
467 1058 724 1132 φύσεως,
781 1062 1036 1136 Τιμοθέῳ
1077 1064 1153 1136 τῷ
1195 1060 1353 1116 παιδὶ
1398 1076 1728 1132 προσπεφω-

121 1144 379 1216 νημένοι,
424 1146 516 1200 καὶ
557 1142 587 1201 ὁ
619 1146 746 1214 περὶ
787 1148 1139 1218 πειρασμῶν,
1186 1139 1255 1200 ὂν
1285 1144 1376 1199 καὶ
1409 1140 1581 1201 αὐτὸν
1615 1141 1731 1202 Εὐ-

122 1225 364 1301 φράνορι
395 1224 771 1285 ἀνατέθεικεν.
849 1233 898 1286 3.
941 1230 1030 1285 ἐπὶ
1060 1226 1274 1294 τούτοις
1305 1229 1395 1283 καὶ
1427 1232 1728 1302 Βασιλείδῃ

121 1316 236 1368 τῶν
265 1311 402 1368 κατὰ
432 1311 535 1384 τὴν
565 1311 918 1370 Πεντάπολιν
948 1315 1255 1386 παροικιῶν
1287 1312 1569 1388 ἐπισκόπςο
1601 1311 1731 1387 γρά-

121 1419 250 1468 φων
279 1398 454 1469 φησὶν
487 1395 687 1454 ἑαυτὸν
718 1403 796 1462 εἰς
836 1396 938 1469 τὴν
977 1394 1158 1469 ἀρχὴν
1201 1394 1460 1468 ἐξήγησιν
1499 1399 1730 1468 πεποιῆ-
1754 1413 1794 1445 15

121 1489 259 1536 σθαι
289 1483 390 1538 τοῦ
413 1478 858 1554 Ἐκκλησιαστοῦ.
922 1479 1224 1553 διαφόρους
1257 1479 1305 1536 δ’
1343 1479 1476 1554 ἡμῖν
1506 1483 1599 1537 καὶ
1635 1479 1731 1547 τὰς

122 1562 262 1664 πρὸς
292 1569 488 1622 τοῦτον
509 1568 905 1623 καταλέλοιπεν
929 1563 1229 1631 ἐπιστολάς.
1277 1569 1517 1621 τοσαῦτα
1547 1563 1574 1621 ὁ
1598 1575 1729 1622 Διο-

119 1646 326 1715 νύσιος.
404 1646 546 1706 ἄλλα
585 1674 692 1722 γαρ
732 1648 842 1722 ἤδη
887 1650 1023 1722 μετὰ
1069 1647 1172 1722 τὴν
1215 1647 1428 1706 τούτων
1482 1654 1732 1723 ἱστορίαν

119 1733 258 1833 φέρε
286 1735 379 1790 καὶ
409 1733 511 1806 τὴν
542 1731 676 1791 καθ’
701 1729 840 1807 ἡμᾶς
870 1747 983 1801 τοῖς
1006 1736 1294 1807 μετέπειτα
1317 1738 1608 1806 γνωρίζειν
1638 1756 1731 1806 γε·-

119 1839 276 1889 νεαν,
309 1816 476 1884 ὁποία
506 1843 587 1885 τις
619 1810 708 1891 ἦν,
742 1823 1093 1892 παραδῶμεν.
1751 1834 1793 1865 20

251 1913 438 1963 XXVII.
486 1913 700 1979 [Nm-H.
725 1914 778 1962 E.
809 1914 894 1970 Vl,
924 1911 1034 1980 27]
1078 1900 1298 1967 Ξύστον
1328 1905 1422 1974 τῆς
1447 1897 1731 1975 Ῥωμαίων

129 1990 418 2057 ἐκκλησίας
464 1992 644 2044 ἔτεσιν
691 1989 889 2044 ἕνδεκα
930 1985 1242 2060 προστάντα
1296 1988 1604 2059 διαδέχεται
1656 1990 1731 2062 τῷ

121 2068 247 2126 κατ’
288 2068 712 2142 Ἀλεξάνδρειαν
750 2070 1042 2144 ὁμώνυμος
1073 2069 1386 2137 Διονύσιος.
1453 2073 1512 2127 ἐν
1553 2068 1730 2146 τούτῳ

125 2154 187 2210 δὲ
227 2156 318 2210 καὶ
364 2161 762 2228 Λημητριανοῦ
804 2154 922 2212 κατ’
964 2153 1301 2228 Ἀντιόχειαν
1339 2154 1437 2211 τὸν
1476 2161 1602 2227 βίον
1641 2178 1732 2228 με·

121 2237 489 2307 ταλλάξαντος
519 2237 620 2311 τὴν
653 2237 958 2314 ἐπισκοπὴν
988 2244 1214 2306 Παῦλος
1243 2238 1271 2295 ὁ
1306 2243 1364 2296 ἐκ
1386 2237 1730 2312 Σαμοσάτων
1753 2254 1794 2286 25

123 2322 559 2396 παραλαμβάνει.
622 2329 670 2381 2.
706 2323 906 2382 τούτου
941 2325 1000 2381 δὲ
1030 2322 1261 2381 ταπεινοὶ
1301 2325 1393 2380 καὶ
1425 2326 1734 2397 χαμαιπετῆ

122 2407 251 2479 περὶ
291 2411 671 2478 τοῦΧριστοῦ
721 2408 871 2482 παρὰ
919 2406 1022 2480 τὴν
1069 2407 1525 2480 ἐκκλησιαστικὴν
1572 2413 1732 2464 διδα-

122 2497 361 2548 σκαλίαν
391 2490 804 2566 φρονήσαντος,
848 2490 922 2559 ὡς
953 2496 1146 2550 κοινοῦ
1174 2491 1276 2565 τὴν
1306 2491 1478 2565 φύσιν
1509 2490 1730 2561 ἀνθρώ-

120 2598 234 2632 που
264 2578 588 2648 γενομένου,
619 2575 647 2633 ὁ
679 2576 784 2649 μὲν
814 2573 936 2633 κατ’
964 2575 1389 2651 Ἀλεξάνδρειαν
1413 2575 1729 2646 Διονύσιος,

123 2661 504 2733 παρακληθεὶς
536 2660 612 2726 ὡς
644 2657 715 2717 ἂν
747 2663 836 2718 ἐπὶ
867 2660 968 2734 τὴν
992 2659 1233 2719 σύνοδον
1254 2658 1526 2734 ἀφίκοιτο,
1560 2663 1728 2732 γῆρας
1752 2674 1792 2705 30

123 2739 265 2815 ὁμοῦ
296 2746 386 2801 καὶ
420 2741 724 2803 άσθένειαν
753 2747 854 2802 τοῦ
883 2743 1132 2819 σώματος
1156 2743 1560 2818 αἰτιασάμενος,
1593 2741 1726 2799 ἀνα-

49 2899 54 2903 ,
123 2833 336 2885 τίθεται
392 2828 494 2901 τὴν
545 2835 887 2905 παρουσίαν,
945 2828 1016 2886 δι’
1069 2833 1356 2902 ἐπιστολῆς
1406 2828 1506 2901 τὴν
1560 2824 1732 2882 αὐτοῦ
