1986 3152
499 97 659 141 HIST.
688 97 937 142 ECCLES.
970 98 1054 138 ΙΙΙ.
1087 94 1270 138 26—28.
1584 95 1684 147 119

70 214 251 288 νόμον
293 219 552 286 λατρείαν
593 209 793 286 ὁμοίως
836 215 1065 281 ἐκείνοις
1095 215 1380 286 περιέπειν
1411 212 1684 270 ἐσπούδα-

72 307 185 368 ζον.
246 302 295 356 4.
337 291 490 355 οῦτοι
531 299 590 355 δὲ
632 301 729 355 τοῦ
759 299 859 370 μὲν
890 296 1201 355 ἀποστόλου
1233 297 1409 363 πάσας
1439 297 1533 364 τὰς
1567 300 1687 354 ἐπι-

71 381 272 449 στολὰς
302 380 567 455 άρνητέας
599 379 835 455 ἡγοῦντο
868 381 1010 439 εἶναι
1043 388 1182 455 δεῖν,
1215 379 1530 454 ἀποστάτην
1552 380 1686 439 ἀπο-

78 474 378 534 καλοῦντες
410 466 582 524 αὐτόν
622 471 721 524 τοῦ
755 465 952 540 νόμου·
1000 464 1303 544 εὐαγγελίῳ
1339 468 1397 523 δὲ
1427 465 1577 543 μόνῳ
1607 472 1684 542 τῷ

79 550 208 609 καθ’
241 548 526 624 Ἐβραίους
567 554 843 627 λεγομένῳ
874 549 1145 658 χρώμενοι
1175 552 1287 608 τῶν
1318 555 1528 607 λοιπῶν
1559 570 1683 623 σμι-
1707 569 1726 600 5

74 636 216 706 ,κρόν
242 639 525 693 ἐποιοῦντο
550 633 728 707 λόγον.
761 640 809 692 5.
835 637 928 691 καὶ
954 635 1013 691 τὸ
1037 659 1139 706 μεν
1167 634 1447 707 σάββατον
1472 637 1560 692 καὶ
1586 633 1688 707 τὴν

81 719 258 792 άλλην
291 717 601 790 Ἰουδαικὴν
641 717 867 791 ἀγωγὴν
909 715 1108 791 ὁμοίως
1150 723 1380 784 ἐκείνοις
1434 719 1684 792 παρεφύ-

79 813 310 876 λαττον,
336 817 455 870 ταῖς
488 802 538 860 δ’
577 805 646 859 αὐ
677 817 967 877 κυριακαῖς
998 799 1225 876 ἡμέραις
1256 799 1388 876 ἡμῖν
1418 828 1483 859 τα
1514 826 1687 874 παρα-

79 886 286 959 πλήσια
319 893 396 954 εἰς
426 887 648 960 μνήμην
677 891 773 955 τῆς
803 891 904 944 τοῦ
934 895 1133 959 κυρίου
1174 885 1526 953 ἀναστάσεως
1568 891 1687 944 ἐπε·

71 975 289 1029 γτέλουν.
351 978 399 1029 (3.
441 969 582 1029 ὅθεν
622 970 770 1044 παρὰ
811 973 912 1043 τὴν
950 971 1212 1043 τοιαύτην
1254 975 1565 1045 ἐγχείρησιν
1594 977 1687 1043 τῆς

72 1060 302 1112 τοιᾶσδε
332 1055 622 1129 λελόγχασι
654 1062 1044 1129 προσηγορίας,
1075 1060 1173 1114 τοῦ
1196 1055 1538 1128 Ἐβιωναίων
1567 1052 1688 1113 ὀνό-

74 1164 267 1214 ματος,
298 1139 400 1213 τὴν
429 1146 524 1213 τῆς
557 1146 806 1208 διανοίας
838 1148 1111 1214 πτωχείαν
1135 1139 1320 1198 αὐτῶν
1341 1142 1687 1213 ὑποφαίνον-

71 1241 194 1291 τος·
227 1224 399 1300 ταύτῃ
429 1225 534 1297 γὰρ
569 1229 799 1297 ἐπίκλην
822 1225 850 1282 ὁ
874 1224 1085 1298 πτωχὸς
1108 1225 1238 1298 παρ’
1268 1222 1538 1297 Ἑβραίοις
1568 1223 1690 1282 ὀνο-

73 1308 317 1381 ,μάζεταα

208 1404 420 1454 XXVIII.
475 1404 600 1470 [Me.
626 1406 684 1454 H.
709 1405 762 1453 E.
789 1405 875 1460 III,
904 1403 1010 1470 14]
1080 1391 1236 1451 Κατὰ
1273 1393 1404 1458 τοῦς
1448 1398 1687 1465 δεδηλω-

79 1479 283 1548 μένους
324 1477 559 1550 χρόνους
600 1481 786 1550 ἑτέρας
827 1482 1089 1550 αἱρέσεως
1133 1476 1376 1552 ἀρχηγὸν
1425 1480 1689 1549 γενέσθαι

82 1560 375 1636 Κήρινθον
405 1561 840 1635 παρειλήφαμεν.
902 1560 1088 1634 Γάϊος,
1120 1555 1186 1619 οῦ
1209 1560 1400 1635 φωνὰς
1426 1560 1534 1634 ἤδη
1559 1561 1690 1632 πρό-

82 1669 244 1720 τερον
274 1650 706 1720 παρατέθειμαι,
753 1651 813 1703 ἐν
853 1650 919 1721 τῇ
962 1649 1239 1721 φερομένῃ
1273 1646 1445 1703 αὐτοῦ
1478 1645 1692 1718 ζητήσει

49 1755 51 1757 ·
66 1733 254 1833 “cath-oc
285 1732 410 1801 περὶ
442 1735 540 1788 τοῦ
566 1729 736 1789 αὐτοῦ
760 1729 963 1803 γράφει
1003 1736 1049 1788 2.
1075 1727 1253 1787 “ἆλλὰ
1284 1733 1374 1787 καὶ
1405 1730 1693 1803 Κήρινθος

66 1809 143 1871 “5
178 1812 252 1871 δι’
287 1811 694 1884 αποκαλύψεων
726 1814 798 1881 ὡς
837 1814 946 1872 ὑπὸ
986 1813 1294 1873 ἀποστόλου
1325 1815 1568 1888 μεγάλου
1599 1838 1686 1885 γε·

113 1901 444 1972 γραμμένων
473 1906 854 1972 τερατολογίας
884 1899 1019 2007 ημῖν
1050 1925 1121 2001 ῳς
1154 1898 1225 1956 δι’
1263 1897 1428 1972 άγγέλ
1435 1924 1512 1956 ων
1544 1898 1694 1975 αὐτῳ

67 1978 470 2086 ἴδεδειγμένας
499 1983 840 2058 ψευδόμενος
884 1984 1159 2057 ἐπεισάγει
1200 1988 1378 2056 λέγων
1418 2008 1552 2057 μετα
1592 1982 1692 2055 τὴν

0 2101 1 2142 χ
75 2065 419 2125 “άνάστασιν
471 2072 716 2141 ἐπίγειον
767 2069 909 2126 εἶναι
961 2068 1019 2126 τὸ
1071 2076 1354 2140 βασίλειον
1403 2074 1500 2126 τοῦ
1555 2077 1690 2139 Χρι-

68 2146 276 2223 Ὕστοῦ,
316 2154 408 2208 καὶ
448 2152 617 2211 πάλιν
659 2157 978 2226 ἐπιθυμίαις
1018 2156 1109 2210 καὶ
1152 2152 1380 2226 ἡδοναῖς
1413 2157 1472 2210 ἐν
1495 2151 1693 2223 Ἰερου-

68 2230 297 2308 ’“σαλὴμ
346 2236 448 2308 τὴν
499 2238 676 2312 σάρκα
728 2241 1161 2311 πολιτευομένην
1203 2236 1508 2295 δουλεύειν.
1599 2238 1687 2293 καὶ

69 2314 312 2393 ’“ἐχθρὸς
350 2317 618 2395 ὑπάρχων
658 2337 777 2388 ταῖς
818 2336 1057 2395 γραφαῖς
1109 2326 1208 2379 τοῦ
1257 2325 1402 2380 θεοῦ
1451 2319 1692 2393 ἀριθμὸν

68 2401 507 2475 “χιλιονταετίας
539 2411 600 2464 ἐν
630 2405 784 2483 γάμῳ
821 2409 1027 2480 ἑορτῆς,
1059 2409 1246 2464 θέλων
1277 2411 1515 2477 πλανᾶν,
1548 2408 1690 2476 λέγει

68 2483 422 2558 ((γίνεσθαιῗ
482 2494 530 2546 3.
566 2493 658 2547 καὶ
682 2490 980 2557 Διονύσιος
1015 2492 1075 2548 δὲ
1105 2488 1134 2548 ὁ
1166 2496 1261 2563 τῆς
1292 2490 1410 2548 κατ’
1439 2488 1693 2557 Ἀλεξάν-

83 2577 280 2641 δρειαν
311 2580 599 2644 παροικίας
630 2572 764 2632 καθ’
798 2573 940 2648 ἡμᾶς
970 2575 1072 2647 τὴν
1105 2575 1411 2646 ἐπισκοπὴν
1443 2572 1688 2646 εἰληχώς,

82 2659 148 2712 ἐν
179 2658 418 2733 δευτέρῳ
449 2662 561 2716 τῶν
593 2662 934 2731 ἐπαγγελιῶν
973 2662 1097 2728 περὶ
1129 2663 1224 2732 τῆς
1247 2658 1505 2717 Ἰωάννου
1530 2656 1692 2715 Ἀπο-

61 1896 103 1918 (τ

200 2852 253 2891 28
286 2845 558 2906 Διονύσιος]
585 2851 717 2894 Conf.
742 2853 863 2892 infra
887 2855 930 2902 7,
955 2855 1023 2894 25.

1715 999 1752 1029 10

1713 1418 1752 1450 15

1714 1840 1756 1872 20

1714 2258 1754 2290 25

1714 2678 1756 2708 30
