1986 3152
581 114 740 159 msT.
771 115 1021 157 ECCLES.
1054 115 1134 157 1x.
1168 117 1234 160 10.
1610 111 1716 166 443

99 232 197 290 “τὸ
240 231 473 307 ἀρχαῖον
516 236 732 289 δίκαιον
780 237 894 289 τῶν
936 237 1287 306 Χριστιανῶν
1328 230 1718 307 ἀνακληθῆναι

103 316 537 390 “ε’κελευ’σαμεν,
570 321 664 373 ἵνα
695 318 789 373 καὶ
821 319 881 374 ἐν
909 316 1094 394 τούτῳ
1125 321 1222 389 τῆς
1251 315 1521 391 ἡμετέρας
1552 316 1717 376 εὐσε-

103 401 294 473 “βείας
326 402 420 456 καὶ
449 406 546 473 τῆς
578 406 844 476 προνοίας
887 410 1155 474 αἴσθησιν
1186 401 1391 468 πάντες
1422 401 1713 474 λάβωσιν.”

112 490 194 541 12.
241 479 406 542 αῦται
435 490 537 542 τοῦ
568 485 854 559 τυράννου
886 487 1092 558 φωναὶ,
1126 483 1253 543 οὐδ’
1292 486 1428 543 ὅλον
1461 486 1717 544 ἐνιαυτὸν

107 575 222 626 τῶν
275 569 414 626 κατὰ
478 575 826 644 Χριστιανῶν
880 572 941 626 ἐν
993 570 1213 643 στήλαις
1273 569 1759 644 άνατεθειμένωνῡ

108 653 259 731 αὐτῷ
313 654 702 727 διαταγμάτων
752 653 1127 729 ὑστερίσασαι.
1215 656 1307 711 καὶ
1366 653 1497 728 παρ’
1559 650 1604 732 ᾦ
1654 679 1718 727 γε

108 741 287 815 μικρῷ
326 739 579 811 πρόσθεν
619 743 911 810 δυσσεβεῖς
960 741 1267 811 ἐδοκοῦμεν
1306 740 1399 795 καὶ
1439 738 1597 796 ἄθεοι
1627 741 1718 796 καὶ

108 823 315 889 παντὸς
345 820 573 895 ὄλεθροι
601 827 703 878 τοῦ
733 827 895 893 βίου,
941 821 1013 888 ῶς
1043 822 1118 894 μὴ
1150 822 1232 879 ὅτι
1262 845 1325 893 γε
1356 823 1544 895 πόλιν,
1588 820 1715 880 ἀλλ’

108 906 242 964 οὐδὲ
271 907 459 979 χῶραν
488 903 613 962 οὐδ’
651 907 884 978 ἐρημίαν
914 910 1092 962 οἰκεῖν
1124 908 1534 981 ἐπιτρέπεσθαι,
1569 908 1721 981 παρὰ

107 991 287 1067 τούτῳ
340 990 608 1058 διατάξεις
658 988 803 1064 ὑπὲρ
847 995 1197 1064 Χριστιανῶν
1249 992 1344 1047 καὶ
1397 997 1718 1064 νομοθεσίαι
1742 1019 1781 1051 10

111 1074 543 1146 συνετάττοντο,
574 1074 669 1130 καὶ
699 1078 757 1131 oc
783 1073 890 1149 πρὸ
922 1075 1155 1148 βραχέος
1191 1076 1330 1149 πυρὶ
1360 1076 1456 1132 καὶ
1488 1075 1716 1152 σιδήρῳ,

106 1164 328 1233 θηρίων
368 1182 426 1216 τε
465 1159 560 1214 καὶ
589 1163 812 1215 οἰωνῶν
850 1165 993 1234 βορᾷ
1035 1158 1142 1233 πρὸ
1184 1158 1500 1232 ὀφθαλμῶν
1540 1157 1719 1217 αὐτοῦ

107 1249 208 1300 τοῦ
239 1243 523 1318 τυράννου
567 1242 1048 1318 διαφθειρόμενοι,
1090 1245 1182 1300 καὶ
1222 1249 1335 1301 πᾶν
1367 1243 1516 1310 εἶδος
1547 1245 1716 1300 κολά-

110 1346 247 1395 σεως
289 1329 383 1384 καὶ
423 1334 719 1401 τιμωρίας,
760 1326 1084 1400 ἀπαλλαγῆς
1123 1350 1180 1385 τε
1217 1334 1346 1400 βίου
1390 1328 1715 1401 οἰκτρότατα

112 1412 267 1470 ῶσὰν
296 1412 455 1469 ἅθεοι
484 1413 579 1468 καὶ
620 1417 913 1484 δυσσεβεῖς
953 1411 1362 1485 ὑπομένοντες,
1416 1407 1569 1469 οὗτοι
1608 1418 1717 1470 νῦν
1742 1436 1780 1469 15

109 1498 248 1570 πρὸς
279 1495 459 1554 αυτοῦ
483 1498 577 1553 καὶ
600 1497 935 1570 θρησκεύειν
960 1496 1363 1570 ὁμολογοῦνται
1384 1503 1715 1571 θρησκείαν,

109 1584 202 1638 καὶ
236 1581 609 1650 ἐπισκευάζειν
640 1604 876 1655 κυριακα
909 1582 1318 1656 ἐπιτρέπονται,
1359 1582 1452 1638 καὶ
1483 1585 1717 1638 δικαίων

107 1671 280 1723 τινῶν
322 1665 513 1732 αυτοῖς
554 1678 801 1739 μετεῖναι
850 1664 1018 1732 αυτὸς
1059 1664 1087 1724 6
1128 1666 1406 1741 τύραννος
1446 1678 1722 1740 μαρτυρεῖ

108 1753 201 1808 καὶ
231 1749 507 1824 ὁμολογεῖ.
555 1750 642 1807 13.
675 1751 766 1806 καὶ
796 1750 865 1823 δὴ
897 1756 1125 1807 τοιαῦτα
1158 1750 1716 1831 ἐξομολογησάμενος,

112 1835 298 1910 ῶσπερ
337 1834 484 1901 τινὸς
526 1835 714 1908 τυχῶν
756 1832 1108 1909 εὐεργεσίας,
1150 1834 1369 1891 τούτων
1408 1835 1477 1907 δὴ
1523 1834 1714 1891 αὐτῶν
1736 1860 1777 1891 20

112 1923 275 1977 ἕνεκα
304 1914 470 1990 ἦττον
509 1943 544 1992 η
587 1929 794 1976 παθεῖν
834 1918 1010 1976 αυτὸν
1053 1923 1221 1994 ἐχρῆν
1266 1919 1449 1991 δήπου
1491 1918 1715 1990 παθῶν,

110 2003 296 2079 ἀθρόα
326 2009 468 2061 θεοῦ
499 2005 727 2075 πληγεις
757 2004 979 2077 μάστιγι
1004 2007 1064 2062 ἐν
1091 2006 1324 2079 δευτέρᾳ
1345 2009 1447 2061 τοῦ
1472 2004 1716 2076 πολέμου

109 2093 365 2163 συμβολῇ
396 2090 772 2162 καταστρέφει.
847 2092 928 2145 14.
983 2094 1198 2160 γίνεται
1238 2086 1292 2144 δ’
1337 2086 1494 2164 αὐτῷ
1526 2086 1592 2144 τὰ
1623 2092 1718 2158 τῆς

109 2178 496 2248 καταστροφῆς
528 2171 631 2245 οὐχ
663 2169 754 2230 οἷα
785 2183 1111 2247 στρατηγοῖς
1142 2172 1540 2246 πολεμάρχαις,
1572 2170 1718 2242 ὑπὲρ

111 2257 309 2330 ἀρετῆς
368 2258 462 2313 καὶ
520 2264 822 2332 γνωρίμων
881 2257 1144 2324 πολλάκις
1198 2255 1603 2332 ἀνδριζομένοις
1659 2258 1719 2312 ἐν
1742 2278 1782 2311 25

111 2343 366 2418 πολέμῳ,
406 2340 511 2413 τὴν
557 2339 757 2414 εὐκλεῆ
797 2342 1063 2415 τελευτὴν
1093 2340 1390 2416 εὐθαρσῶς
1421 2340 1719 2414 ὑπομεῖναι

112 2427 350 2498 συνέβη,
395 2423 536 2481 ἀλλὰ
573 2425 679 2499 γὰρ
722 2426 818 2482 ἅτε
857 2449 935 2493 τις
975 2426 1256 2498 δυσσεβὴς
1298 2427 1392 2482 καὶ
1420 2425 1716 2498 θεομάχος,

114 2516 212 2582 τῆς
243 2509 597 2584 παρατάξεως
629 2507 708 2566 ἔτ’
742 2507 896 2587 αὐτῷ
926 2508 1035 2585 πρὸ
1065 2515 1168 2566 τοῦ
1199 2514 1399 2567 πεδίου
1432 2509 1713 2567 συνεστῶ-

113 2615 232 2667 σης,
265 2604 406 2652 οἴκοι
422 2594 610 2666 μένων
627 2591 798 2661 αὐτὸς
822 2595 915 2651 καὶ
937 2593 1382 2668 κρυπταζόμενος
1405 2594 1508 2667 τὴν
1538 2610 1717 2667 προσ-

109 2680 359 2752 η’κουσαν
417 2685 687 2753 τιμωρίαν
750 2677 945 2751 ὑπέχει
969 2723 984 2751 ,
1046 2677 1232 2754 άθρόᾳ
1294 2683 1433 2736 θεοῦ
1486 2678 1717 2749 πληγεὶς
1740 2697 1781 2730 30

113 2761 248 2820 καθ’
292 2764 429 2822 ὅλου
460 2769 562 2821 τοῦ
598 2763 850 2837 σώματος
881 2764 1132 2836 μάστιγι,
1179 2761 1252 2829 ῶς
1294 2761 1564 2834 άλγηδόσι
1603 2765 1717 2816 δει-

113 2861 239 2915 ναῖς
289 2851 383 2906 καὶ
434 2854 827 2923 περιωδυνίαις
883 2848 1258 2920 ἐλαυνόμενον
1312 2851 1496 2922 πρηνῆ
1550 2867 1718 2901 κατα-
