2032 3174
541 120 699 162 HIST.
732 118 980 162 ECCLES.
1012 120 1073 159 11.
1106 121 1143 161 9.
1178 122 1242 164 10.
1632 119 1701 170 57

91 239 160 311 τῇ
186 241 527 310 δημηγορία,
562 231 634 301 ῶς
667 237 755 292 ἐπὶ
786 238 928 293 θεοῦ
949 239 1112 310 φωνῇ
1129 238 1219 293 καὶ
1245 232 1348 292 οὐκ
1372 233 1701 312 ἀνθρώπου,

93 323 423 394 παραχρῆμα
453 317 513 377 τὸ
546 318 736 392 λόγιον
766 319 998 388 πατάξαι
1029 319 1199 378 αὐτὸν
1229 319 1470 394 ἄγγελον
1501 327 1703 396 κυρίου

98 410 336 479 ἱστορεῖ,
391 403 692 477 γενόμενόν
729 429 786 462 τε
835 404 1307 479 σκωληκόβρωτον
1353 409 1594 475 ἐκψῦξαι.
1655 411 1702 463 2.

94 487 383 562 θαυμάσαι
417 487 466 545 δ’
504 487 659 557 ἄξιον
688 492 783 560 τῆς
814 492 937 562 περὶ
965 489 1065 562 τὴν
1088 496 1253 547 θείαν
1276 489 1499 563 γραφὴν
1524 492 1616 547 καὶ
1646 494 1705 547 ἐν

93 577 238 650 τῷδε
260 577 335 650 τῷ
358 572 650 649 παραδόξῳ
676 579 1005 646 συμφωνίας
1029 573 1129 644 τὴν
1154 578 1250 631 τοῦ
1267 573 1535 646 Ἰωσήπου
1562 580 1703 631 ίστο-
1727 599 1751 631 5

96 664 251 731 ρίαν,
285 654 418 715 καθ’
452 655 522 729 ἣν
553 661 939 731 ἐπιμαρτυρῶν
978 660 1046 730 τῇ
1076 654 1314 734 ἀληθεία
1358 657 1524 732 δῆλός
1558 663 1707 716 ἐστιν

98 745 157 798 ἐν
187 741 332 817 τόμω
364 748 456 814 τῆς
489 739 873 814 ἀρχαιολογίας
907 741 1405 819 ἐννεακαιδεκάτω,
1439 750 1580 801 ε’νθα
1611 769 1707 801 αυ-

94 839 206 891 τοῖς
224 842 538 930 γραμμασιν
563 817 676 881 ῶδέ
694 849 809 891 πως
832 824 891 882 τὸ
905 831 1098 899 θαῦμα
1125 831 1393 898 διηγειται
1417 824 1514 884 3.“
1521 834 1707 901 τρίτον

86 907 176 1011 :6³
216 915 332 976 ἔτος
363 906 511 966 αὐτῶ
544 908 899 982 βασιλεύοντι
922 913 1016 982 τῆς
1040 908 1170 983 ολης
1193 909 1466 978 Ἰουδαίας
1497 911 1706 983 πεπλή-

90 989 298 1095 Ξῖρωτο,
342 995 434 1050 καὶ
475 998 661 1067 παρῆν
703 1001 779 1061 εἰς
811 993 975 1054 πόλιν
1003 993 1371 1069 Καισάρειαν,
1415 992 1448 1067 ἣ
1477 994 1535 1052 τὸ
1568 995 1703 1067 πρό·
1730 1019 1776 1051 ιο

90 1073 286 1150 “τερον
317 1076 645 1151 Στράτωνος
675 1078 884 1152 πύργος
910 1083 1170 1137 ἐκαλεῖτο.
1227 1085 1508 1137 συνετέλει
1536 1077 1588 1136 δ’
1619 1083 1709 1138 ε’ν-

90 1158 311 1220 ’“ταῦθα
352 1171 598 1234 θεωρίας
645 1169 720 1230 εἰς
751 1163 852 1236 τὴν
884 1171 1165 1237 Καίσαρος
1207 1164 1398 1237 τιμὴν,
1441 1161 1580 1238 ὑπὲρ
1612 1171 1707 1239 τῆς

89 1242 346 1304 μἐκείνου
387 1253 659 1320 σωτηρίας
702 1246 898 1321 ἑορτήν
943 1274 1066 1305 τινα
1096 1248 1304 1321 ταύτην
1337 1247 1706 1321 ἐπιστάμενος.

91 1326 221 1387 “καὶ
251 1328 384 1403 παρ’
419 1329 592 1403 αὐτὴν
622 1329 888 1404 ἤθροιστο
918 1339 1031 1389 τῶν
1062 1332 1196 1390 κατά
1227 1331 1327 1406 τὴν
1356 1332 1616 1406 ἐπάρχιον
1650 1338 1709 1391 ἐν

91 1410 271 1471 “τε’λει
312 1416 402 1471 καὶ
443 1414 872 1489 προβεβηκότων
906 1423 980 1483 εἰς
1011 1414 1171 1485 ἀξίαν
1202 1420 1431 1489 πλῆθος.
1493 1422 1540 1474 4.
1577 1423 1704 1475 δευ-
1731 1437 1778 1472 15

91 1494 259 1574 “ve'pqc
291 1501 352 1556 δὲ
381 1505 494 1556 τῶν
523 1504 780 1571 θεωριῶν
810 1497 985 1576 ᾑμέρᾳ
1016 1499 1216 1574 στολὴν
1248 1500 1620 1574 ἐνδυσάμενος
1654 1505 1706 1569 ἐξ

84 1581 378 1655 γ“ἀργυ’ρου
410 1587 786 1657 πεποιημένην
827 1588 1040 1658 πᾶσαν,
1089 1585 1159 1652 ῶς
1198 1585 1516 1658 θαυμάσιον
1555 1584 1708 1659 ὑφὴν

92 1662 301 1739 ἐεἷναι,
342 1671 633 1741 παρῆλθεν
665 1675 742 1734 εἰς
782 1668 841 1725 τὸ
872 1672 1112 1740 θεάτρον
1151 1669 1454 1742 ἀρχομένης
1485 1668 1704 1742 ἡμέρας.

91 1749 271 1808 “ἔνθα
302 1765 421 1819 ταῖς
452 1750 694 1826 πρώταις
724 1757 836 1809 τῶν
865 1751 1111 1826 ἡλιακῶν
1150 1753 1391 1811 ἀκτίνων
1424 1757 1707 1826 ἐπιβολαῖς

92 1831 156 1892 “ὃ
180 1833 418 1910 ἄργυρος
443 1839 849 1909 καταυγασθεὶς
874 1844 1204 1911 θαυμασίως
1227 1836 1540 1910 ἀπέστιλβε,
1568 1863 1707 1912 μαρ-
1730 1861 1780 1892 202

93 1918 344 1993 “μαίρων
383 1944 434 1977 τι
477 1919 721 1994 φοβερὸν
774 1924 866 1978 καὶ
910 1936 1024 1988 τοῖς
1069 1929 1146 1990 εἰς
1188 1921 1357 1979 αὐτὸν
1399 1920 1708 1991 ἀτενίζουσι

94 2001 424 2076 “φρικῶδες.
484 2009 532 2063 5.
569 2002 741 2072 εὐθὺς
769 2007 826 2063 δὲ
851 2011 909 2063 οἰ
935 2006 1161 2075 κόλακες
1192 2006 1285 2072 τὰς
1317 2004 1484 2064 οὐδὲν
1515 2010 1708 2084 ἐκείνῳ

96 2086 266 2161 “πρός
295 2087 516 2160 ἀγαθοῦ
554 2088 716 2156 ἄλλος
757 2088 999 2149 ἄλλοθεν
1030 2090 1219 2165 φωνάς
1250 2088 1531 2164 ἀνεβόων,
1570 2090 1709 2148 θεὸν

92 2170 659 2248 “προσαγορευόντες,
715 2174 728 2195 ⁰
749 2173 983 2248 εὐμενής
1033 2201 1091 2234 τε
1147 2172 1281 2249 εἰής’
1339 2177 1706 2248 ἐπιλέγοντες·

95 2254 205 2314 Μεί
233 2258 324 2314 καὶ
364 2260 522 2332 μέχρι
550 2261 658 2316 νῦν
698 2258 767 2326 ῶς
798 2258 1106 2334 ἄνθρωπον
1137 2258 1524 2334 ἐφοβήθημεν,
1570 2259 1708 2316 ἀλλὰ
1731 2280 1780 2313 25»

93 2337 470 2400 ’”τούντεῦθεν
501 2342 787 2416 κρείττονά
817 2363 880 2402 σε
907 2349 1119 2419 θνητῆς
1141 2351 1236 2418 τῆς
1263 2343 1484 2418 φύσεως
1513 2344 1710 2418 ὁμολο-

97 2421 377 2497 “γοῦμεν.’
432 2431 480 2484 6.
505 2426 608 2484 οὐκ
641 2430 906 2501 ἐπέπληξε
939 2428 1152 2496 τούτοις
1183 2430 1212 2487 ὁ
1251 2429 1544 2501 βασιλεὺς,
1576 2426 1708 2485 οὐδὲ

98 2505 235 2579 “τὴν
264 2515 557 2568 κολακείαν
599 2509 917 2584 ἀσεβοῦσαν
966 2513 1326 2588 ἀπετρίψατο.
1413 2511 1703 2581 ἀνακύψας

95 2589 193 2648 “δε
222 2589 342 2665 μετ’
367 2591 557 2667 ὀλίγον
584 2599 680 2668 τῆς
706 2599 906 2654 εαυτοῦ
930 2603 1172 2672 κεφαλῆς
1194 2597 1710 2674 υπερκαθεζόμενον

95 2670 284 2734 “siden
322 2674 573 2751 αγγελον.
646 2683 842 2738 τοῦτον
883 2679 1058 2749 ευθύς
1103 2681 1297 2756 ἐνόησε
1337 2685 1523 2740 κακῶν
1567 2679 1708 2738 εἶναι
1732 2701 1780 2733 3ο

216 2872 242 2912 8
271 2872 456 2926 Ioseph.
477 2874 529 2915 A.
551 2875 588 2914 l.
610 2874 734 2928 XIX,
757 2877 797 2927 8,
819 2878 859 2916 2.
