1986 3152
622 111 780 153 HIST.
812 111 1062 153 ECCLES.
1097 113 1174 156 VI.
1209 115 1275 153 19.
1646 111 1750 164 263

126 226 269 301 τεμὲν
301 226 406 300 γὰρ
439 225 766 300 Χριστιανὸς
800 229 858 284 ἐν
884 235 1235 301 Χριστιανοῑς
1267 225 1607 302 ἀνατραφεὶς
1637 242 1750 295 τοῖς

125 309 446 384 ’“γονεῦσιν,
464 308 553 368 ὅτε
577 316 675 368 τοῦ
699 326 933 385 φρονεῖν
956 313 1046 369 καὶ
1069 316 1165 384 τῆς
1192 318 1527 385 φιλοσοφίας
1550 311 1748 385 ἥψατο,

126 392 341 462 “εὐθύς
382 396 520 470 πρὸς
550 395 652 468 τὴν
683 394 818 453 κατὰ
849 394 1053 469 νόμους
1084 401 1367 453 πολιτείαν
1398 395 1747 469 μετεβάλετο,

127 479 180 502 «2
343 482 357 502 e
543 481 557 502 x
591 478 617 497 n
861 484 872 503 2
931 479 957 497 ··!
1481 484 1492 506 ς
1618 480 1630 497 ι

177 488 451 554 Ωριγενης
506 485 565 536 δε
612 488 792 553 Ελλην
847 505 907 537 εν
948 488 1158 553 Ελλησι
1198 486 1526 547 παιδευθεις
1567 489 1748 553 λογοις

121 565 299 637 τ’πρὸς
340 563 398 621 τὸ
442 563 728 638 βάρβαρον
770 563 1020 633 ἐξώκειλε
1059 564 1334 638 τόλμημα·
1384 557 1428 641 ᾦ
1460 565 1528 639 δὴ
1559 568 1749 639 φέρων
1772 594 1791 626 5

125 645 335 706 “αὑτόν
374 672 433 705 τε
472 651 562 705 καὶ
602 648 704 721 τὴν
747 653 807 706 ἐν
848 663 961 716 τοῖς
1004 649 1186 720 λόγοις
1230 651 1344 716 ἕξιν
1386 648 1747 723 ε’καπήλευσε,

128 730 306 789 κκατα
335 733 437 805 μὲν
466 732 570 789 τὸν
599 739 726 804 βίον
757 736 1102 806 Χριστιανῶς
1135 737 1241 801 ζῶν
1272 735 1363 789 καὶ
1394 733 1748 806 παρανόμως,

119 813 301 873 τεκατα
355 817 414 872 δὲ
465 816 559 882 τὰς
611 818 737 890 περὶ
781 820 893 873 τῶν
933 815 1273 889 πραγμάτων
1312 818 1404 872 καὶ
1445 821 1543 873 τοῦ
1582 824 1747 874 θείου

124 896 327 968 ς’δόξας
358 902 656 972 ἑλληνίζων
687 902 779 957 καὶ
809 898 1171 972 τὰἙλλήνων
1201 913 1316 966 τοῖς
1339 899 1583 966 ὀθνείοις
1613 898 1747 958 ὑπο*

124 981 499 1057 “βαλλόμενος
539 983 758 1058 μύθοις.
820 990 866 1041 8.
901 988 1082 1057 συνῆν
1120 1009 1178 1042 τε
1220 984 1322 1058 γὰρ
1367 981 1453 1041 ἀεὶ
1488 988 1565 1061 τῷ
1594 984 1745 1042 Πλά-
1772 1016 1809 1047 ιο

120 1065 325 1141 ’“τωνι,
366 1083 480 1136 τοῖς
510 1092 570 1126 τε
601 1074 933 1143 Νουμηνίου
965 1072 1057 1126 καὶ
1087 1076 1367 1143 Κρονίου,
1404 1066 1748 1143 Ἀπολλοφά-

126 1149 298 1219 ’(νους
328 1176 386 1210 τε
417 1156 507 1211 καὶ
531 1160 814 1226 Λογγίνου
846 1156 939 1210 καὶ
966 1152 1301 1228 Μοδεράτου
1332 1152 1659 1227 Νικομάχου
1689 1179 1748 1212 τε

120 1234 251 1295 “uoci
303 1241 415 1296 τῶν
461 1242 521 1295 ἐν
561 1253 675 1305 τοῖς
716 1245 1131 1311 Πυθαγορείοις
1173 1242 1479 1311 ἐλλογίμων
1520 1234 1747 1311 ἀνδρῶν

119 1318 355 1396 ’“ὦμίλει
405 1321 857 1397 συγγράμμασιν·
922 1326 1115 1397 ἐχρῆτο
1164 1323 1224 1378 δὲ
1263 1324 1355 1378 καὶ
1397 1321 1746 1395 Χαιρήμονος

122 1403 261 1463 “tofi
293 1411 579 1479 Στωϊκοῦ,
613 1406 937 1479 Κορνούτου
968 1430 1026 1463 τε
1056 1420 1176 1472 ταῖς
1206 1412 1450 1478 βίβλοις,
1492 1404 1628 1480 παρ’
1664 1399 1743 1465 ὧν
1768 1435 1808 1467 15

119 1487 256 1548 “vbv
278 1489 683 1564 μεταληπτικὸν
705 1497 818 1548 τῶν
841 1488 975 1562 παρ’
990 1489 1213 1564 Ἕλλησι
1237 1498 1558 1563 μυστηρίων
1578 1490 1747 1563 γνοὺς

161 1573 367 1648 τρόπον
390 1589 509 1642 ταῖς
526 1574 858 1643 Ἰουδαϊκαῖς
882 1578 1133 1649 προσῆψε
1155 1572 1442 1649 γραφαῖς.”
1500 1580 1546 1632 9.
1574 1580 1747 1633 ταῦτα

128 1661 206 1737 τῷ
235 1666 546 1736 Πορφυρίςο
587 1659 723 1717 κατὰ
764 1659 822 1716 τὸ
865 1666 1051 1734 τρίτον
1091 1658 1423 1733 σύγγραμμα
1463 1663 1575 1717 τῶν
1612 1684 1743 1735 γρα-

126 1745 349 1816 φέντων
391 1740 542 1820 αὐτῷ
583 1744 721 1801 κατὰ
753 1748 1103 1819 Χριστιανῶν
1145 1755 1385 1818 εἴρηται,
1429 1743 1746 1817 ἐπαληθεύ-

128 1846 287 1885 σαντι
330 1828 433 1901 μὲν
473 1831 599 1902 περὶ
643 1832 740 1901 τῆς
780 1826 1015 1903 τάνδρὸς
1054 1827 1339 1901 ἀσκήσεως
1370 1829 1461 1884 καὶ
1493 1837 1742 1902 πολυμα-
1768 1856 1808 1888 20

130 1918 320 1983 θείας,
362 1914 693 1990 ψευσαμένῳ
739 1914 798 1970 δὲ
840 1918 1030 1986 σαφῶς
1072 1913 1154 1987 (τί
1180 1911 1283 1987 γὰρ
1315 1914 1417 1969 οὐκ
1449 1919 1677 1985 ἔμελλεν
1709 1909 1740 1970 ὁ

130 1995 267 2052 κατὰ
313 1997 716 2071 Χριστιανῶν;)
765 2001 826 2054 ἐν
876 1995 958 2064 οἷς
1008 1994 1178 2055 αὐτὸν
1226 1998 1328 2070 μὲν
1376 2000 1429 2064 ἐξ
1466 1992 1745 2070 Ἑλλήνων

127 2083 304 2154 φησὶν
342 2092 800 2155 μετατεθεῖσθαι,
842 2080 939 2139 τὸν
973 2081 1023 2138 δ’
1057 2079 1364 2155 Ἀμμώνιον
1397 2085 1456 2138 ἐκ
1486 2087 1615 2153 βίου
1645 2085 1746 2139 τοῦ

129 2163 268 2222 κατὰ
307 2163 409 2238 τὴν
449 2169 780 2238 θεοσέβειαν
823 2168 911 2224 ἐπὶ
954 2166 1050 2224 τὸν
1094 2166 1322 2224 ἐθνικὸν
1350 2164 1557 2239 τρόπον
1589 2169 1745 2224 ἐκπε-

127 2262 270 2307 σεῖν.
334 2255 413 2307 10.
447 2254 524 2327 τῷ
563 2275 622 2308 τε
662 2252 768 2326 γὰρ
793 2249 1066 2325 Ὠριγένει
1106 2251 1173 2308 τὰ
1206 2254 1302 2324 τῆς
1333 2249 1470 2308 κατὰ
1501 2250 1742 2326 Χριστὸν
1765 2277 1804 2309 25

132 2338 490 2400 διδασκαλίας
543 2338 602 2392 ἐκ
653 2335 946 2408 προγόνων
986 2333 1239 2407 ἐσώζετο,
1294 2330 1369 2401 ὦς
1410 2336 1500 2391 καὶ
1542 2335 1610 2392 τὰ
1648 2339 1744 2408 τῆς

130 2417 382 2490 πρόσθεν
429 2423 670 2493 ἱστορίας
714 2419 946 2494 ἐδήλου,
997 2423 1075 2497 τῷ
1112 2444 1172 2478 τε
1205 2418 1496 2496 Ἀμμωνίῳ
1541 2418 1606 2476 τά
1647 2424 1743 2492 τῆς

132 2504 333 2560 ἐνθέου
364 2510 694 2576 φιλοσοφίας
725 2502 955 2577 ἀκέραια
983 2506 1074 2561 καὶ
1099 2502 1420 2562 ἀδιάπτωτα
1443 2506 1536 2561 καὶ
1559 2506 1743 2578 μέχρις

131 2585 357 2660 ἐσχάτης
397 2591 494 2644 τοῦ
535 2594 663 2659 βίου
710 2590 927 2661 διέμενε
966 2592 1256 2660 τελευτῆς,
1300 2586 1372 2655 ὥς
1413 2610 1522 2645 που
1563 2591 1654 2645 καὶ
1691 2591 1747 2644 οἱ

128 2667 364 2745 τάνδρὸς
407 2674 572 2729 εἰσέτι
603 2675 711 2730 νῦν
741 2675 1086 2748 μαρτυροῦσι
1115 2671 1304 2745 πόνοι,
1348 2669 1424 2730 δι’
1460 2697 1539 2730 ων
1580 2675 1735 2729 κατέ-
1765 2695 1805 2727 30

133 2762 258 2811 λιπε
283 2756 728 2859 συγγραμμάτων
751 2755 900 2831 παρὰ
930 2770 1043 2824 τοῖς
1074 2763 1349 2824 πλείστοις
1382 2754 1740 2830 ευδοκιμοῦν-

128 2854 242 2905 τος
276 2841 459 2915 ω’σπερ
491 2842 592 2898 οὐν
623 2837 774 2899 καὶὸ
807 2844 1272 2916 ἐπιγεγραμμένος
1299 2843 1425 2914 περὶ
1448 2847 1543 2912 τῆς
1568 2849 1740 2897 Μωυ-

118 1571 151 1594 <C
