1986 3152
646 121 803 163 HIST.
834 119 1080 162 ECCLES.
1115 121 1169 160 X.
1202 122 1242 160 4.
1626 117 1723 169 461

128 235 473 294 ἐπαιδεύετο·
508 234 576 293 ὃν
606 236 716 310 γάρ
746 232 936 311 άγαπᾷ
966 235 1187 309 κύριος,
1220 234 1501 307 παιδεύει,
1533 253 1729 308 μαστι-

125 333 222 392 γοῖ
249 321 310 377 δὲ
341 319 523 377 πάντα
551 320 684 378 υίόν
713 318 780 378 ὃν
811 320 1192 394 παραδέχεται.
1252 323 1337 376 34.
1377 320 1559 397 μέτρῳ
1592 323 1730 392 δῆτα

125 403 263 461 κατὰ
294 403 356 461 τὸ
390 405 521 461 δέον
554 408 973 479 ἐπιστραφεῖσα,
1006 398 1174 470 αὖθις
1203 402 1429 462 ἄνωθεν
1458 407 1511 472 ἐξ
1542 402 1727 476 ὑπαρ-

125 493 225 561 χῆς
257 486 529 560 ἆγαλλιᾶν
570 489 988 564 προστάττεται,
1034 492 1263 556 ἐξανθεῖ
1295 511 1355 546 τε
1396 483 1470 555 ὥς
1509 494 1728 562 κρίνον,

125 574 218 629 καὶ
247 578 344 645 τῆς
377 574 580 630 ἐνθέου
612 573 853 639 εὐωδίας
883 579 962 640 εἰς
992 574 1203 638 πάντας
1229 571 1473 630 ἀποπνεῖ
1498 572 1728 646 ἀνθρώ-

126 673 293 724 πους·
347 656 456 729 ὅτι,
500 658 706 730 φησὶν,
754 658 962 732 ἐρράγη
1005 660 1065 714 ἐν
1103 663 1172 731 τῇ
1216 654 1402 734 ἐρήμῳ
1440 656 1628 730 ὕδωρ,
1669 656 1730 712 τὸ

125 744 276 814 νᾶμα
314 745 412 813 τῆς
453 748 614 807 θείας
653 746 757 798 τοῦ
798 747 1073 815 σωτηρίου
1115 745 1358 814 λουτροῦ
1400 748 1730 813 παλιγγενε-

126 832 274 892 σίας·
308 826 403 882 καὶ
431 831 545 882 νῦν
575 826 808 896 γέγονεν
837 823 871 897 ἡ
902 824 1011 898 πρὸ
1043 828 1248 897 μικροῦ
1278 830 1476 897 ἔρημος
1508 831 1586 891 εἰς
1618 827 1732 895 ἕλη,

126 911 222 966 καὶ
254 915 331 976 εἰς
359 907 464 980 τὴν
495 911 753 977 διψῶσαν
792 913 900 980 γῆν
933 914 1135 982 ἔβρυσε
1167 907 1314 980 πηγὴ
1353 907 1563 974 ὕδατος
1593 913 1732 976 ζῶν-

124 1009 240 1060 τος·
287 992 529 1067 ἴσχυσάν
557 1016 616 1050 τε
649 988 725 1060 ὦς
757 991 984 1065 άληθῶς
1014 1005 1195 1066 χεῖρες
1236 997 1299 1049 αἱ
1323 991 1386 1048 τὸ
1417 993 1553 1065 πρὶν
1583 990 1732 1048 ἀνει-

124 1077 317 1152 μέναι,
369 1078 463 1133 καὶ
513 1082 610 1149 τῆς
659 1082 774 1134 τῶν
824 1080 1027 1151 χειρῶν
1074 1074 1266 1149 ἰσχύος
1308 1082 1444 1150 ἔργα
1483 1075 1616 1132 τάδε
1665 1076 1731 1131 τοὶ

128 1161 342 1236 μεγάλα
382 1162 476 1217 καὶ
521 1164 726 1234 ἐναργῆ
770 1166 1064 1234 δείγματα·
1117 1158 1256 1217 ἀλλὰ
1307 1161 1402 1216 καὶ
1454 1159 1521 1216 τα
1562 1157 1734 1216 πάλαι

128 1246 530 1319 σεσαθρωμένα
559 1247 655 1302 καὶ
685 1246 989 1319 παρειμένα
1011 1245 1218 1316 γόνατα
1238 1244 1337 1310 τὰς
1360 1249 1567 1310 οἰκείας
1592 1242 1733 1300 άπο-

128 1329 375 1402 λαβόντα
404 1330 622 1402 βάσεις,
652 1330 755 1402 τὴν
785 1325 924 1386 ὁδὸν
963 1333 1060 1401 τῆς
1088 1333 1437 1400 θεογνωσίας
1478 1326 1730 1385 εὐθυπο-

128 1419 340 1487 ροῦντα
370 1419 605 1486 βαδίζει,
649 1415 740 1471 ἐπὶ
770 1412 872 1487 τὴν
902 1419 1115 1470 οἰκείαν
1145 1419 1389 1486 ποίμνην
1417 1417 1518 1469 τοῦ
1549 1433 1734 1469 πανα-

128 1498 316 1571 γάθου
349 1499 608 1572 ποιμένος
641 1498 975 1555 σπεύδοντα.
1049 1501 1133 1555 35.
1175 1503 1228 1554 εἰ
1255 1497 1318 1554 δὲ
1348 1498 1441 1554 καὶ
1471 1509 1593 1562 ταῖς
1622 1501 1736 1553 τῶν

127 1582 427 1656 τυράννων
468 1579 719 1649 ἀπειλαῖς
769 1581 868 1648 τας
916 1581 1099 1654 ψυχάς
1138 1605 1280 1648 τινες
1320 1579 1736 1655 άπενάρκησαν,

128 1666 267 1725 οὐδὲ
296 1667 530 1733 τούτους
561 1662 590 1723 6
625 1666 889 1741 σωτήριος
932 1664 1356 1741 άθεραπεύτους
1385 1670 1607 1740 παρορᾷ
1638 1666 1732 1721 λό-

129 1767 254 1824 γος·
310 1746 376 1808 εὖ
417 1752 567 1824 μάλα
607 1752 670 1808 δὲ
711 1753 805 1808 καὶ
847 1749 1055 1817 αὐτούς
1098 1750 1331 1823 ἰώμενος
1372 1755 1451 1816 εἰς
1491 1749 1593 1822 τὴν
1634 1755 1736 1805 τοῦ

1760 1014 1796 1045 10

1759 1432 1798 1464 15

128 1842 295 1893 θείου
327 1834 675 1909 παράκλησιν
717 1839 977 1910 παρορμᾷ
1008 1835 1214 1906 λέγων·
1258 1838 1343 1891 36.
1379 1828 1733 1907 “παρακαλε’-
1757 1853 1798 1884 20

131 1939 295 1992 σατε,
339 1924 397 1977 οἰ
431 1916 758 1993 ὄλιγόψυχοι
797 1923 866 1994 τῇ
900 1923 1152 1994 διανοίᾳ,
1193 1918 1482 1991 ἰσχύσατε,
1522 1917 1596 1991 μὴ
1628 1940 1734 1990 φο-

130 2001 373 2077 βεῖσθε.”
420 2004 636 2062 τούτων
665 2009 790 2062 δεῖν
820 2003 1139 2061 ἀπολαῦσαι
1165 2003 1269 2076 τὴν
1299 2001 1388 2059 δια
1410 2001 1550 2059 θεὸν
1572 2024 1738 2073 γενο-

130 2092 305 2162 μένην
335 2094 560 2163 ἔρημον,
582 2094 687 2146 τοῦ
719 2089 889 2161 λόγου
921 2087 1400 2161 προαγορεύοντος
1424 2085 1738 2150 ἐπακούσας

131 2172 285 2250 ὀξεία
327 2177 576 2240 διανοίας
617 2171 759 2247 ἀκοῇ
799 2195 964 2238 ουτος
1006 2171 1051 2230 6
1075 2173 1201 2238 νέος
1238 2170 1399 2245 ἡμων
1437 2171 1530 2227 καὶ
1571 2169 1740 2235 καλὸς

135 2258 484 2331 Ζοροβάβελ,
526 2281 663 2331 μετα
702 2257 805 2331 τὴν
844 2256 1049 2331 πικρὰν
1091 2259 1312 2328 ἐκείνην
1357 2260 1739 2328 αἰχμαλωσίαν

133 2342 242 2398 καὶ
277 2341 339 2398 τὸ
391 2343 680 2416 βδέλυγμα
729 2347 827 2415 τῆς
881 2341 1207 2415 ἐρημώσεως
1258 2338 1327 2397 ού
1374 2338 1626 2412 παριδων
1678 2338 1739 2394 τὸ

132 2430 334 2498 πτῶμα
376 2425 600 2499 νεκρὸν,
645 2426 923 2500 πρώτιστα
962 2425 1191 2483 πάντων
1231 2422 1611 2498 παρακλήσεσι
1648 2423 1740 2478 καὶ

134 2517 307 2576 λιταῖς
338 2514 506 2567 ἵλεων
527 2509 628 2567 τὸν
650 2510 860 2583 πατέρα
881 2509 1018 2583 μετά
1040 2513 1140 2582 τῆς
1161 2513 1350 2581 κοινῆς
1369 2503 1535 2581 ὑμῶν
1558 2506 1739 2565 ἁπάν-

132 2617 246 2652 των
287 2592 684 2668 ὁμοφροσύνης
723 2593 1236 2666 καταστησάμενος,
1287 2594 1381 2649 καὶ
1430 2591 1528 2649 τὸν
1566 2591 1741 2664 μόνον

134 2685 354 2752 νεκρῶν
370 2678 636 2747 ζωοποιὸν
653 2678 947 2752 σύμμαχον
963 2676 1306 2751 παραλαβών
1321 2677 1415 2733 καὶ
1439 2674 1739 2748 συνεργὸν,

250 2874 271 2912 1
305 2873 446 2916 Hebr.
482 2875 547 2923 12,
580 2874 618 2914 6.
737 2874 762 2912 6
792 2871 881 2912 Ies.
916 2872 983 2921 35,
1017 2873 1054 2914 6.

1763 2271 1801 2302 25

1763 2691 1803 2722 30
