1986 3152
568 84 726 125 HIST.
758 83 1005 127 ECCLES.
1039 84 1091 124 v.
1115 85 1294 126 25-28.
1632 83 1737 135 235

115 226 235 268 νος.
296 202 386 256 καὶ
431 198 495 257 τὰ
537 199 639 271 μὲν
681 204 757 266 εἰς
797 194 1067 272 ἡμετέραν
1109 197 1343 256 ἐλθόντα
1385 206 1594 272 γνῶσιν
1623 204 1737 257 τῶν

124 291 432 356 Εἰρηναίου
463 286 719 340 τοσαῦτα.
784 282 1045 355 Κομόδου
1077 284 1137 339 δὲ
1162 282 1262 356 τὴν
1285 282 1461 357 ἀρχὴν
1487 286 1575 341 ἐπὶ
1603 286 1736 341 δέκα

120 371 216 426 καὶ
257 370 438 439 τρισὶν
480 375 622 425 ἔτεσι
659 366 1066 434 καταλύσαντος
1099 364 1451 442 αὐτοκράτωρ
1485 371 1736 441 Σεβῆρος

115 450 248 510 οὐδ’
277 451 423 519 ὅλοις
454 455 622 525 μησὶν
655 455 709 519 ἓξ
740 450 873 524 μετὰ
897 449 999 524 τὴν
1022 450 1282 525 Κομόδου
1306 451 1568 525 τελευτὴν
1592 462 1735 526 Περ-

123 543 345 603 τίνακος
378 540 776 609 διαγενομένου
809 550 1011 609 κρατεῖ.
1758 557 1778 589 5

250 631 436 681 xxvss.
504 631 633 696 [Nic.
675 632 731 679 Η.
775 630 826 678 E.
868 630 953 686 lv,
994 628 1101 694 35]
1194 628 1438 677 Πλεῖστα
1486 621 1588 694 μὲν
1632 613 1736 678 οὖν

114 727 271 776 παρα
312 712 533 769 πολλοῖς
576 706 740 760 εἰσέτι
779 706 887 759 νῦν
931 709 1042 759 τῶν
1073 701 1197 759 τότε
1230 703 1453 772 σωζεται
1484 709 1737 762 παλαιῶν

119 791 214 845 καὶ
255 790 719 860 ἐκκλησιαστικῶν
760 785 985 858 ανδρων
1025 789 1287 859 ἐναρέτου
1319 792 1567 860 σπουδῆς
1596 788 1738 846 ἰπο-

121 869 402 946 μνήματα
458 872 537 928 ὠν
590 895 651 943 γε
694 869 806 943 μὴν
847 868 1003 928 αὐτοὶ
1046 875 1376 944 διέγνωμεν,
1432 881 1516 945 εἰη
1560 897 1630 929 αν
1672 897 1737 929 τα

104 955 473 1028 ”Ηρακλείτου
507 961 584 1022 εἰς
614 953 712 1012 τόν
746 953 1073 1027 ἀπόστολον,
1106 957 1197 1011 καὶ
1229 979 1296 1012 τα
1319 959 1585 1029 Μαξίμου
1609 959 1733 1029 περὶ
1760 976 1800 1007 10

116 1043 221 1098 τοῦ
249 1038 681 1113 πολυθρυλήτου
713 1038 861 1112 παρὰ
893 1051 1006 1105 τοῖς
1039 1038 1387 1113 αἰρεσιώταις
1419 1039 1734 1113 ζητήματος,

116 1127 222 1182 τοῦ
260 1122 442 1181 πόθεν
482 1119 515 1196 ἡ
548 1129 742 1195 κακία,
784 1125 875 1180 καὶ
907 1125 1032 1196 περὶ
1065 1126 1168 1180 τοῦ
1196 1122 1435 1196 γενητήν
1464 1123 1736 1198 ὑπάρχειν

123 1207 224 1281 τὴν
261 1205 430 1281 ὕλην·
474 1206 539 1264 τοί
581 1231 638 1264 τε
670 1213 960 1266 Κανδίδου
1005 1214 1082 1274 εἰς
1122 1207 1223 1280 τὴν
1267 1207 1596 1282 ἑξαήμερον,
1644 1211 1735 1265 καὶ

110 1292 384 1358 Ἀπίωνος
438 1298 514 1359 εἰς
563 1291 664 1364 τὴν
706 1290 883 1363 αὐτὴν
923 1288 1226 1349 υπόθεσιν·
1280 1288 1481 1365 ὁμοίως
1526 1294 1737 1361 Σέξτου

123 1380 250 1451 περὶ
281 1375 650 1448 ἆναστασεως,
686 1378 777 1433 καὶ
809 1374 946 1447 αλλη
977 1400 1057 1442 τις
1086 1374 1355 1442 ὑπόθεσις
1380 1379 1733 1450 Ἀραβιανοῦ,
1760 1396 1799 1427 15

118 1464 214 1517 καὶ
246 1467 463 1534 μυρίων
493 1458 707 1531 αλλων,
751 1484 831 1516 ων
865 1459 956 1517 δια
986 1458 1045 1516 τὸ
1075 1466 1356 1533 μηδεμίαν
1388 1468 1533 1534 ἔχειν
1563 1486 1735 1534 αφορ-

121 1546 233 1644 μήν
262 1570 363 1618 ουχ
387 1541 506 1602 οἷόν
529 1568 587 1601 τε
611 1542 737 1602 οὕτε
760 1568 888 1610 τους
913 1543 1147 1617 χρόνους
1172 1549 1523 1619 παραδουναι
1547 1551 1734 1620 γραφῇ

115 1626 256 1687 οὔθ’
287 1635 527 1703 ιστορίας
550 1628 773 1702 μνήμην
796 1625 1280 1702 υποσημήνασθαι.
1334 1631 1424 1686 καὶ
1457 1627 1642 1687 αλλων
1675 1631 1736 1687 δε

122 1721 416 1785 πλείστων,
446 1714 524 1769 ὡν
554 1710 692 1769 ουδε
721 1737 816 1778 τας
848 1719 1218 1787 προσηγορίας
1249 1716 1571 1785 καταλέγειν
1601 1713 1736 1787 ημῖν

120 1796 396 1870 δυνατὸν,
439 1790 618 1869 ἦλθον
660 1802 737 1864 εἰς
779 1795 919 1869 ἡμας
961 1796 1112 1868 λόγοι
1154 1796 1476 1871 ὀρθοδόξων
1509 1799 1611 1871 μὲν
1642 1801 1734 1855 καὶ
1756 1816 1798 1847 20

119 1884 615 1953 ἐκκλησιαστικῶν,
658 1879 730 1948 ὡς
771 1905 833 1952 γε
877 1879 945 1954 δή
985 1877 1018 1954 ἡ
1063 1879 1296 1939 ἑκαστου
1328 1888 1735 1985 παραδείκνυσι

118 1970 218 2038 τῆς
258 1971 417 2034 θείας
459 1969 674 2040 γραφῆς
718 1969 1007 2048 ἑρμηνεία,
1049 1964 1277 2038 ἀδήλων
1310 1964 1420 2023 δε
1400 1964 1545 2039 όμως
1578 1965 1733 2040 ἡμῖν,

116 2047 204 2107 ότι
255 2074 328 2123 μη
377 2043 479 2123 τὴν
527 2056 906 2124 προσηγορίαν
961 2048 1216 2122 έπαγεται
1257 2054 1371 2109 τῶν
1411 2065 1737 2123 συγγραψα-

41 2187 46 2191 .
130 2136 328 2207 μένων.

251 2230 460 2280 XXVIII.
530 2228 657 2295 [Nic.
698 2230 756 2279 H
798 2230 850 2279 E.
891 2230 974 2285 IV,
1016 2227 1126 2295 21]
1215 2217 1443 2276 Τούτων
1488 2225 1548 2276 ἔν
1589 2235 1801 2286 τινος9·

119 2301 508 2408 σπουδασματι
543 2326 679 2375 μετα
709 2308 803 2375 τῆς
829 2301 1167 2375 Ἀρτέμωνος
1200 2305 1460 2373 αιρέσεως
1492 2325 1737 2375 πεπονη-

123 2388 302 2464 μένω,
356 2383 426 2460 ἣν
470 2379 636 2454 αυθις
681 2383 708 2443 ὁ
760 2390 817 2444 ἐκ
862 2385 1208 2459 Σαμοσατων
1254 2392 1478 2454 Παῦλος
1524 2384 1552 2444 ὁ
1599 2383 1734 2444 καθ’

127 2466 264 2543 ἡμας
308 2469 735 2528 ανανεώσασθαι
776 2477 1130 2544 πεπείραται,
1172 2475 1402 2543 φέρεταί
1435 2495 1515 2538 τις
1549 2470 1735 2544 διήγη-

121 2572 240 2626 σις,
281 2569 398 2622 ταῖς
443 2556 843 2628 ἐξεταζομέναις
884 2551 1019 2627 ἡμῖν
1057 2554 1415 2628 προσήκουσα
1455 2561 1733 2629 ἱστορίαις.

123 2641 175 2695 2.
219 2637 321 2711 τὴν
360 2638 463 2712 γάρ
494 2664 576 2696 τοι
608 2642 999 2712 δεληλωμένην
1029 2644 1273 2712 αἵρεσιν,
1319 2639 1485 2708 ψιλὸν
1515 2640 1734 2712 ἅνθρω-
1759 2655 1799 2686 30

123 2743 234 2779 πον
262 2725 525 2795 γενέσθαι
555 2722 654 2780 τόν
679 2727 901 2797 σωτῆρα
924 2722 1272 2796 φάσκουσαν,
1304 2723 1370 2781 οὐ
1397 2721 1503 2797 πρὸ
1527 2725 1737 2781 πολλοῦ

122 2818 595 2881 νεωτερισθεῖσαν
629 2806 978 2880 διευθύνων,
1013 2808 1204 2880 ἐπειδὴ
1235 2806 1533 2881 σεμνύνειν
1565 2806 1737 2878 αὐτὴν
