1986 3152
260 98 359 149 163
910 95 1156 138 EUSEBII

257 211 387 269 καθ’
425 208 564 284 ἡμᾶς
599 211 917 283 δογμάτων,
960 208 988 267 6
1031 211 1091 266 δε
1124 211 1394 285 δευτέραν
1423 213 1693 286 περιέχων
1723 210 1866 284 ὑπερ

255 299 350 368 τῆς
379 291 643 367 ἡμετέρας
674 301 908 361 πίστεως
939 292 1274 366 ἀπολογίαν,
1306 291 1377 366 ἣν
1406 301 1698 367 πεποίηται
1728 295 1867 370 πρὸς

256 379 352 438 τὸν
381 381 480 436 τοῦ
512 382 902 451 δεδηλωμένον
944 375 1343 452 αὐτοκράτορος
1383 378 1642 452 διαδοχόν
1684 403 1743 436 τε
1773 382 1862 436 καὶ

257 460 556 536 ὁμώνυμον
580 461 916 520 Ἀντωνῖνον
950 460 1195 534 Οὐῆρον,
1226 487 1294 520 ου
1323 461 1390 519 τοὶ
1421 462 1558 520 κατὰ
1586 461 1715 528 τούς
1744 462 1866 536 χρό·

217 569 235 600 5
258 572 390 613 νους
425 549 513 604 ἐπὶ
543 550 643 604 τοῦ
673 545 944 620 παρόντος
978 549 1231 620 διέξιμεν.
1280 551 1327 604 3.
1362 550 1454 604 καὶ
1478 546 1641 614 ἄλλος
1672 543 1700 604 6
1732 545 1866 621 πρὸς
1923 582 1925 586 -

243 631 542 704 Ἕλληνας,
587 634 646 688 ἐν
688 624 732 708 ᾦ
771 629 984 704 μακρὸν
1014 633 1141 703 περὶ
1173 637 1449 688 πλείστων
1479 628 1611 705 παρ’
1643 627 1778 704 ἡμῖν
1805 655 1864 688 τε

257 718 347 772 καὶ
379 730 492 782 τοῖς
515 714 795 789 Ελλήνων
824 715 1149 788 φιλοσόφοις
1175 717 1522 789 ζητουμένων
1544 721 1868 782 κατατείνας
1920 783 1922 786 ¹

258 798 424 873 λόγον
454 802 581 873 περι
610 804 706 872 τῆς
735 823 848 857 των
891 798 1171 872 δαιμόνων
1213 798 1578 874 διαλαμβανει
1619 798 1866 872 φύσεως·
1919 851 1924 854 .

257 910 290 940 α
330 881 499 942 ούδεν
550 908 620 941 αν
661 887 867 957 ἐπείγοι
907 908 973 940 τα
1011 888 1121 941 νῦν
1161 891 1592 986 παρατίθεσθαι.
1681 888 1730 941 4.
1776 885 1867 940 καὶ

196 990 235 1021 10
259 961 426 1035 αὖθις
458 970 647 1041 ἕτερον
677 967 812 1040 πρὸς
830 965 1096 1039 ’Έλληνας
1132 974 1209 1034 εἰς
1231 964 1372 1042 ἡμας
1399 966 1675 1041 ἐλήλυθεν
1698 964 1872 1025 αὐτοῦ

258 1052 608 1126 σύγγραμμα,
640 1050 670 1109 ὃ
700 1054 792 1109 καὶ
824 1056 1135 1125 ἐπέγραψεν
1167 1058 1406 1125 ἔλεγχον.
1461 1055 1553 1109 καὶ
1576 1074 1724 1126 παρα
1747 1051 1869 1109 τού·
1932 1102 1960 1131 4

257 1161 385 1202 τους
415 1134 548 1192 αλλο
579 1138 705 1209 περὶ
736 1139 877 1194 θεοῦ
905 1142 1235 1209 μοναρχίας,
1266 1133 1339 1208 ἢν
1368 1133 1435 1193 ού
1465 1135 1639 1209 μόνον
1670 1140 1730 1193 ἐκ
1759 1159 1871 1193 των
1924 1167 1926 1171 ’
1954 1184 1960 1207 ·.

258 1219 379 1293 παρ’
407 1218 544 1293 ἡμῖν
573 1244 825 1293 γραφων,
851 1218 990 1276 ἀλλὰ
1022 1223 1114 1277 καὶ
1146 1223 1205 1277 ἐκ
1235 1226 1346 1278 τῶν
1368 1219 1706 1293 Ἐλληνικων
1736 1238 1869 1276 συν·
1939 1223 1960 1268 Ῑ’

259 1312 441 1377 ίστησι
472 1310 722 1376 βιβλίων.
799 1308 847 1360 5.
884 1306 972 1361 ἐπὶ
995 1302 1209 1371 τούτοις
1234 1307 1706 1379 ἐπιγεγραμμένον
1729 1302 1868 1371 ψάλ-

196 1408 236 1439 15
260 1413 384 1462 της,
418 1390 509 1445 καὶ
541 1387 674 1445 ἄλλο
707 1386 965 1462 σχολικὸν
993 1391 1122 1462 περὶ
1151 1393 1363 1462 ψυχῆς,
1398 1393 1458 1446 ἐν
1491 1381 1535 1466 ᾦ
1568 1386 1870 1463 διαφόρους

261 1471 485 1539 πεύσεις
516 1479 808 1548 προτείνας
839 1475 966 1546 περὶ
995 1477 1094 1530 τοῦ
1124 1472 1261 1530 κατὰ
1300 1472 1402 1546 τὴν
1429 1472 1707 1531 ὑπόθεσιν
1735 1494 1872 1547 προ-
1923 1483 1959 1552 ἴῃ

261 1556 566 1630 βλήματος,
597 1561 709 1614 τῶν
739 1554 872 1630 παρ’
893 1555 1118 1630 ’Ἐλλησι
1150 1556 1474 1631 φιλοσόφων
1504 1563 1872 1630 παρατίθεται

259 1641 354 1708 τὰς
399 1641 590 1714 δόξας,
648 1638 733 1707 αἷς
773 1644 865 1698 καὶ
904 1639 1209 1710 ἀντιλέξειν
1246 1638 1627 1716 ὑπισχνεῖται,
1672 1639 1775 1712 τήν
1813 1663 1872 1697 τε

262 1723 427 1791 αὐτὸς
458 1724 627 1782 αὐτοῦ
663 1723 830 1793 δόξαν
862 1729 922 1783 ἐν
946 1729 1113 1803 ἑτέρω
1138 1724 1569 1798 παραθήσεσθαι
1593 1723 1870 1798 συγγράμ·

196 1828 236 1860 20
262 1834 405 1911 ματι.
468 1815 516 1867 6.
550 1812 642 1866 καὶ
674 1808 934 1883 διαλογον
965 1811 1026 1867 δε
1056 1808 1194 1885 πρὸς
1219 1807 1522 1878 Ἰουδαίους
1553 1812 1870 1881 συνέταξεν,
1956 1833 1957 1838 ’

259 1891 323 1951 ὃν
358 1895 446 1951 ἐπὶ
477 1897 572 1966 τῆς
598 1891 871 1967 Ἐφεσίων
900 1893 1110 1962 πόλεως
1139 1894 1276 1968 πρὸς
1309 1893 1588 1996 Τρύφωνα
1617 1918 1729 1951 των
1751 1891 1871 1951 τότε
1925 1895 1952 1910 ”“

253 1977 527 2051 Εβραίων
560 1978 959 2052 ἐπισημότατον
988 1985 1310 2051 πεποίηται,
1347 1982 1407 2036 ἐν
1439 1979 1480 2056 ςὸ
1510 1986 1637 2036 τίνα
1666 1976 1872 2051 τρόπον
1923 1975 1935 1994 ἕ

260 2086 294 2134 η
327 2067 458 2119 θεία
489 2061 644 2135 χάρις
675 2060 846 2120 αὐτὸν
879 2065 967 2120 ἐπὶ
999 2062 1095 2120 τὸν
1125 2069 1220 2136 τῆς
1261 2069 1495 2130 πίστεως
1536 2061 1872 2165 παρώρμησε

261 2143 427 2218 λόγον
468 2151 654 2217 δηλοῖ,
695 2142 896 2204 ὁποίαν
935 2170 994 2203 τε
1035 2146 1310 2220 πρότερον
1340 2145 1562 2218 περὶτὰ
1590 2144 1871 2219 φιλόσοφα

198 2247 239 2278 25
262 2227 564 2303 μαθήματα
595 2229 850 2301 σπουδὴν
882 2228 1258 2302 εἰσενήνεκται
1288 2233 1380 2287 καὶ
1408 2228 1547 2303 ὅσην
1579 2228 1871 2302 ἐποιήσατο

261 2318 360 2386 τῆς
391 2311 664 2385 ἀληθείας
698 2313 1084 2387 ἐκθυμοτάτην
1115 2313 1351 2388 ζήτησιν.
1417 2320 1461 2372 7.
1491 2320 1698 2387 ἱστορεῖ
1722 2312 1771 2371 δ’
1810 2317 1871 2371 ἐν

259 2395 444 2474 ταύτῷ
475 2399 603 2470 περὶ
627 2395 948 2470 Ἰουδαίων,
993 2397 1065 2465 ὡς
1095 2397 1233 2455 κατὰ
1261 2404 1356 2472 τῆς
1387 2402 1485 2457 τοῦ
1515 2401 1760 2473 Χριστοῦ
1791 2402 1869 2455 δι-

263 2486 563 2548 δασκαλίας
597 2481 900 2554 ἐπιβουλὴν
939 2486 1475 2556 συσκευασαμένων,
1520 2481 1660 2540 αὐτοὶ
1698 2484 1870 2540 ταῦτα

261 2564 400 2640 πρὸς
429 2563 525 2622 τὸν
564 2564 843 2639 Τρύφωνα
873 2565 1325 2640 ἀποτεινόμενος·
1363 2563 1466 2625 “ού
1505 2566 1677 2641 μόνον
1709 2568 1772 2624 δὲ
1800 2562 1868 2624 ού

197 2646 663 2723 30“μετενοήσατε
696 2648 783 2723 ἐφ’
819 2647 903 2718 οἷς
934 2650 1199 2725 ἐπράξατε
1229 2654 1440 2725 κακῶς,
1483 2648 1621 2709 ἀλλὰ
1660 2649 1869 2725 ἄνδρας

373 2845 424 2884 21
458 2844 620 2884 lustin.
645 2857 683 2884 c.
709 2843 878 2896 Tryph.
903 2857 940 2884 c·
968 2846 1032 2885 17.
