1986 3152
294 124 400 177 340
973 121 1218 162 EUSEBH

295 245 388 310 ἔτη
419 237 758 311 προστάντος
793 243 1183 309 Μαρκελλῖνος
1226 237 1458 308 κατέστη
1499 237 1789 309 διάδοχος,
1833 233 1902 293 ὃν

294 324 387 379 καὶ
439 319 618 378 αὐτὸν
658 319 687 377 ὁ
731 319 973 393 διωγμὸς
1015 326 1328 392 κατείληφε.
1399 325 1448 376 2.
1505 320 1642 377 κατὰ
1695 319 1900 377 τούσδε

294 412 391 478 τῆς
446 404 768 477 Ἀντιοχέων
822 407 1122 476 ἐπισκοπῆς
1185 403 1319 476 μετὰ
1374 404 1605 476 Δόμνον
1655 402 1900 477 ἡγήσατο

303 497 559 563 Τίμαιος,
593 487 662 546 ὃν
691 487 721 545 ὁ
755 488 888 545 καθ’
922 487 1067 561 ἡμᾶς
1105 489 1382 556 διεδέξατο
1415 488 1721 562 Κύριλλος,
1765 485 1897 544 καθ’

253 593 273 626 5
299 574 366 631 ὃν
401 573 716 647 Δωρόθεον
745 579 1047 646 πρεσβείου
1078 578 1178 629 τοῦ
1208 571 1346 628 κατα
1373 570 1710 645 Ἀντιόχειαν
1739 570 1904 644 ἠξιω-

295 660 467 732 μένον
490 663 604 714 τῶν
625 657 882 729 τηνικάδε
906 657 1095 728 λόγιον
1108 656 1290 730 ἄνδρα
1311 662 1579 730 ἔγνωμεν.
1609 655 1908 729 φιλόκαλος

297 742 352 799 δ’
383 736 547 808 οὗτος
573 741 700 814 περὶ
714 740 782 797 τοὶ
805 750 937 798 θεῖα
960 740 1207 812 γεγονώς
1231 743 1326 797 καὶ
1348 745 1446 812 τῆς
1471 737 1744 815 Ἐβραίων
1775 743 1906 796 ἐπε-

295 826 511 900 μελήθη
563 825 836 897 γλώττης,
903 824 978 891 ὦς
1031 826 1124 881 καὶ
1176 821 1375 891 αὐταῖς
1426 838 1547 892 ταῖς
1593 823 1907 898 Ἑβραϊκαῖς

297 923 540 985 γραφαῖς
583 909 960 982 ἐπιστημόνως
1010 909 1386 982 ἐντυγχάνειν.
1447 902 1626 981 3..ἦν
1659 907 1714 966 δ’
1736 902 1907 974 οὗτος

234 1012 275 1044 10
298 1000 411 1052 τῶν
440 994 673 1068 μάλιστα
715 996 1087 1067 ἐλευθερίων,
1129 998 1494 1068 προπαιδείας
1532 1016 1591 1050 τε
1630 998 1726 1065 τῆς
1770 991 1904 1049 καθ’

285 1080 556 1150 Ἕλληνας
587 1077 691 1134 οὐκ
722 1077 984 1151 ἄμοιρος,
1025 1077 1128 1150 τὴν
1158 1078 1335 1150 φύσιν
1376 1078 1439 1135 δὲ
1478 1077 1659 1143 ἄλλως
1700 1075 1907 1133 εὐνοῦ-

298 1187 390 1236 χος
415 1207 430 1234 ,
485 1162 634 1218 οὕτω
703 1161 971 1234 πεφυκώς
1025 1164 1078 1229 ἐξ
1131 1160 1306 1233 αὐτῆς
1358 1163 1628 1232 γενέσεως
1690 1155 1765 1226 ὥς
1810 1161 1910 1216 καὶ

297 1247 525 1318 βασιλέα
565 1245 659 1301 διὰ
699 1250 865 1302 τοῦτο
891 1242 1022 1302 οἶόν
1051 1269 1102 1301 τι
1131 1243 1448 1318 παράδοξον
1480 1243 1658 1302 αὐτὸν
1689 1244 1907 1301 οἰκειώ-

299 1339 532 1401 σασθαι,
581 1330 674 1385 καὶ
713 1335 944 1402 τιμῆσαί
978 1353 1042 1401 γε
1083 1332 1353 1404 ἐπιτροπῇ
1393 1335 1491 1402 τῆς
1531 1328 1670 1386 κατὰ
1719 1327 1910 1402 Τύρον

235 1434 276 1465 15
300 1411 586 1488 αλουργοῦ
628 1419 832 1486 βαφῆς.
916 1418 965 1470 4.
1032 1414 1236 1470 τούτου
1277 1421 1513 1487 μετρίως
1553 1437 1651 1480 τας
1688 1437 1910 1487 γραφας

302 1501 392 1556 ἐπὶ
421 1504 519 1571 τῆς
553 1501 845 1570 ἐκκλησίας
878 1501 1252 1570 διηγουμένου
1287 1496 1725 1571 κατηκούσαμεν.
1772 1520 1909 1570 μετα

301 1584 362 1640 δε
411 1583 695 1656 Κύριλλον
755 1583 1047 1655 Τύραννος
1097 1588 1194 1655 τῆς
1242 1581 1566 1656 Ἀντιοχέων
1619 1587 1911 1656 παροικίας

298 1692 403 1740 την
456 1667 764 1739 ἐπισκοπην
806 1669 1113 1739 διεδέξατο,
1168 1667 1301 1723 καθ’
1345 1665 1413 1724 ὃν
1452 1667 1704 1740 ἤκμασεν
1733 1665 1766 1738 ἦ
1797 1671 1911 1722 τῶν

303 1755 609 1824 ἐκκλησιῶν
641 1759 949 1825 πολιορκία.
1002 1755 1050 1808 5.
1090 1756 1186 1823 τῆς
1218 1747 1273 1807 δ’
1303 1754 1363 1808 ἐν
1386 1756 1686 1826 Λαοδικείᾳ
1711 1772 1911 1823 παροι-

237 1855 279 1886 20
301 1843 425 1902 κίας
476 1831 723 1908 ἡγήσατο
767 1835 903 1909 μετὰ
949 1835 1259 1910 Σωκράτην
1302 1834 1602 1908 Εὐσέβιος,
1655 1834 1764 1891 ἀπὸ
1815 1839 1912 1907 τῆς

297 1920 710 1993 Ἀλεξανδρέων
749 1919 1016 1994 ὁρμηθεὶς
1063 1921 1294 1986 πόλεως.
1357 1926 1507 1977 αἰτία
1538 1918 1592 1976 δ’
1630 1918 1784 1994 αὐτῷ
1815 1923 1916 1991 τῆς

300 2005 756 2077 μεταναστάσεως
801 2003 1054 2079 ὑπῆρξεν
1094 2000 1127 2077 ἦ
1169 2003 1308 2061 κατα
1352 2005 1450 2061 τὸν
1482 2010 1716 2061 Παῦλον
1757 1999 1911 2060 ὑπό-

301 2097 488 2159 θεσις,
543 2087 620 2143 δι’
667 2087 735 2144 ὃν
786 2094 885 2160 τῆς
928 2095 1145 2160 Συρίας
1199 2088 1390 2160 ἐπιβάς
1434 2087 1574 2161 πρὸς
1625 2093 1740 2144 τῶν
1779 2091 1914 2161 τῇδε

304 2173 432 2245 περὶ
462 2171 529 2227 τά
561 2181 694 2228 θεῖα
726 2172 1160 2229 ἐσπουδακότων
1188 2177 1286 2244 τῆς
1310 2177 1504 2228 οἴκαδε
1534 2177 1762 2246 πορείας
1793 2180 1913 2246 εἶρ-

240 2273 283 2305 25
304 2279 485 2327 γεται,
541 2255 848 2328 ἐπέραστόν
898 2279 947 2312 τι
997 2262 1322 2327 θεοσεβείας
1375 2261 1559 2329 χρῆμα
1608 2261 1723 2312 τῶν
1775 2253 1910 2312 καθ’

302 2335 447 2412 ἡμᾶς
477 2339 805 2411 γενόμενος,
840 2335 914 2405 ὦς
939 2340 1032 2395 καὶ
1055 2338 1162 2396 άπὸ
1186 2346 1301 2397 τῶν
1324 2345 1747 2414 παρατεθεισῶν
1774 2351 1913 2398 Διο-

304 2429 508 2481 νυσίου
561 2428 772 2494 φωνῶν
825 2428 1134 2495 διαγνῶναι
1196 2425 1410 2499 ῥᾴδιον.
1492 2430 1541 2481 6.
1599 2423 1915 2490 Ἀνατόλιος

305 2505 458 2583 αὐτῷ
500 2507 783 2580 διάδοχος,
827 2506 1044 2579 ἀγαθός
1076 2528 1248 2581 φασιν
1279 2508 1534 2581 ἀγαθοῦ,
1567 2514 1914 2581 καθίσταται,

305 2593 469 2663 γένος
509 2591 613 2664 μὲν
644 2593 736 2647 καὶ
767 2590 939 2658 αὐτὸς
965 2592 1389 2667 Ἀλεξανδρεύς,
1434 2593 1621 2664 λόγων
1663 2591 1717 2649 δ’
1753 2596 1916 2649 ἕνεκα

248 2695 289 2726 30
315 2677 406 2733 καὶ
439 2680 693 2742 παιδείας
736 2680 835 2748 τῆς
860 2675 1141 2748 Ἑλλήνων
1171 2684 1508 2750 φιλοσοφίας
1537 2701 1596 2734 τε
1623 2675 1692 2733 τοὶ
1722 2681 1934 2751 πρῶτα·

306 2766 422 2817 τῶν
461 2760 696 2833 μάλιστα
736 2759 873 2816 καθ’
914 2756 1059 2832 ἡμᾶς
1103 2762 1494 2835 δοκιμωτάτων
1534 2760 1917 2834 ἀπενηνεγμέ-

307 2869 434 2917 νος,
490 2844 584 2900 ἅτε
629 2842 991 2918 άριθμητικῆς
1034 2846 1128 2901 καὶ
1169 2853 1506 2920 γεωμετρίας
1545 2843 1917 2919 ἀστρονομίας
