1986 3152
681 71 838 148 H1s'rss
867 105 1118 148 ECCLES.
1150 107 1204 148 x.
1237 108 1280 149 4.
1678 103 1783 157 455

170 223 279 296 μὲν
325 222 918 297 ἐχθράκαὶπολέμια
963 228 1043 289 εἰς
1100 219 1311 295 ἀφανὲς
1355 221 1554 279 καὶτὸ
1606 215 1783 295 μηδὲν

173 307 572 379 κατεστήσατο,
626 305 700 373 ὣς
741 307 1151 380 μηδεπώποτε
1203 305 1527 381 ὠνομάσθαι
1564 311 1781 378 δοκεῖν,

172 390 239 446 τὰ
285 388 338 447 δ’
386 390 540 468 αὐτῷ
584 397 721 464 φίλα
756 392 854 447 ’καὶ
900 389 1290 463 οἰκεῖαδόξης
1336 392 1589 447 ἐπέκεινα
1630 389 1781 464 παρὰ

174 479 346 531 πᾶσιν
376 473 840 548 ούκάνθρώποις
869 475 1076 548 μόνον’,
1111 474 1235 532 ἀλλ’
1268 474 1377 547 ἤδη
1408 475 1501 531 καὶ
1533 472 1782 548 δυνάμε-

171 577 263 615 σιν
293 556 605 661 οὐρανίοις,
647 557 789 636 ’ἡλίῳ
820 582 879 616 τε
909 561 1002 615 καὶ
1044 560 1250 634 σελήνῃ
1291 560 1385 615 καὶ
1425 557 1647 633 ἄστροις
1688 559 1823 614 καὶ5

170 647 252 719 τῷ
313 643 592 716 σύμπαντι
650 641 877 718 οὐρανῷ
935 666 994 699 τε
1052 645 1145 699 καὶ
1197 644 1422 745 κόσμῳ
1441 643 1780 718 προήγαγεν,

178 731 258 784 16.
292 726 433 784 ωστε
458 725 639 799 ἤδη,
621 750 650 783 ο
682 727 823 798 μηδε
853 726 1055 783 άλλοτέ
1079 749 1184 798 πω,
1216 727 1348 793 τούς
1378 727 1606 784 πάντων
1630 726 1773 808 ἀνω-

167 811 319 867 τάτω
340 808 659 883 βασιλέας,
651 804 724 882 ἧς
738 809 1035 882 λελόγχασι
1058 808 1191 883 παρ’
1219 809 1397 867 αὐτοῦ
1419 817 1575 884 τιμῆς
1600 831 1781 911 συνη-

170 897 520 967 σθημένους,
553 895 771 967 νεκρῶν
793 916 898 967 μεν
922 894 1172 950 εἰδώλων
1194 894 1532 951 καταπτύειν
1554 895 1779 967 προσώ-

170 999 328 1049 ποις,
370 990 567 1035 πατεῖν
598 976 656 1034 δ’
690 977 912 1050 ἄθεσμα
943 978 1228 1050 δαιμόνων
1257 978 1492 1050 θέσμια,
1533 979 1627 1034 καὶ
1670 999 1779 1034 πα-
1806 998 1843 1028 10

155 1065 328 1128 ’λαιᾶς
368 1061 581 1134 άπάτης
622 1061 1534 1136 πατροπαραδότου’κατεγγελᾶν,
1567 1065 1678 1119 ’ἕνα
1714 1062 1782 1118 ’δὲ

171 1145 558 1219 αὐτὸνμόνον
586 1146 727 1202 θεὸν
767 1145 870 1203 τὸν
910 1145 1102 1202 κοινὰν
1133 1143 1523 1203 ἁπάντωνκαὶ
1566 1147 1782 1202 ἑαυτῶν

154 1248 157 1252 ·
171 1229 471 1304 εὐεργέτην
514 1236 831 1304 γνωρίζειν,
879 1230 1123 1303 Χριστόν
1166 1253 1226 1286 τε
1267 1253 1368 1286 του
1414 1236 1558 1287 θεοῦ
1605 1234 1781 1286 παῖδα

171 1316 522 1387 παμβασιλέα
566 1319 679 1370 τῶν
710 1314 857 1370 ολων
899 1312 1213 1387 ὁμολογεῖν,
1254 1314 1477 1388 σωτῆρά
1505 1337 1564 1371 τε
1604 1311 1780 1398 αὐτὸν

175 1402 244 1456 έν
259 1399 480 1471 στήλαις
496 1395 882 1502 ἀναγορεύειν,
897 1397 1271 1475 άνεξαλειπτςο
1287 1398 1474 1472 μνήμῃ
1492 1398 1559 1455 τὰ
1575 1403 1780 1472 ’κατορ-
1804 1417 1842 1448 15

169 1483 408 1557 θώματα
438 1484 532 1539 καὶ
562 1506 660 1549 τας
690 1505 827 1539 κατα
856 1485 970 1539 τών
1001 1481 1224 1554 άσεβῶν
1249 1481 1439 1539 αὐτοῦ
1450 1488 1610 1549 νίκας
1638 1483 1779 1556 μέσῃ

170 1571 242 1642 τῇ
282 1567 658 1642 βασιλευούσῃ
698 1569 813 1623 τῶν
860 1568 949 1623 ἐπὶ
988 1572 1091 1638 γῆς
1134 1567 1296 1623 πόλει
1329 1572 1636 1636 βασιλικοῖς
1679 1590 1780 1639 χα-

173 1654 443 1727 ρακτῆρσι
473 1651 1024 1726 προσεγγράφοντας,
1052 1651 1191 1707 ὥστε
1213 1650 1388 1724 μόνον
1410 1656 1524 1707 τῶν
1555 1653 1608 1719 ἐξ
1640 1652 1777 1706 αἰῶ-

161 1755 269 1803 ’νος
314 1735 534 1809 Ἰησοῦν
580 1735 824 1808 Χριστὸν
873 1734 974 1793 τὸν
1026 1734 1187 1808 ἡμων
1241 1737 1462 1809 σωτῆρα
1506 1736 1599 1791 καὶ
1644 1733 1781 1837 πρὸς

171 1819 365 1877 αὐτῶν
393 1838 507 1877 των
540 1821 652 1876 ε’πὶ
648 1822 764 1906 γῆς
795 1818 1061 1876 ἀνωτάτω
1092 1818 1195 1892 ούχ
1236 1815 1325 1876 οἷα
1354 1816 1547 1876 κοινὸν
1590 1821 1642 1886 ἐξ
1675 1816 1773 1876 άν-
1803 1837 1845 1868 ‘20

168 1903 424 1980 θρώπων
453 1905 683 1976 βασιλέα
724 1904 1026 1977 γενόμενον
1066 1901 1484 2005 ομολογεῖσθαι,
1533 1901 1657 1959 ἀλλ’
1692 1898 1782 1959 οἷα

167 1993 272 2046 τοῦ
294 1988 544 2046 καθόλου
567 1991 711 2046 θεου
731 1993 905 2045 παῖδα
927 1987 1161 2060 γνήσιον
1183 1988 1276 2043 καὶ
1299 1985 1581 2044 αύτοθεὸν
1603 2004 1782 2059 προσ-

158 2082 499 2146 κυνεῖσθαι,
543 2074 636 2129 καὶ
683 2073 925 2139 εἰκότως.
1007 2077 1087 2139 17.
1134 2077 1217 2138 τίς
1253 2071 1367 2144 ’γὰρ
1409 2074 1521 2128 τῶν
1563 2070 1783 2128 πώποτε

171 2159 449 2230 βασιλέων
470 2162 749 2214 ’τοσοῦτον
773 2154 972 2230 ἀρετῆς
994 2156 1266 2228 ἠνέγκατο
1299 2151 1372 2222 (ὃς
1408 2155 1635 2212 πάντων
1671 2160 1783 2211 τῶν

163 2243 267 2297 ἐπὶ
298 2245 402 2314 γῆς
432 2239 753 2314 ἀνθρώπων
785 2239 960 2314 ἀκοὴν
983 2241 1076 2298 καὶ
1098 2244 1349 2312 γλῶτταν
1381 2242 1655 2313 ἐμπλῆσαι
1684 2240 1782 2311 τῆς
1805 2258 1846 2288 25

162 2323 356 2381 ἀύτου
393 2331 799 2399 προσηγορίαςς
836 2331 926 2392 τίς
964 2324 1226 2396 βασιλευς
1270 2324 1479 2397 νόμους
1531 2322 1782 2395 εὐσεβεῖς

172 2409 324 2465 οὕτω
353 2410 447 2465 καὶ
478 2409 774 2482 σώφρονας
805 2409 1219 2482 διαταξάμενος,
1252 2407 1361 2466 ἀπὸ
1394 2409 1652 2482 περάτων
1681 2412 1783 2479 γῆς

166 2495 266 2550 καὶ
298 2498 376 2559 εἰς
408 2493 553 2567 άκρα
578 2497 680 2565 τῆς
712 2490 849 2566 ὅλης
880 2490 1211 2566 οἰκουμένης
1253 2497 1333 2558 εἰς
1366 2493 1603 2565 ἐπήκοον
1635 2490 1780 2547 άπα-

172 2588 263 2635 σιν
295 2576 621 2650 ἀνθρώποις
652 2575 1133 2648 ἀναγινώσκεσθαι
1173 2574 1411 2650 διαρκως
1444 2575 1779 2650 ἐκράτυνεν;

176 2666 260 2719 18.
292 2668 375 2729 τίς
407 2659 704 2735 ἀνημέρων
736 2664 922 2719 ἐθνῶν
963 2666 1069 2733 ἔθη
1109 2660 1365 2734 βάρβαρα
1403 2662 1495 2718 καὶ
1535 2658 1782 2732 ἀνήμερα
1805 2675 1845 2707 30

169 2759 290 2813 τοῖς
319 2746 548 2820 ἡμέροις
580 2744 761 2803 αὐτοῦ
791 2746 883 2801 καὶ
913 2743 1462 2818 φιλανθρωποτάτοις
1501 2744 1781 2815 παρέλυσε

173 2830 389 2904 νόμοις;
427 2836 511 2898 τίς
543 2833 740 2888 αίῶσιν
782 2828 930 2896 ὅλοις
959 2825 1075 2887 ὑπὸ
1110 2828 1336 2885 πάντων
1367 2827 1780 2900 πολεμούμενος
