1986 3152
308 111 408 163 174
982 110 1227 152 EUSEBII

306 224 560 297 ἐπιστολὴ
591 228 846 299 φέρεται,
890 224 1170 301 ἐπισκόπῳ
1208 230 1285 302 τῶ
1328 224 1449 283 τότε
1481 230 1706 300 Σωτῆρι
1746 246 1912 300 προσ-

303 312 598 383 φωνοῦσα,
644 312 696 377 ἐξ
738 302 801 381 ἧς
842 309 1011 366 οὐδὲν
1051 305 1173 366 οἷον
1213 309 1272 366 τό
1315 312 1408 367 καὶ
1437 312 1807 383 παραθέσθαι,
1829 314 1912 367 λέ-

304 398 440 467 ξεις,
484 392 559 450 δι’
606 385 685 451 ῶν
714 391 774 450 τὸ
804 396 961 467 μέχρι
991 397 1089 450 τοῦ
1121 391 1251 450 καθ’
1289 391 1429 466 ἡμᾶς
1463 395 1709 467 διωγμοῦ
1737 402 1912 466 φυλα-

301 479 439 552 χθὲν
481 474 760 551 Ῥωμαίων
819 483 947 544 ἔθος
1008 475 1412 550 ἀποδεχόμενος
1472 483 1644 535 ταῦτα
1711 477 1912 552 γράφει

259 583 278 614 5
305 568 385 619 10.
414 559 508 630 τεἐξ
541 559 711 636 ἀρχῆς
740 560 845 634 γαρ
875 560 1011 635 ὑμῖν
1042 567 1172 627 ἔθος
1204 565 1316 618 ἐστὶ
1348 565 1537 634 τοῦτο,
1572 561 1782 628 πάντας
1811 558 1927 635 μὲν’

292 643 616 719 ((άδελφούς
659 653 922 714 ποικίλως
964 645 1303 720 εὐεργετεῖν,
1349 649 1660 719 ἐκκλησίαις
1690 668 1750 703 τε
1779 653 1909 703 πολ-

295 727 453 797 “λαῖς
493 745 612 798 ταῖς
656 730 792 788 κατὰ
833 735 1020 788 πᾶσαν
1060 728 1225 787 πόλιν
1267 728 1464 802 ἐφόδια
1495 733 1760 803 πέμπειν,
1805 722 1914 787 ῶδε

294 811 434 888 “μὲν
462 813 565 887 τὴν
595 819 707 872 τῶν
740 817 1019 888 δεομένων
1050 819 1251 872 πενίαν
1280 813 1695 888 ἄναψύχοντας,
1731 818 1791 872 ἐν
1819 837 1912 888 με·

293 895 551 965 “among
586 901 645 956 δὲ
675 896 941 971 ἀδελφοῖς
971 895 1318 971 ὑπάρχουσιν
1343 902 1807 972 ἐπιχορηγοῦντας
1832 898 1907 956 δι’

238 1002 278 1033 10
297 977 414 1041 “c-2322
438 986 679 1057 πέμπετε
704 981 953 1056 ἀρχῆθεν
979 986 1242 1054 ἐφοδίων,
1267 982 1760 1057 πατροπαράδοτον
1785 989 1914 1050 ἔθος

290 1067 611 1141 ΜΡωμαίων
633 1066 885 1141 Ῥωμαῖοι
918 1065 1405 1139 διαφυλάττοντες,
1439 1065 1469 1124 ὃ
1500 1066 1567 1125 οὐ
1598 1066 1773 1140 μόνον
1798 1072 1912 1124 δια-

293 1149 630 1225 “τετη’ρηκεν
660 1151 688 1208 ὁ
720 1150 985 1225 μακάριος
1015 1147 1177 1224 ὑμῶν
1203 1154 1497 1217 ἐπίσκοπος
1521 1149 1742 1226 Σωτὴρ,
1774 1149 1914 1207 ἄλλα
1957 1162 1960 1166 ⁴

292 1232 421 1292 “καὶ
455 1235 785 1309 ἐπηύξηκεν,
822 1238 1164 1308 ἐπιχορηγῶν
1193 1236 1296 1307 μὲν
1325 1229 1428 1307 τὴν
1460 1237 1912 1308 διαπεμπομένην

294 1318 634 1389 “δαψίλειαν
663 1319 767 1392 τὴν
800 1327 878 1386 εἰς
907 1319 1037 1386 τούς
1068 1318 1282 1391 ἁγίους,
1315 1318 1496 1392 λόγοις
1530 1321 1592 1376 δὲ
1621 1326 1912 1394 μακαρίοις

237 1403 458 1470 15“τούς
489 1403 745 1471 ἀνιόντας
775 1402 1053 1477 ἀδελφοὺς
1086 1402 1159 1471 ῶς
1190 1407 1355 1461 τέκνα
1397 1402 1577 1476 πατὴρ
1614 1403 1913 1477 φιλόστορ-

290 1485 423 1561 “yos
463 1487 847 1563 παρακαλῶν.”
944 1493 1024 1546 11.
1069 1491 1130 1545 ἐν
1170 1486 1315 1561 αὐτῇ
1357 1489 1418 1545 δὲ
1459 1487 1631 1562 ταύτῃ
1674 1490 1764 1544 καὶ
1816 1491 1912 1560 τῆς

297 1572 617 1646 Κλήμεντος
647 1572 784 1646 πρὸς
809 1578 1153 1644 Κορινθίους
1175 1574 1444 1646 μέμνηται
1471 1575 1777 1644 ἐπιστολῆς,
1812 1576 1906 1644 δη·
1936 1576 1949 1595 ⁵

298 1662 413 1716 λῶν
443 1655 723 1715 ἀνέκαθεν
767 1661 818 1726 ἐξ
855 1653 1095 1730 άρχαίου
1137 1662 1306 1723 ἔθους
1348 1659 1438 1714 ἐπὶ
1475 1659 1574 1727 τῆς
1617 1659 1908 1728 ἐκκλησίας

297 1766 402 1814 την
445 1738 766 1842 ἀνάγνωσιν
808 1738 976 1812 αυτῆς
1018 1751 1316 1798 ποιεῖσθαι.
1391 1742 1536 1812 λέγει
1587 1746 1728 1812 γοῦν
1771 1737 1911 1812 “τὴν

233 1824 302 1874 20
307 1822 573 1901 σήμερον
612 1826 717 1884 οὐν
756 1824 1030 1901 κυριακὴν
1068 1824 1236 1897 ἁγίαν
1287 1823 1499 1898 ἡμέραν
1553 1825 1908 1897 διηγάγομεν,

287 1909 390 1968 “ἐν
431 1902 468 1985 ᾗ
505 1909 830 1983 ἀνέγνωμεν
869 1908 1029 1982 υμῶν
1069 1908 1171 1981 τὴν
1223 1908 1544 1981 ἐπιστολὴν,
1594 1905 1665 1980 ἣν
1715 1911 1909 1981 ἕξομεν

289 1993 421 2050 “ἀεί
447 2018 578 2052 ποτε
609 1992 1091 2066 ἀναγινώσκοντες
1121 2003 1549 2064 νουθετεῖσθαι,
1583 1990 1655 2059 ῶς
1685 1994 1778 2049 καὶ
1809 1990 1915 2066 τὴν4

288 2076 602 2151 “προτε’ραν
639 2077 772 2151 ἡμῖν
804 2078 904 2141 διὰ,
926 2077 1242 2150 Κλήμεντος
1279 2073 1636 2150 γραφεῖσαν.”
1705 2081 1785 2133 12.
1831 2083 1909 2133 ἔτι

299 2162 358 2218 δὲ
382 2161 410 2218 ὁ
436 2161 600 2228 αὐτὸς
625 2164 716 2218 καὶ
739 2164 865 2234 περὶ
890 2165 1003 2218 τῶν
1035 2166 1198 2217 ἰδίων
1223 2164 1528 2217 ἐπιστολῶν
1553 2157 1625 2227 ῶς
1648 2164 1908 2235 ῥᾳδιουρ-

231 2248 583 2318 2Ογηθεισῶν
599 2244 770 2302 ταῦτά
787 2264 959 2317 φησιν
975 2243 1304 2310 “ἐπιστολο“ες
1329 2245 1434 2318 γὰρ
1458 2242 1721 2352 ἀδελφῶν
1745 2242 1903 2312 ἀξιω-

287 2328 543 2387 “mim-mv
573 2353 640 2402 με
669 2330 876 2403 γράψαι
908 2335 1136 2403 ἔγραψα
1210 2331 1301 2385 καὶ
1335 2327 1536 2394 ταύτας
1567 2333 1623 2385 οἱ
1649 2332 1748 2386 τοῦ
1781 2333 1906 2385 δια-

286 2409 496 2518 ζβόλου
537 2412 830 2470 ἀπόστολοι
874 2419 1122 2482 ζιζανίων
1163 2416 1489 2486 γεγέμικαν,
1544 2438 1576 2468 α
1619 2437 1720 2485 μεν
1766 2415 1908 2480 ἐξαι-

289 2497 573 2571 “ρουντες,
608 2523 641 2554 α
668 2499 728 2554 δε
759 2501 1165 2572 προστιθέντες.
1221 2495 1303 2564 οἷς
1333 2496 1392 2554 τὸ
1424 2494 1552 2554 οὐαὶ
1585 2494 1904 2554 κεῖται.ου

288 2580 651 2655 “θαυμαστόν
691 2580 796 2655 άρα
841 2589 891 2639 εἰ
920 2584 1011 2639 καὶ
1042 2587 1155 2639 τῶν
1185 2586 1468 2655 κυριακῶυ
1499 2582 1906 2656 ραδιουργῆσαί

232 2682 271 2714 30
289 2666 468 2732 “uveg-
502 2669 891 2739 ἐπιβέβληνται
921 2670 1183 2739 γραφῶν,
1226 2666 1389 2723 ὁπότε
1431 2668 1523 2722 καὶ
1552 2679 1670 2730 ταῖς
1700 2663 1766 2721 οὐ
1796 2687 1904 2720 τοι·
1924 2722 1941 2727 ,

289 2749 515 2818 “αύταις
549 2749 1088 2823 ἐπιβεβουλεύκασι.”
1146 2755 1224 2808 13.
1259 2752 1350 2806 καὶ
1382 2747 1519 2822 ἄλλη
1553 2751 1618 2806 δέ
1643 2772 1723 2814 τις
1753 2745 1902 2820 παρὰ

293 2836 496 2902 ταύτας
531 2835 787 2907 ἐπιστολὴ
817 2837 917 2892 τοῦ
940 2841 1249 2892 Διονυσίου
1282 2836 1527 2908 φέρεται,
1561 2829 1901 2907 Χρυσοφόρᾳ
