1986 3152
458 132 615 172 HIST.
648 131 895 172 ECCLES.
927 131 1010 171 III.
1034 134 1103 172 39.
1135 131 1212 173 IV.
1238 133 1276 171 1.
1300 133 1340 171 2.
1607 129 1706 180 137

100 256 234 321 δρος·
263 250 350 306 ἐπὶ
373 245 611 320 Ῥώμης,
644 244 844 317 ὄγδοον
877 253 993 312 ἔτος
1024 244 1526 318 ἀποπληρώσαντος
1561 243 1709 303 Εὐα-

100 336 326 403 ρέστου,
369 334 621 405 πέμπτην
662 329 768 388 ἀπὸ
801 334 1020 402 Πέτρου
1062 333 1154 388 καὶ
1190 329 1421 388 Παύλου
1451 330 1709 402 κατάγων

103 417 398 490 διαδοχὴν,
430 410 533 487 τὴν
566 413 869 487 ἐπισκοπὴν
899 414 1292 488 ἀπολαμβάνει.

223 512 280 560 ΙΙ.
346 511 475 575 [Nic.
504 511 560 561 H.
592 511 644 559 Ε.
674 510 763 567 ΙΙΙ,
791 508 901 575 22]
964 503 1074 555 Καὶ
1113 499 1178 555 τὰ
1209 500 1310 572 μὲν
1340 505 1435 571 τῆς
1465 502 1565 556 τοῦ
1595 517 1706 556 σω-

96 591 258 657 τῆρος
288 583 445 657 ἡμῶν
477 589 837 648 διδασκαλίας
875 607 934 640 τε
974 586 1065 639 καὶ
1110 587 1399 655 ἐκκλησίας
1439 580 1752 656 ὁσημέραιῑ»

97 667 382 726 ἀνθοῦντα
415 671 502 724 ἐπὶ
531 674 715 739 μεῖζον
742 665 930 739 ἐχω’ρει
954 670 1253 738 προκοπῆς,
1284 666 1349 722 τὰ
1376 668 1435 723 δὲ
1458 672 1554 739 τῆς
1575 665 1707 725 Ἰου-

100 759 278 810 δαίων
321 757 608 824 συμφορᾶς
650 765 839 816 κακοῖς
880 749 1205 822 ἐπαλλήλοις
1258 748 1509 822 ἤκμαζεν.
1600 750 1709 823 ἤδη

101 841 242 908 γοῦν
272 839 373 893 τοῦ
404 833 805 907 αὐτοκράτορος
838 841 916 900 εἰς
949 833 1204 892 ἐνιαυτὸν
1234 831 1710 891 ὀκτωκαιδέκατον

100 918 429 986 ἐλαύνοντος
454 911 620 985 αὖθις
637 917 925 975 Ἰουδαίων
949 925 1164 990 κίνησις
1191 922 1544 975 ἐπαναστᾶσα
1568 917 1710 991 πάμ-

99 1012 244 1062 πολυ
284 1009 499 1075 πλῆθος
541 1000 728 1059 αὐτῶν
769 1005 1106 1076 διέφθειρεν.
1167 1007 1215 1060 2.
1252 1009 1312 1060 ἔν
1341 1026 1401 1060 τε
1430 1001 1535 1076 γὰρ
1559 1001 1708 1060 Ἀλε-
1734 1027 1778 1057 ιο

100 1091 366 1162 ξανδρεία
410 1091 499 1144 καὶ
540 1091 607 1160 τῇ
650 1091 815 1160 λοιπῇ
859 1087 1123 1163 Αἰγύπτῳ
1166 1089 1258 1144 καὶ
1298 1090 1521 1161 προσέτι
1574 1086 1713 1144 κατὰ

100 1171 370 1244 Κυρήνην
403 1169 590 1244 ὥσπερ
614 1170 723 1228 ὑπὸ
748 1170 1057 1244 πνεύματος
1083 1175 1272 1229 δεινοῦ
1294 1196 1443 1237 τινος
1467 1174 1560 1227 καὶ
1584 1191 1712 1228 στα-

99 1257 338 1322 σιώδους
369 1255 864 1328 ἀναρριπισθέντες
897 1253 1150 1328 ὥρμηντο
1181 1254 1315 1330 πρὸς
1354 1254 1482 1321 τούς
1523 1261 1711 1312 συνοί-

101 1364 231 1406 κους
248 1338 518 1411 ’Ἐλληνας
543 1339 870 1411 στασιάζειν,
905 1337 1240 1412 αὕξήσαντές
1264 1363 1322 1396 τε
1349 1346 1424 1407 εἰς
1448 1344 1586 1412 μέγα
1610 1339 1712 1411 τὴν

101 1423 297 1482 στάσιν
327 1428 401 1500 τῷ
435 1423 643 1480 ἐπιόντι
677 1426 910 1499 ἐνιαυτῷ
942 1423 1183 1495 πόλεμον
1213 1423 1279 1482 οὗ
1312 1422 1709 1498 σμικρὸνσυν-
1734 1444 1779 1476 15

100 1513 269 1580 ἧψαν,
300 1506 614 1580 ἡγουμένου
644 1515 946 1580 τηνικαῦτα
983 1507 1210 1566 Λούπου
1239 1513 1337 1580 τῆς
1367 1504 1581 1580 ἁπάσης
1607 1514 1714 1565 Αί-

29 1586 35 1591 ’
101 1590 328 1665 γύπτου.
384 1597 431 1647 3.
466 1594 558 1648 καὶ
594 1591 662 1664 δὴ
688 1596 748 1649 ἐν
771 1597 837 1664 τῇ
862 1591 1051 1667 πρώτῃ
1078 1596 1331 1667 συμβολῇ
1356 1595 1714 1665 ἐπικρατῆσαι

46 1743 50 1746 ,
103 1674 305 1741 αὐτοὺς
346 1678 555 1747 συνέβη
595 1681 707 1732 τῶν
730 1675 1038 1748 Ἐλλήνων,
1082 1684 1135 1734 οἳ
1174 1679 1267 1734 καὶ
1298 1674 1713 1749 καταφυγόντες

105 1766 182 1827 εἰς
223 1759 327 1832 τὴν
361 1759 780 1833 Ἀλεξάνδρειαν
830 1761 960 1827 τους
1013 1765 1072 1818 ἐν
1113 1765 1178 1835 τῇ
1218 1760 1373 1818 πόλει
1407 1759 1714 1826 Ἰουδαίους

104 1842 418 1916 ἐζώγρησαν
448 1868 506 1901 τε
537 1847 627 1900 καὶ
670 1842 1015 1902 ἀπέκτειναν.
1077 1852 1172 1918 τῆς
1215 1847 1275 1901 δὲ
1315 1844 1462 1918 παρὰ
1499 1843 1712 1901 τούτων
1735 1864 1782 1895 20

105 1935 416 2001 συμμαχίας
445 1926 812 2001 ἀποτυχόντες
842 1934 900 1985 οἱ
925 1929 1062 1984 κατὰ
1085 1929 1375 2001 Κυρήνην,
1407 1927 1507 1999 τὴν
1530 1927 1715 2001 χώραν

102 2017 199 2084 τῆς
231 2011 523 2083 Αἰγύπτου
554 2019 946 2084 λεηλατοῦντες
970 2015 1057 2069 καὶ
1085 2013 1211 2080 τοὺς
1247 2017 1307 2069 ἐν
1339 2011 1480 2087 αυτῇ
1509 2012 1713 2085 νομοὺς

108 2102 440 2170 φθείροντες
484 2099 794 2168 διετέλουν,
836 2094 1151 2169 ἡγουμένου
1195 2096 1382 2153 αὐτῶν
1426 2095 1710 2154 Λουκούα·

28 2180 36 2187 ’
107 2177 195 2252 ἐφ’
240 2204 336 2246 ους
377 2177 406 2236 ὁ
449 2179 803 2253 αὐτοκράτωρ
855 2187 1063 2253 ἔπεμψε
1106 2182 1363 2255 Μάρκιον
1411 2180 1715 2254 Τούρβωνα

106 2264 212 2321 σὺν
244 2262 480 2337 δυνάμει
510 2269 646 2338 πεζῇ
674 2289 732 2322 τε
763 2268 855 2322 καὶ
886 2269 1141 2339 ναυτικῇ,
1175 2272 1254 2322 ἔτι
1287 2267 1348 2322 δε
1378 2269 1469 2322 καὶ
1497 2270 1710 2334 ιππικῇ.
1737 2283 1783 2315 25

105 2352 153 2405 4.
203 2346 232 2404 ὁ
274 2349 336 2404 δὲ
387 2357 615 2415 πολλαῖς
663 2348 860 2422 μάχαις
911 2348 1015 2406 οὐκ
1054 2347 1222 2426 ὀλίγῳ
1274 2373 1334 2406 τε
1385 2348 1565 2424 χρόνῳ
1618 2348 1716 2405 τὸν

109 2431 246 2503 πρὸς
278 2429 481 2498 αὐτοὺς
523 2433 864 2504 διαπονήσας
906 2432 1149 2507 πόλεμον
1198 2433 1402 2500 πολλὰς
1442 2431 1718 2506 μυριάδας

103 2513 420 2587 Ἰουδαίων,
473 2514 540 2572 ού
584 2516 759 2589 μόνον
798 2522 912 2574 τῶν
955 2517 1062 2574 ἀπὸ
1106 2517 1400 2591 Κυρήνης,
1445 2514 1585 2573 ἄλλα
1626 2519 1717 2572 καὶ

37 2663 42 2665 ,
108 2605 219 2656 τῶν
237 2597 333 2656 ἀπ’
368 2599 662 2671 Αἰγύπτου
685 2604 1105 2675 συναιρομένων
1119 2601 1376 2677 Λουκούα
1399 2605 1477 2678 τῷ
1500 2608 1721 2673 βασιλεῖ

33 2683 35 2686 ⁴
111 2679 295 2739 αὐτῶν
324 2682 556 2756 ἀναιρεῖ.
611 2689 660 2742 ἶ).
694 2681 722 2741 ὃ
757 2687 816 2742 δὲ
848 2683 1206 2759 αὐτοκράτωρ
1237 2684 1590 2750 ὑποπτεύσας
1622 2685 1712 2740 καὶ
1736 2702 1783 2734 30

109 2767 235 2831 τοὺς
282 2771 341 2824 ἐν
387 2775 784 2842 Μεσοποταμία
819 2767 1124 2836 Ἰουδαίους
1178 2769 1550 2842 ἐπιθήσεσθαι
1601 2781 1713 2832 τοῖς

113 2847 312 2908 αὐτόθι
373 2859 598 2927 Λουσίςο
640 2851 842 2929 Κυήτῳ
893 2856 1230 2927 προσέταξεν
1278 2858 1583 2925 ἐκκαθᾶραι
1622 2856 1719 2920 τῆς
