1986 3152
272 161 374 213 358
948 158 1195 200 EUSEBII

271 276 535 347 ἀθλητῶν
566 278 800 347 γυμνῶν
833 273 1085 330 ἑστώτων
1115 274 1209 330 καὶ
1232 286 1353 339 ταῖς
1376 275 1530 347 χερσὶ
1553 273 1879 330 κατασειόν-

270 383 411 430 των,
457 361 552 415 ἐπί
591 382 649 415 τε
681 360 825 430 σφοῖς
857 356 1068 423 αύτούς
1110 358 1508 430 ἐπισπωμένων
1551 356 1742 430 (τοῦτο
1772 358 1881 432 γὰρ

270 443 461 509 αὐτοῖς
495 443 777 499 ἐκελεύετο
809 441 1091 517 πράττειν)
1123 440 1257 515 μηδ’
1285 442 1428 508 ὅλως
1462 444 1879 515 ἐφαπτομένων,

271 527 395 585 ἀλλ’
446 526 573 584 ἐ”σθ
618 527 727 598 όπη
766 527 873 599 μὲν
916 527 1010 582 καὶ
1053 525 1141 582 ἐπ’
1176 525 1384 592 αύτους
1414 523 1750 599 ὁρμώντων,
1790 523 1881 583 οἷα

227 614 333 669 ὅδε
373 635 512 685 προς
556 635 702 677 τινος
744 614 1032 685 θειοτέρας
1075 611 1368 684 δυνάμεως
1409 609 1880 684 ἀνακρουομένων

267 699 361 753 καὶ
393 699 464 752 αὐ
499 694 669 752 πάλιν
701 700 780 762 εἰς
809 694 1062 752 τούπίσω
1103 694 1456 769 χωρούντων.
1518 698 1567 751 3.
1615 693 1646 750 ὃ
1677 695 1771 750 καὶ
1802 699 1882 761 εἰς

267 780 483 855 μακρὸν
515 780 815 853 γινόμενον
845 776 1043 852 θαῦμα
1085 792 1349 853 παρεῖχεν
1389 802 1454 836 ου
1502 778 1735 853 σμικρὸν
1764 790 1882 844 τοῖς

267 867 604 938 θεωμένοις,
649 861 790 922 ῶστε
829 863 938 936 ἤδη
981 863 1072 920 διά
1110 863 1170 920 τό
1203 861 1491 938 ἄπρακτον
1521 866 1622 920 τοῦ
1655 861 1880 937 πρῶτον

269 950 534 1022 δεύτερον
566 950 660 1006 καὶ
689 954 878 1022 τρίτον
908 954 1323 1022 προσαφίεσθαι
1372 949 1453 1004 ενὶ
1493 949 1586 1003 καὶ
1615 950 1696 1004 τῶ
1725 945 1880 1023 αὐτῷ

207 1050 247 1081 10
267 1034 506 1107 μάρτυρι
555 1039 776 1106 θηρίον.
858 1037 908 1088 4.
969 1037 1391 1104 καταπλαγῆναι
1433 1031 1488 1088 δ’
1532 1026 1605 1104 ἦν
1643 1031 1748 1103 τὴν
1790 1032 1881 1087 ἐπὶ

266 1119 482 1182 τούτοις
514 1114 794 1188 ἀπτόητον
824 1122 938 1173 τῶν
971 1120 1142 1190 ἱερῶν
1167 1119 1398 1172 ἐκείνων
1428 1121 1755 1189 καρτερίαν,
1787 1117 1881 1171 καὶ

267 1201 370 1272 τὴν
404 1204 463 1257 ἐν
497 1200 712 1273 σώμασι
739 1202 886 1266 νέοις
916 1206 1227 1272 βεβηκυῖαν
1257 1200 1350 1256 καὶ
1382 1198 1752 1272 ἀδιάτρεπτον
1784 1204 1879 1255 ἕν-

269 1303 476 1341 στασιν.
555 1285 730 1358 ἑώρας
761 1290 905 1356 γοῦν
935 1283 1162 1356 ἡλικίαν
1193 1282 1323 1362 οὐδ’
1358 1283 1506 1340 ὅλων
1539 1286 1678 1340 ε’τῶν
1710 1293 1881 1340 εἴκοσι

268 1374 397 1441 δίχα
450 1373 673 1442 δεσμῶν
728 1371 961 1434 ἑστῶτος
1013 1371 1177 1441 νέου,
1239 1370 1333 1424 καὶ
1385 1367 1485 1434 τοὶς
1537 1368 1641 1440 μὲν
1692 1380 1880 1442 χεῖρας

203 1470 244 1502 15
269 1457 655 1526 ἐφαπλοῦντος
701 1459 781 1520 εἰς
824 1459 1073 1526 σταυροῦ
1102 1453 1317 1525 τύπον,
1370 1451 1774 1530 ἀκαταπλήκτςο
1818 1453 1881 1509 δὲ

265 1539 358 1594 καὶ
390 1538 619 1611 ἀτρεμεῖ
647 1543 871 1614 διανοίᾳ
911 1551 1033 1604 ταῖς
1075 1537 1217 1612 πρὸς
1258 1537 1319 1594 τὸ
1352 1546 1516 1594 θεῖον
1548 1543 1879 1610 σχολαίτατα

264 1624 567 1695 τεταμένον
601 1631 804 1694 λιταῖς,
846 1621 979 1696 μηδ’
1014 1622 1158 1689 ὅλως
1197 1645 1256 1678 τε
1295 1624 1710 1695 μεθισταμένου
1741 1620 1876 1694 μηδ’

266 1705 670 1773 ἀποκλίνοντός
701 1729 793 1764 ποι
832 1712 936 1764 τοῦ
967 1713 1110 1764 ἔνθα
1142 1706 1379 1779 εἱστήκει
1408 1707 1615 1777 τόπου,
1659 1703 1879 1780 ἄρκτων

265 1792 358 1847 καὶ
389 1791 724 1864 παρδάλεων
763 1797 958 1864 θυμοῦ
998 1793 1091 1848 καὶ
1130 1791 1383 1848 θανάτου
1427 1790 1714 1847 πνεόντων
1746 1808 1878 1861 σχε-

202 1890 244 1922 20
267 1874 371 1932 δὸν
403 1875 571 1948 αὐτῆς
612 1878 1056 1949 καθαπτομένων
1099 1874 1278 1932 αὐτοῦ
1318 1880 1414 1948 τῆς
1459 1875 1692 1950 σαρκὸς,
1748 1873 1872 1930 ἀλλ’

266 1958 367 2016 οὐκ
399 1959 509 2017 οἷδ’
538 1960 688 2026 ὅπως
711 1967 844 2017 θεία
868 1962 961 2017 καὶ
985 1960 1280 2037 ἀπορρήτῳ
1309 1960 1543 2032 δυνάμει
1572 1960 1877 2032 μονονουχὶ

265 2046 665 2117 φραττομένων
695 2044 757 2101 τὸ
792 2046 986 2118 στόμα,
1017 2047 1111 2101 καὶ
1142 2039 1312 2110 αὐθις
1342 2043 1879 2117 παλινδρομούντων

267 2133 346 2192 εἰς
398 2127 662 2185 τούπίσω.
745 2130 839 2185 καὶ
880 2132 1042 2195 οὗτος
1084 2153 1189 2201 μεν
1231 2129 1336 2184 οὐν
1375 2128 1622 2192 τοιοῦτός
1666 2150 1744 2192 τις
1785 2129 1872 2198 ἠν.

265 2215 313 2266 5.
362 2210 530 2267 πάλιν
563 2212 616 2267 δ’
663 2211 734 2268 ἂν
769 2215 993 2285 ἑτέρους
1026 2211 1199 2284 εἶδες,
1242 2214 1409 2268 πέντε
1448 2211 1556 2285 γάρ
1588 2215 1647 2267 οὗ
1673 2211 1876 2277 πάντες

202 2309 243 2341 25
270 2295 606 2367 ἐτύγχανον,
655 2294 981 2372 ἠγριωμένῳ
1032 2296 1222 2374 ταύρω
1266 2297 1761 2369 παραβληθέντας,
1815 2293 1877 2361 ὃς

263 2379 393 2445 τούς
423 2380 527 2452 μὲν
558 2377 763 2446 ἄλλους
792 2386 907 2437 τῶν
939 2383 1150 2448 ἔξωθεν
1181 2381 1530 2455 προσιόντων
1559 2393 1676 2446 τοῖς
1707 2381 1872 2452 κέρα-

267 2481 356 2519 σιν
398 2469 477 2529 εἰς
517 2463 616 2520 τὸν
660 2463 796 2535 ἀέρα
838 2469 1054 2538 ῥίπτων
1096 2466 1522 2538 διεσπάραττεν,
1565 2463 1875 2536 ἡμιθνῆτας

266 2557 526 2621 αἴρεσθαι
557 2549 895 2621 καταλιπων,
931 2551 1022 2606 ἐπὶ
1044 2550 1254 2622 μόνους
1279 2550 1341 2606 δε
1363 2553 1533 2626 θυμῶ
1557 2551 1650 2605 καὶ
1674 2547 1874 2621 ἀπειλῇ

265 2632 397 2698 τούς
430 2638 616 2706 ιερους
639 2630 831 2706 ὁρμῶν
863 2634 1147 2709 μάρτυρας
1173 2633 1310 2691 ούδε
1334 2634 1648 2706 πλησιάζειν
1680 2630 1873 2697 αὐτοῖς

203 2732 246 2765 30
270 2713 386 2782 οἷός
416 2740 474 2774 τε
504 2719 607 2788 ἠν,
650 2723 927 2791 κυρίττων
970 2719 1032 2774 δε
1073 2732 1189 2785 τοῖς
1230 2721 1362 2776 ποσι
1404 2720 1496 2774 καὶ
1537 2731 1652 2784 τοῖς
1682 2720 1874 2789 κέρασι
1931 2754 1954 2764 »»

264 2806 398 2874 τῆδε
439 2800 661 2858 κάκεῖσε
700 2802 982 2876 χριόμενος
1023 2805 1115 2859 καὶ
1147 2803 1239 2860 διά
1281 2827 1413 2869 τους
1444 2802 1554 2858 ἀπὸ
1585 2807 1699 2858 τῶν
1728 2825 1871 2857 καυ-

266 2886 453 2961 τήρων
502 2885 834 2959 ἐρεθισμούς
886 2892 1078 2959 θυμοῦ
1132 2889 1223 2943 καὶ
1276 2887 1502 2958 ἀπειλῆς
1555 2887 1740 2942 πνέων
1793 2891 1902 2967 εἰςΔ
