2032 3174
548 151 704 193 HlST.
736 149 984 195 ECCLES.
1014 152 1050 191 1.
1080 152 1204 191 4—6.
1643 149 1709 199 21

104 265 456 341 ἀπογραφῆς,
489 268 579 322 καὶ
611 264 885 338 ἀπέστησε
917 265 1053 323 λαὸν
1081 262 1258 322 ὀπίσω
1291 262 1492 337 αὐτοῦ,
1527 262 1713 323 κάκεῖ-

104 375 197 418 νος
227 349 505 423 ἀπώλετο,
538 353 629 408 καὶ
660 349 862 416 πάντες
893 349 1011 406 ὅσοι
1047 354 1392 422 ἐπείσθησαν
1424 348 1573 426 αὐτῷ
1605 356 1712 407 διε-

104 432 582 508 σκορπίσθησαν.”
624 439 671 492 4.
691 434 902 501 τούτοις
928 433 979 489 δ’
1010 427 1114 490 οὖν
1144 436 1235 490 καὶ
1266 431 1294 491 ὁ
1330 438 1713 507 δεδηλωμένος

81 514 164 578 ’ἐν
194 518 645 596 ὀκτωκαιδεκάτῳ
687 524 782 592 τῆς
820 517 1206 591 ἀρχαιολογίας
1245 517 1512 594 συνᾴδων
1541 524 1714 575 ταῦτα

14 671 19 674 ,
103 611 467 679 παρατίθεται
508 603 646 662 κατὰ
687 604 835 670 λέξιν
866 598 1174 675 “Κυρίνιος
1230 604 1291 660 δὲ
1331 606 1443 660 τῶν
1495 608 1573 669 εἰς
1613 603 1756 675 τὴυό

96 684 348 762 “βουλὴν
378 688 778 761 συναγομένων
807 685 969 759 ἀνὴρ,
1000 684 1095 753 τάς
1118 709 1176 743 τε
1199 685 1367 753 ἄλλας
1398 684 1568 761 ἀρχὰς
1602 690 1715 744 ἐπι-

98 771 426 840 “τετελεκώς
456 775 548 829 καὶ
581 769 672 829 διὰ
695 774 890 828 πασῶν
918 768 1158 837 ὁδεύσας
1188 770 1394 838 ὕπατος
1429 774 1712 844 γενέσθαι,

95 853 198 914 “voi
228 880 286 914 τε
317 855 455 914 ἀλλα
485 854 748 930 ἀξιώματι
778 857 979 929 μέγας,
1013 852 1118 912 σὺν
1146 853 1353 927 ὀλίγοις
1386 857 1471 911 ἐπὶ
1500 862 1716 927 Συρίας

98 937 346 1015 “παρῆν,
377 938 486 999 ὑπὸ
516 946 799 1014 Καίσαρος
834 937 1181 1012 δικαιοδότης
1213 944 1310 997 τοῦ
1342 946 1547 1005 ἔθνους
1579 936 1715 996 ἀπε-

95 1021 463 1099 “σταλμένος,
506 1027 599 1082 καὶ
629 1024 854 1098 τιμητὴς
893 1028 1006 1082 τῶν
1044 1022 1254 1082 οὐσιῶν
1284 1021 1709 1097 γενησόμενος.”
1737 1040 1787 1071 10-

104 1115 150 1168 5.
198 1113 289 1168 καὶ
330 1112 464 1183 μετὰ
512 1111 719 1183 βραχέα
769 1115 944 1182 φησίν
974 1105 1214 1175 ωΙούδας
1267 1110 1329 1166 δὲ
1369 1114 1716 1181 Γαυλανίτης

96 1190 278 1268 “ἀνὴρ
321 1199 382 1252 ἐκ
423 1192 632 1262 πόλεως
672 1191 845 1268 ὄνομα
878 1191 1166 1267 Γαμάλας,
1209 1191 1508 1251 Σάδδοκον
1541 1202 1713 1265 Φαρι-

95 1274 296 1336 “σαι”ον
326 1277 804 1352 προσλαβόμενος,
835 1275 1092 1351 ἠπείγετο
1126 1279 1213 1335 ἐπὶ
1245 1276 1573 1350 ἀποστάσει,
1615 1275 1717 1349 τήν

98 1358 192 1420 “vs
223 1362 555 1436 ἀποτίμησιν
584 1361 752 1420 οὐδὲν
782 1360 915 1420 ἄλλο
946 1359 980 1434 ἢ
1010 1360 1272 1436 ἄντικρυς
1305 1367 1567 1419 δουλείαν
1599 1364 1720 1418 ἐπι-

98 1442 328 1520 ’“φέρειν
359 1448 638 1520 λέγοντες,
682 1449 774 1504 καὶ
807 1452 903 1515 τῆς
951 1450 1274 1518 ἐλευθερίας
1307 1445 1390 1503 ἐπ’
1428 1444 1716 1518 ἀντιλήψει
1741 1461 1781 1494 15

98 1528 588 1606 “παρακαλοῦντες
616 1529 676 1588 τὸ
710 1527 930 1598 ἔθνος.”
993 1536 1042 1587 6.
1075 1533 1167 1587 καὶ
1201 1534 1261 1588 ἐν
1290 1534 1356 1603 τῇ
1391 1532 1622 1605 δευτέρᾳ
1658 1531 1719 1586 δὲ

105 1619 215 1672 τῶν
248 1620 507 1687 ἱστοριῶν
535 1618 636 1672 τοῦ
657 1614 968 1673 Ἰουδαϊκοῦ
997 1618 1239 1688 πολέμου
1271 1617 1396 1687 περὶ
1421 1617 1522 1671 τοῦ
1545 1612 1720 1671 αὐτοῦ

104 1703 275 1757 ταῦτα
304 1699 505 1773 γράφει
527 1698 657 1756 “ε’πὶ
686 1698 898 1766 τούτοις
929 1723 1009 1765 τις
1032 1696 1173 1773 ἀνὴρ
1196 1706 1490 1764 Γαλιλαῖος
1508 1694 1719 1765 Ἰούδας

36 1778 39 1779 ⁷
95 1782 309 1858 “ὄνομα
341 1790 418 1851 εἰς
449 1782 793 1841 ἀποστασίαν
826 1787 989 1856 ἐνῆγε
1019 1782 1147 1851 τούς
1180 1785 1527 1857 ἐπιχωρίους,
1560 1789 1718 1839 κακί-

97 1865 270 1941 “geom
314 1875 363 1927 εἰ
401 1866 578 1942 φόρον
618 1891 675 1925 τε
707 1867 991 1941 Ῥωμαίοις
1030 1875 1214 1926 τελεῖν
1252 1867 1596 1941 ὑπομένουσι
1626 1869 1718 1923 καὶ
1741 1886 1782 1918 20

97 1948 269 2026 “yet&
309 1952 404 2011 τὸν
443 1951 582 2010 θεὸν
612 1961 827 2010 οἴσουσι
870 1951 1114 2025 θνητούς
1160 1947 1481 2018 δεσπότας.”
1544 1954 1718 2007 ταῦτα

107 2035 135 2093 ὁ
163 2034 436 2110 Ἰώσηπος.

235 2132 308 2180 VI.
374 2131 499 2198 [Nic.
529 2132 586 2181 H.
618 2133 670 2181 E.
699 2133 734 2188 Ι,
762 2130 837 2198 6.]
922 2124 1237 2194 Τηνικαῦτα
1271 2120 1332 2177 δὲ
1356 2121 1446 2176 καὶ
1470 2123 1568 2176 τοῦ
1587 2116 1717 2177 Ἰου-

109 2209 283 2263 δαίων
330 2212 532 2272 ἔθνους
555 2201 809 2280 Ἡρώδου
854 2204 1076 2280 πρώτου
1107 2203 1166 2262 τὸ
1210 2206 1368 2277 γένος
1398 2202 1718 2276 ἀλλοφύλου

109 2289 452 2362 διειληφότος
481 2288 582 2363 τὴν
612 2296 902 2363 βασιλείαν
942 2288 976 2362 ἡ
1010 2288 1101 2347 διά
1134 2292 1421 2355 Μωυσέως
1456 2311 1716 2363 περιγρα-
1739 2305 1781 2336 25

108 2373 223 2445 φὴν
256 2372 529 2446 ἐλάμβανε
559 2381 868 2449 προφητεία
889 2371 1031 2432 “ofin
1075 2377 1353 2442 ἐκλείψειν
1391 2371 1631 2447 ἄρχοντα
1663 2376 1716 2439 ἐξ

104 2453 282 2514 Ἰούδα
304 2454 436 2515 οὐδὲ
457 2457 773 2533 ἡγούμενον
797 2463 857 2517 ἐκ
879 2464 991 2516 τῶν
1013 2464 1205 2534 μηρῶν
1229 2455 1436 2515 αὖτοῦ”
1471 2456 1715 2530 φήσασα,

24 2561 27 2570 ’
62 2575 66 2578 -
104 2536 242 2607 ηἕως
265 2536 334 2598 ἀν
360 2546 496 2616 ἔλθῃ
523 2535 565 2618 ᾧ
589 2540 927 2616 ἀπόκειται,”
956 2541 1021 2601 ὃν
1045 2545 1136 2601 καὶ
1161 2540 1463 2615 ἀποφαίνει
1481 2547 1716 2614 προσδο-

110 2631 237 2682 κίαν
270 2628 455 2684 ἐθνῶν
487 2632 728 2686 ἔσεσθαι,
782 2633 831 2685 2.
858 2625 1022 2701 ἀτελῆ
1053 2631 1121 2701 γε’
1146 2652 1228 2685 τοι
1259 2626 1323 2684 vc}
1353 2633 1448 2699 τῆς
1478 2623 1717 2699 προρρή-

225 2848 249 2887 5
279 2847 458 2900 Ioseph.
482 2847 535 2889 A.
556 2849 591 2888 Ι.
614 2849 781 2900 XVIII,
809 2851 846 2899 1,
872 2852 909 2890 1.
1105 2851 1154 2888 18
1186 2848 1366 2900 Ioseph.
1391 2847 1441 2885 B.
1466 2845 1585 2896 LII,
1610 2847 1648 2894 8,
1675 2848 1711 2883 1.

112 2902 164 2941 26
197 2902 307 2945 Gen.
329 2905 397 2955 49,
424 2907 487 2943 10.
