2032 3174
819 95 955 138 OAP..
976 98 1014 136 4.
1611 98 1722 137 LIII

117 215 271 278 putet
316 207 655 260 Salvatorem
705 214 946 260 nostrum
994 207 1179 259 Jesum
1229 207 1504 260 Christum
1553 208 1722 260 fuisse

116 291 387 345 novellum
426 293 483 345 et¹
517 311 690 346 novae
728 291 1008 344 doctrinae
1047 300 1336 344 auctorem.

579 559 824 612 CAPUT
864 559 1254 625 QUARTUM.

116 674 398 730 Doctrinam
448 673 506 728 de
553 673 819 741 religione„
870 687 1015 742 quam
1056 671 1282 727 Salvator
1328 675 1493 727 noster
1530 673 1719 745 praedi-

257 759 415 827 cavit,
454 773 606 827 neque
647 772 826 811 novam
866 771 1020 827 neque
1058 757 1370 828 peregrinam
1411 757 1576 811 fuisse.

218 885 424 937 Iterum
471 902 538 935 ne
584 883 703 954 quis
754 885 872 954 ejus
923 883 1227 936 doctrinam
1281 882 1346 935 de
1386 883 1576 935 timore
1617 885 1721 935 Dei

112 970 452 1040 peregrinam
491 977 543 1020 et
579 987 802 1032 novam,
842 975 1029 1039 utpote
1067 988 1100 1020 a
1136 967 1352 1021 novello
1379 967 1721 1020 enunciatam

112 1072 288 1124 neque
326 1051 436 1105 ullo
475 1053 634 1105 modo
673 1053 896 1123 reliquis
936 1052 1246 1105 hominibus
1286 1059 1575 1121 cognatam
1604 1072 1718 1104 sus—

110 1138 352 1209 picetur,
392 1157 566 1208 pauca
603 1139 765 1190 etiam
805 1138 871 1190 de
909 1156 973 1189 ea
1011 1137 1271 1190 dieamus.
1355 1141 1388 1203 ξ
1425 1137 1474 1188 2.
1541 1138 1720 1203 Quum

112 1225 254 1276 enim
291 1241 478 1276 reeens
517 1222 818 1276 Salvatoris
857 1223 1056 1289 nostri,
1105 1222 1329 1275 Domini
1376 1222 1548 1274 nostri
1589 1222 1720 1274 Jesu

113 1307 315 1360 Christi
343 1306 611 1360 adventus
637 1307 886 1359 omnibus
912 1306 1218 1359 hominibus
1244 1305 1530 1373 illuxisset,
1558 1325 1718 1372 nova,

112 1400 172 1443 ut
209 1391 552 1458 confitemur,
591 1410 725 1460 gens
763 1398 951 1444 nostra
989 1390 1084 1443 sed
1122 1410 1230 1444 non
1269 1392 1471 1460 exigua
1508 1400 1603 1443 aut
1640 1391 1719 1442 in-

114 1475 295 1542 firma,
344 1494 482 1545 quae
530 1477 578 1528 ei
626 1475 789 1527 fidem
840 1475 1137 1545 praestitit,
1197 1494 1369 1545 neque
1415 1477 1469 1527 in
1518 1473 1718 1544 angulo

112 1568 286 1612 terrae
342 1559 473 1625 sita,
530 1560 627 1612 sed
683 1579 780 1629 per
835 1578 1018 1612 omnes
1072 1561 1299 1631 populos
1354 1559 1619 1629 dissipata
1668 1568 1720 1610 et

111 1642 540 1714 populosissima.
616 1641 1143 1714 Deumque‘timens
1192 1663 1468 1714 nunquam
1508 1643 1716 1696 destru—

22 1736 25 1738 ’
109 1736 195 1781 eta
231 1747 403 1799 neque
441 1747 679 1798 unquam
717 1729 890 1794 vieta,
932 1730 1017 1780 cui
1058 1729 1163 1781 Dei
1202 1728 1466 1781 auxilium
1506 1747 1719 1798 semper

112 1821 325 1883 praesto
373 1820 490 1866 erat
536 1821 590 1866 et
638 1822 926 1882 propterea
975 1813 1156 1866 subito
1203 1813 1258 1864 in
1307 1814 1545 1865 omnium
1594 1831 1715 1866 eon-

108 1905 351 1968 speetum
419 1898 630 1964 evenit,
687 1916 820 1967 gens
878 1896 1082 1950 Christi
1139 1898 1357 1950 nomine
1413 1897 1714 1950 nobilitata.

109 1987 142 2048 ἓ
178 1983 229 2034 3.
302 1982 479 2048 Quam
527 1982 596 2035 ob
645 2001 759 2034 rem
805 2001 944 2034 unus
993 2001 1062 2034 ex
1100 1982 1384 2052 Prophetis
1436 1982 1714 2052 obstupes—

109 2085 261 2134 cem,
310 2067 400 2136 qui
448 2065 708 2137 quiddam
748 2074 1071 2120 eventurum
1110 2085 1228 2118 esse
1267 2066 1442 2120 divini
1479 2067 1713 2138 Spiritus

108 2150 261 2203 oculo
299 2159 683 2221 prospexerat,
724 2151 801 2204 sie
838 2151 914 2204 ait
954 2151 1091 2218 (Jes.
1118 2151 1212 2218 66,
1251 2151 1350 2220 8.):
1408 2153 1543 2218 Quis
1584 2150 1715 2206 talia

107 2234 354 2288 audivit?
411 2235 548 2301 Quis
588 2234 722 2288 talia
758 2236 933 2289 vidit?
982 2235 1259 2305 Numquid
1298 2237 1532 2306 parturit
1570 2243 1715 2288 terra

107 2337 213 2371 uno
251 2318 376 2372 die?
439 2319 583 2372 Num
622 2339 753 2390 gens
792 2319 1061 2390 quaedam
1091 2339 1198 2373 una
1223 2320 1357 2374 hora
1381 2321 1566 2390 genita
1592 2322 1712 2373 est?

107 2402 287 2473 Atque
333 2403 420 2454 hie
467 2405 731 2474 propheta
776 2404 842 2457 de
891 2406 1105 2470 nomine
1158 2406 1236 2457 sie
1280 2405 1504 2476 loquens
1546 2404 1712 2458 verba

107 2487 240 2539 facit
267 2486 404 2555 (JeS.
431 2488 516 2555 65,
548 2489 627 2541 15.
659 2490 793 2558 16.):
835 2489 1065 2559 „Atque
1103 2490 1259 2543 vobis
1298 2509 1494 2544 nomen
1533 2507 1709 2541 meum

107 2571 421 2625 timentibus
468 2591 665 2625 nomen
711 2593 911 2627 novum
968 2574 1299 2644 imponetur,
1357 2574 1502 2644 quod
1549 2573 1708 2625 beno-

106 2654 316 2708 dieetur
360 2656 415 2707 in
461 2659 662 2710 terra.“
745 2662 778 2724 ἓ
816 2658 867 2710 4.
931 2657 1039 2711 Sed
1084 2658 1300 2711 tametsi
1347 2658 1477 2711 novi
1523 2675 1707 2708 sumus

106 2746 160 2791 et
203 2758 389 2792 reeens
438 2740 870 2795 Christianorum
918 2761 1113 2795 nomen
1158 2742 1408 2795 omnibus
1459 2740 1555 2809 (B.
1582 2739 1705 2792 add,

106 2821 341 2892 populis)
367 2825 626 2891 innotuit,
665 2825 759 2879 illa
795 2828 914 2897 ejus
954 2827 1101 2880 vitae
1136 2825 1363 2879 directio
1391 2833 1443 2878 et
1470 2833 1707 2895 potestas
