1986 3152
604 89 759 132 HIST.
780 88 1029 131 ECCLES.
1053 90 1106 129 v.
1139 91 1178 134 1.
1602 88 1699 140 197

87 203 205 265 “59.
238 207 331 264 καὶ
362 204 466 277 γὰρ
496 205 625 271 τοὺς
658 206 1124 278 ἐναποπνιγέντας
1158 208 1220 262 ἐν
1249 207 1318 279 τῇ
1349 208 1533 279 εἱρκτῇ
1564 228 1700 279 παρ-

86 287 359 362 “ε’βαλλον
390 291 573 361 κυσὶν,
620 291 886 362 ἐπιμελως
918 287 1449 362 παραφυλάσσοντες
1480 288 1699 362 νύκτωρ

85 370 214 432 “acal
255 372 391 447 μεθ’
435 369 676 447 ἡμέραν,
716 371 791 447 μὴ
836 378 1090 448 κηδευθῇ
1130 398 1211 440 τις
1251 369 1352 446 ὑφ’
1389 371 1564 446 ἡμῶν,
1606 376 1698 431 καὶ

84 453 240 561 Ξτότε
282 455 350 530 δὴ
400 461 705 531 προθέντες
743 456 811 524 τά
853 481 913 515 τε
961 462 1073 518 ταῖν
1113 464 1334 531 θηρίων
1374 456 1440 515 τά
1490 481 1550 516 τε
1601 462 1700 515 τοῦ

84 537 297 616 “πυρός
338 548 604 615 λείψανα,
649 544 728 614 πῆ
769 567 872 615 μεν
912 544 1329 617 ἐσπαραγμένα,
1370 547 1446 614 πῆ
1490 542 1552 599 δὲ
1598 539 1743 612 ἠν-5

84 621 505 700 “θρακευμένα,
547 628 639 683 καὶ
668 630 782 684 τῶν
814 631 1021 683 λοιπῶν
1050 626 1145 693 τὰς
1176 625 1419 698 κεφαλὰς
1451 625 1557 683 σὺν
1587 641 1701 693 τοῖς

85 706 507 784 “ἆποτμη’μασιν
547 709 735 777 αὐτῶν
767 706 1029 777 ὡσαύτως
1060 706 1306 782 ἀτάφους
1346 709 1703 784 παρεφύλατ-

84 791 216 852 “τον
245 791 381 867 μετὰ
411 796 800 867 στρατιωτικῆς
834 797 1143 867 ἐπιμελείας
1183 793 1409 867 ἡμέραις
1454 810 1699 868 συχναῖς.

84 873 202 936 “60.
229 879 322 936 καὶ
345 882 404 936 oc
420 878 523 951 μὲν
547 881 915 951 ἐνεβριμῶντο
939 880 1030 935 καὶ
1062 884 1299 952 ἔβρυχον
1322 875 1452 945 τοὺς
1475 877 1703 946 ὀδόντας

84 958 208 1032 ’(έπῘ
243 958 462 1034 αὐτοῖς,
495 964 780 1035 ζητοῦντές
821 986 946 1020 τινα
986 963 1385 1036 περισσοτέραν
1418 965 1703 1036 ἐκδίκησιν
1726 983 1764 1016 10

80 1042 255 1119 “παρ’
282 1043 469 1104 αὐτῶν
492 1053 708 1120 λαβεῖν,
739 1052 797 1103 oc
827 1047 888 1104 δὲ
915 1049 1185 1119 ἐνεγέλων
1216 1048 1308 1109 καὶ
1334 1045 1701 1121 ἐπετώθαζον,

84 1127 526 1204 “μεγαλύνον.τες
566 1129 677 1204 ἅμα
716 1130 782 1188 τὰ
824 1136 1027 1189 εἴδωλα
1068 1127 1282 1204 αὐτῶν,
1337 1133 1429 1192 καὶ
1473 1135 1704 1198 ἐκείνοις

84 1211 530 1287 “προσάπτοντες
567 1214 669 1288 τὴν
708 1214 919 1274 τού-των
957 1221 1246 1289 τιμωρίαν,
1289 1219 1346 1273 οἱ
1384 1215 1446 1274 δὲ
1478 1218 1705 1273 ἐπιεικέ-

84 1295 306 1373 “στεροι
345 1302 437 1366 καὶ
479 1300 615 1357 κατὰ
657 1299 831 1357 ποσὸν
862 1311 1186 1372 συμπαθεῖν
1217 1302 1511 1367 δοκοῦντες
1543 1298 1707 1368 ὠνεί-

83 1379 271 1453 “διζον
301 1382 443 1442 πολῦ
476 1386 728 1457 λέγοντες
753 1379 883 1441 εποῦ
914 1381 943 1441 ὃ
974 1384 1107 1451 θεὸς
1138 1382 1353 1455 αὐτῶν,
1386 1386 1479 1441 καὶ
1507 1390 1565 1443 τί
1592 1384 1698 1442 αὐ·
1726 1403 1765 1436 15

85 1464 248 1534 “tofis
290 1466 507 1541 ὤνησεν
546 1467 580 1538 ἡ
621 1475 925 1542 θρησκεία,
970 1466 1040 1542 ἣν
1082 1471 1175 1526 καὶ
1214 1466 1320 1541 πρὸ
1359 1471 1455 1545 τῆς
1489 1470 1705 1526 ἑαυτῶν

83 1548 333 1611 “ε“ἴλοντο
364 1557 543 1626 ψυχῆς
558 1551 584 1624 ;’
648 1558 731 1610 61.
776 1555 866 1610 καὶ
896 1552 962 1610 τὰ
993 1554 1094 1627 μὲν
1124 1551 1221 1611 ἀπ’
1258 1558 1489 1611 ἐκείνων
1517 1553 1706 1615 τοιαύ-

83 1632 221 1710 “την
254 1636 365 1711 εἶχε
395 1637 498 1710 τὴν
528 1643 828 1710 ποικιλίαν,
858 1637 924 1694 τὰ
959 1638 1020 1695 δὲ
1050 1635 1182 1694 καθ’
1220 1635 1361 1710 ἡμᾶς
1395 1640 1455 1696 ἐν
1483 1636 1702 1714 μεγάλῳ

84 1716 471 1794 ε“’καθειστήκει
502 1724 731 1795 πένθει,
767 1721 859 1779 διὰ
887 1720 948 1779 τό
971 1721 1045 1795 μὴ
1072 1721 1353 1780 δύνασθαι
1382 1722 1448 1779 τὰ
1480 1720 1703 1796 σώματα

83 1801 332 1880 κκρύψαι
362 1809 430 1880 τῇ
457 1809 544 1880 γῇ.
599 1803 726 1864 οὔτε
755 1805 860 1879 γὰρ
891 1806 991 1875 νὺξ
1016 1804 1386 1880 συνεβάλλετο
1410 1804 1544 1880 ἡμῖν
1567 1805 1702 1880 πρὸς
1724 1826 1764 1859 20

82 1886 280 1959 “τοῦτο
320 1889 447 1948 οὔτε
486 1889 723 1964 ἀργύρια
764 1896 992 1948 ἔπειθεν
1032 1888 1160 1949 οὔτε
1201 1896 1448 1949 λιτανεία
1489 1889 1704 1948 ἐδυσώ-

83 1970 242 2046 “πει,
283 1976 449 2033 παντὶ
497 1976 557 2033 δὲ
587 1975 773 2052 τρόπω
804 1973 1175 2050 παρετήρουν,
1223 1974 1294 2041 ὡς
1325 1976 1463 2049 μέγα
1493 2000 1544 2032 τι
1575 1999 1704 2047 κερ-

86 2054 456 2132 “δανοῦντες,
501 2065 553 2116 εἰ
578 2057 653 2133 μὴ
683 2058 904 2134 τύχοιεν
934 2057 1158 2133 ταφῆς.”
1224 2064 1308 2117 62.
1341 2058 1555 2127 τούτοις
1586 2062 1706 2132 ἑξῆς

90 2140 221 2215 μεθ’
248 2141 407 2217 ἕτερά
437 2161 574 2217 φασι
599 2139 701 2201 “vec
731 2140 836 2202 οὖν
866 2142 1090 2218 στόματα
1113 2147 1224 2202 τῶν
1247 2142 1546 2219 μαρτύρων
1571 2166 1706 2202 παν-

104 2223 286 2293 ’τοίως
338 2231 952 2302 παραδειγματισθέντα
1013 2231 1104 2286 καὶ
1157 2231 1564 2303 αἰθριασθέντα
1618 2230 1704 2285 ἐπι
1727 2246 1769 2278 25

87 2306 329 2384 α’ἡμέρας
362 2317 443 2384 ἐξ,
483 2316 772 2386 μετέπειτα
815 2316 1017 2371 καέντα
1047 2315 1139 2370 καὶ
1173 2319 1566 2372 αἰθαλωθέντα
1597 2311 1706 2369 υπὸ

87 2390 232 2453 “τι·ὄν
272 2393 497 2470 ἀνόμων
535 2396 899 2471 κατεσαρεόθη
932 2405 1010 2464 εἰς
1040 2396 1138 2456 τὸν
1168 2396 1432 2456 Ροδανόν
1461 2397 1707 2470 ποταμὸν

87 2474 359 2580 Ξπλησίον
399 2482 810 2555 παραρρέοντα,
849 2505 997 2548 οπως
1036 2483 1176 2556 μηδε
1215 2487 1483 2551 λείψανον
1522 2477 1707 2538 αυτῶν

87 2558 386 2638 “φαίνηται
432 2567 520 2624 ἐπὶ
562 2569 658 2638 τῆς
688 2570 788 2638 γῆς
819 2572 914 2623 ἔτι.
987 2570 1069 2624 63.
1115 2568 1208 2624 καὶ
1247 2564 1403 2624 ταῦτ’
1439 2572 1707 2638 ἔπραττον

89 2642 198 2748 ζὼς
232 2648 533 2723 δυνάμενοι
571 2654 794 2723 νικῆσαι
833 2649 932 2708 τὸν
969 2650 1109 2709 θεὸν
1148 2652 1240 2707 καὶ
1271 2647 1579 2723 ἀφελέσθαι
1610 2674 1702 2704 αυ
1728 2664 1771 2695 30

127 2756 239 2789 των
289 2734 390 2806 τὴν
442 2740 901 2807 παλιγγενεσίαν,
964 2740 1087 2807 ἵνα,
1139 2759 1210 2801 ως
1257 2740 1447 2807 ἔλεγον
1488 2737 1704 2803 ἐκεῖνοι,

90 2811 263 2889 ’(μηδὲ
295 2822 494 2875 ἐλπίδα
526 2824 732 2892 σχῶσιν
760 2816 1143 2892 ἀναστάσεως,
1187 2815 1280 2891 ἐφ’
1311 2811 1348 2892 ᾗ
1378 2815 1706 2880 πεποιθότες
