1986 3152
278 138 387 189 290
951 134 1202 176 EUSEBII

275 255 388 309 τῶν
418 251 554 308 κατὰ
582 250 685 322 τὴν
715 247 957 307 σύνοδον
999 246 1349 323 ἆρεσάντων,
1392 251 1485 307 καὶ
1525 249 1693 308 πάλιν
1734 251 1893 326 ἑτέρα

278 338 404 409 περὶ
443 338 555 392 τῶν
595 331 731 391 κατὰ
772 331 1065 390 Νοουάτον
1106 335 1505 407 πραχθέντων,
1547 332 1648 407 ἀφ’
1693 329 1758 408 ἧς
1799 338 1892 393 καὶ

277 423 414 493 μέρη
446 421 803 491 παραθέσθαι
835 415 1007 474 οὐδὲν
1037 413 1108 475 ἂν
1137 415 1371 489 κωλύοι,
1411 416 1559 484 ὅπως
1590 424 1796 478 εἰδεῖεν
1823 419 1890 477 τοὶ

277 503 396 560 κατ’
435 501 608 560 αὐτὸν
638 506 695 559 οὗ
719 505 854 575 τῇδε
886 500 1315 574 ἐντυγχάνοντες
1345 504 1412 575 τῇ
1452 505 1654 577 γραφῇ.
1714 508 1760 561 5.
1794 498 1892 561 τὸν

234 613 255 645 5
280 587 348 659 δὴ
379 580 483 645 οὖν
516 584 732 658 Φάβιον
761 583 1156 643 ἀναδιδάσκων
1194 582 1382 653 ὁποῖός
1421 610 1501 653 τις
1545 586 1576 643 ὃ
1605 586 1893 654 Νοουάτος

278 671 522 745 ἐγεγόνει
551 670 649 729 τὸν
677 668 885 745 τρόπον
914 667 1057 727 αὐτὰ
1094 667 1163 742 δὴ
1199 673 1372 727 ταῦτα
1393 669 1598 744 γράφει
1619 669 1648 728 ὁ
1673 670 1892 746 Κορνή-

276 765 390 824 λιος
441 752 574 814 “ἴνα
628 756 690 813 δὲ
738 760 884 831 γνῷς
953 752 1037 812 ὅτι
1089 754 1367 828 πρόπαλαι
1418 752 1745 829 ὀρεγόμενος
1796 759 1895 828 τῆς

267 836 606 912 “ε’πισκοπῆς
665 839 693 897 ὁ
755 838 1069 912 θαυμάσιος
1131 831 1291 906 οὗτος
1358 843 1451 896 καὶ
1509 838 1773 914 κρύπτων
1833 843 1896 897 ἐν

269 922 486 1001 “ε“”αυτς5
516 924 618 996 τὴν
647 927 894 998 προπετῆ
921 922 1130 997 ταύτην
1169 923 1340 981 αὐτοῦ
1383 927 1690 997 ἐπιθυμίαν
1731 923 1892 982 ἐλάν-

216 1036 257 1066 10
273 1007 520 1081 “,θανεν
563 1008 966 1081 ἐπικαλύμματι
1004 1011 1099 1081 τῆς
1141 1004 1311 1066 αὐτοῦ
1351 1005 1617 1074 ἀπονοίας
1659 1031 1735 1065 τω
1767 1007 1886 1066 κατ’

270 1089 479 1166 σεάρχόις
525 1092 635 1151 σὺν
677 1092 826 1169 αὐτῷ
865 1092 991 1159 τοὺς
1036 1091 1371 1165 ὁμολογητας
1422 1095 1711 1166 ἐσχηκέναι
1755 1091 1893 1166 χρεό-

286 1173 495 1250 θμενος,
542 1183 721 1235 εἰπειν
762 1158 1045 1249 βούλομαι.
1110 1182 1159 1234 6.
1195 1175 1478 1249 Μάξιμος,
1520 1175 1895 1249 πρεσβύτερος
1939 1172 1942 1175 Δ

267 1257 418 1318 “τῶν
448 1259 577 1333 παρ’
616 1259 770 1333 ἡμῖν,
802 1262 895 1317 καὶ
930 1257 1244 1333 Οὕρβανὸς,
1280 1262 1365 1326 δὶς
1395 1261 1498 1333 τὴν
1523 1263 1575 1328 ἐξ
1601 1259 1894 1334 ὁμολογίας

263 1344 472 1414 “δόξαν
510 1342 742 1419 ἀρίστην
771 1343 1225 1418 καρπωσάμενοι,
1270 1343 1547 1411 Σιδώνιός
1576 1367 1636 1402 τε
1665 1347 1757 1402 καὶ
1788 1354 1893 1403 Κε-

214 1455 255 1486 15
274 1426 555 1502 “λερῖνος,
589 1428 731 1504 ἀνὴρ
763 1425 822 1495 ὃς
853 1427 1030 1496 πάσας
1062 1427 1343 1501 βασάνους
1377 1427 1469 1486 δια
1497 1428 1594 1487 τὸν
1625 1434 1722 1487 τοῦ
1752 1434 1894 1488 θεοῦ

267 1513 462 1572 “ἕλεον
510 1512 952 1588 καρτερικώτατα
995 1515 1306 1586 διενέγκας,
1359 1516 1451 1570 καὶ
1493 1518 1560 1589 τῇ
1601 1514 1756 1588 ῥώμῃ
1797 1518 1895 1586 τῆς

266 1596 479 1702 ἱζαύτοῦ
518 1605 757 1666 πίστεως
799 1596 859 1655 τὸ
901 1595 1139 1664 ἀσθενὲς
1178 1604 1274 1671 τῆς
1317 1596 1519 1672 σαρκὸς
1564 1597 1892 1672 ἐπιρρώσας,

267 1681 446 1740 “κατα
475 1682 671 1756 κράτος
700 1688 959 1755 νενίκηκε
987 1681 1087 1740 τὸν
1115 1679 1498 1755 αντικείμενον
1532 1716 1606 1723 -
1640 1684 1791 1740 οὑτοι
1824 1683 1894 1755 δὴ

267 1758 409 1824 “οὖν
438 1773 496 1825 οἱ
532 1766 734 1871 ἄνδρες
773 1766 1214 1875 κατανοήσαντες
1255 1763 1455 1840 αυτὸν,
1498 1769 1590 1824 καὶ
1631 1790 1894 1839 καταφω-

212 1877 254 1909 ρο
286 1850 574 1925 “ράσαντες
614 1852 717 1921 τὴν
759 1856 820 1910 ἐν
857 1851 1008 1910 αὐτω
1036 1859 1385 1925 πανουργίαν
1415 1874 1473 1908 τε
1503 1853 1595 1908 καὶ
1626 1858 1893 1924 παλιμβο-

267 1935 461 2010 “λίαν,
509 1936 605 2004 τάς
647 1960 708 1994 τε
752 1940 1031 2010 ἐπιορκίας
1072 1939 1165 1994 καὶ
1203 1941 1602 2009 ψευδολογίας,
1657 1937 1749 1992 καὶ
1791 1933 1894 2008 τὴν

267 2017 718 2093 “άκοινωνησίαν
748 2020 921 2078 αὐτοῦ
953 2024 1043 2078 καὶ
1075 2027 1427 2094 λυκοφιλίαν,
1463 2024 1783 2092 ἐπανῆλθον
1814 2026 1893 2085 εἰς

268 2102 409 2175 “τὴν
440 2103 605 2177 ἁγίαν
637 2109 963 2179 ἐκκλησίαν,
1007 2107 1098 2162 καὶ
1129 2105 1347 2162 ἅπαντα
1383 2102 1554 2162 αὐτοῦ
1595 2104 1662 2162 τὰ
1702 2103 1892 2177 τεχνά-

269 2187 486 2260 “σματα
517 2191 609 2245 καὶ
639 2187 1050 2262 πονηρεύματα,
1083 2184 1118 2245 ἃ
1144 2193 1203 2246 ἐκ
1227 2194 1435 2247 πολλοῦ
1460 2196 1603 2261 ἔχων
1627 2192 1688 2245 ἐν
1713 2191 1894 2265 ἐαυτῷ

213 2268 698 2345 25“ὑπεστέλλετο,
740 2271 1032 2347 παρόντων
1074 2277 1283 2331 ἱκανῶν
1331 2275 1491 2331 τοῦτο
1533 2273 1635 2346 μὲν
1677 2272 1892 2330 ἐπισκό-

309 2379 460 2430 πων,
513 2360 674 2414 τοῦτο
720 2357 782 2413 δε
834 2359 1229 2431 πρεσβυτέρων
1279 2360 1370 2414 καὶ
1414 2361 1623 2415 λαίκων
1665 2355 1894 2432 ἀνδρων

273 2437 687 2548 ἶπαμπόλλων,
733 2439 1054 2513 ἐξήγγειλαν
1092 2438 1504 2515 ἀποδυρόμενοι
1543 2444 1635 2499 καὶ
1673 2465 1892 2515 μεταγι-

273 2521 617 2592 “νωσκοντες
660 2522 753 2598 ἐφ’
800 2523 884 2593 οἷς
924 2528 1248 2592 πεισθέντες
1286 2530 1364 2603 τῷ
1406 2529 1618 2603 δολερω
1657 2528 1747 2583 καὶ
1791 2549 1892 2582 κα-

271 2606 504 2682 “κοήθει
544 2615 727 2686 θηρίῳ
777 2610 914 2682 πρὸς
963 2606 1155 2683 ὀλίγον
1206 2609 1408 2712 χρόνον
1456 2616 1552 2683 τῆς
1601 2614 1891 2681 ἐκκλησίας

213 2691 783 2767 30“οἰπελείφθησαν.”
848 2700 893 2751 7.
939 2695 1056 2752 εἶτα
1094 2718 1230 2768 μετα
1267 2697 1474 2796 βραχέα
1503 2699 1677 2768 φησίν
1709 2691 1891 2766 “dwi—

271 2775 480 2852 “χανον
508 2777 665 2852 ὅσην,
697 2777 942 2851 ἀγαπητε
972 2777 1203 2852 αδελφε,
1233 2779 1445 2852 τροπὴν
1467 2783 1560 2836 καὶ
1582 2776 1893 2852 μεταβολὴν

270 2862 374 2921 “ἐν
403 2870 603 2937 βραχεῖ
621 2867 793 2940 καιρῷ
819 2862 1175 2937 ἐθεασάμεθα
1194 2862 1278 2921 ἐπ’
1311 2862 1483 2921 αὐτοῦ
1500 2864 1899 2936 γεγενημένην.·
