1986 3152
289 94 390 144 124
987 91 1234 133 EUSEBH

286 211 453 279 ἱερῶν
482 206 837 281 γραμμάτων,
870 209 958 262 καὶ
991 209 1103 263 τῶν
1131 205 1568 279 ἀντιλεγομένων
1598 207 1718 279 μὲν,
1748 203 1894 280 ὅμως

289 290 343 348 δ’
380 295 440 348 ἐν
470 298 751 356 πλείσταις
784 293 1094 361 ἐκκλησίαις
1118 289 1265 363 παρὰ
1289 298 1512 357 πολλοῖς
1539 296 1894 363 δεδημοσιευ-

285 379 490 449 μένων,
521 379 634 432 τῶν
662 399 720 431 τε
751 377 1033 439 παντελῶς
1063 373 1254 431 νόθων
1284 375 1375 430 καὶ
1405 379 1501 446 τῆς
1531 373 1918 447 ἀποστολικῆς-

285 458 612 532 ὀρθοδοξίας
642 455 946 533 ἀλλοτρίων
979 461 1039 515 ἐν
1068 456 1280 524 τούτοις
1315 457 1657 530 διειληφότες
1683 461 1771 516 ἐπὶ
1794 459 1897 532 τὴν

242 567 262 599 5
285 550 396 609 τῶν
427 546 547 615 ἑξῆς
577 550 859 616 προΐωμεν
890 547 1149 615 ιστοριᾞαν

414 639 604 687 XXXII.
655 637 780 704 [Nic
808 639 864 686 Η
895 638 950 686 Ε.
980 638 1060 698 ΙΙΙ,
1092 635 1198 702 16.]
1293 626 1453 684 Μετὰ
1506 628 1748 727 Νέρωνα
1800 628 1893 683 καὶ

286 710 659 785 Δομετιανὸν,
699 709 837 767 κατὰ
880 714 1076 767 τοῦτον
1115 703 1183 767 οὗ
1225 715 1334 767 νῦν
1363 708 1491 776 τούς
1522 709 1755 783 χρόνους
1788 714 1896 778 ἐξε-

285 796 543 869 τάζομεν,
585 799 821 870 μερικῶς
861 798 953 852 καὶ
995 819 1132 851 κατα
1173 793 1358 861 πόλεις
1391 797 1443 862 ἐξ
1477 794 1896 859 ἐπαναστάσεως

290 879 482 953 δήμων
520 879 617 938 τὸν
656 878 786 936 καθ’
835 875 993 952 ἡμῶν
1034 881 1247 952 κατέχει
1287 872 1444 951 λόγος
1484 877 1897 951 ἆνακινηθῆναι

226 989 265 1020 10
291 964 562 1038 διωγμὸν,
606 968 666 1021 ἐν
698 956 742 1040 ᾦ
773 968 1051 1036 Συμεῶνα
1079 961 1176 1020 τὸν
1206 967 1304 1020 τοῦ
1334 967 1572 1034 Κλωπᾶ,
1614 959 1681 1019 ὃν
1712 962 1897 1019 δεύτε-

288 1073 394 1122 ρον
419 1051 755 1120 καταστῆναι
794 1052 889 1120 τῆς
933 1050 991 1104 ἐν
1013 1045 1408 1120 Ἱεροσολύμοις
1452 1051 1740 1120 ἐκκλησίας
1783 1050 1898 1104 ἐπί-

287 1150 495 1190 σκοπον
538 1131 921 1204 ἐδηλώσαμεν,
975 1137 1259 1208 μαρτυρίᾳ)
1299 1130 1396 1188 τὸν
1446 1138 1574 1202 βίον
1624 1130 1898 1188 ἀναλῦσαι

285 1215 723 1289 παρειλήφαμεν.
784 1220 831 1272 2.
877 1218 968 1272 καὶ
998 1214 1198 1272 τούτου
1227 1240 1437 1288 μαρτυς
1469 1212 1631 1281 αὐτὸς
1663 1218 1892 1286 ἐκεῖνος,

287 1301 353 1357 οῦ
379 1299 663 1400 διαφόροις
687 1298 795 1371 ἤδη
819 1298 1089 1372 πρότερον
1114 1298 1464 1373 ἐχρησαμεθα
1486 1313 1719 1372 φωναῖς,
1736 1298 1899 1371 Ηγή-

225 1407 264 1439 15
288 1401 512 1451 σιππος
557 1381 615 1450 ὃς
657 1385 725 1457 δὴ
757 1392 886 1456 περί
914 1408 1085 1442 τινων
1115 1387 1406 1458 αιρετικῶν
1439 1386 1676 1457 ιστορῶν
1709 1386 1896 1456 ἐπιφέ-

285 1492 369 1543 ρει
403 1474 589 1541 δηλῶν
630 1468 701 1535 ῶς
745 1466 851 1541 ἄρα
891 1464 1000 1524 ὑπὸ
1031 1467 1244 1525 τούτων
1285 1468 1422 1525 κατὰ
1452 1466 1618 1526 τόνδε
1648 1466 1744 1525 τὸν
1773 1466 1896 1541 χρό-

287 1578 388 1610 νον
410 1553 714 1626 ὑπομείνας
739 1558 1093 1626 κατηγορίαν,
1119 1552 1477 1625 πολυτρόπως
1501 1550 1529 1610 ὁ
1555 1550 1899 1625 δηλοῦμενος
1969 1614 1971 1617 ,

288 1634 439 1694 ῶσαν
479 1636 808 1711 Χριστιανὸς
851 1640 938 1693 ἐπὶ
988 1642 1272 1703 πλείσταις
1323 1639 1597 1703 αἰκισθεὶς
1649 1632 1896 1709 ἡμέραις,

289 1719 459 1778 αὐτόν
497 1746 556 1779 τε
595 1720 691 1778 τὸν
737 1719 1002 1793 δικαστὴν
1042 1723 1134 1778 καὶ
1175 1721 1300 1786 τοὺς
1339 1719 1476 1792 ἀμφ’
1525 1717 1694 1778 αὐτὸν
1726 1727 1802 1787 εἰς
1834 1719 1900 1777 τὰ

223 1828 265 1859 :20
287 1810 513 1879 μέγιστα
544 1804 909 1878 καταπλήξας,
941 1809 1017 1881 τῷ
1047 1810 1144 1862 τοῦ
1175 1811 1374 1878 κυρίου
1405 1803 1576 1862 πάθει
1607 1803 1896 1879 παραπλή-

289 1908 412 1947 σιον
441 1890 502 1947 τὸ
533 1892 684 1957 τέλος
715 1887 1077 1962 ἀπηνέγκατο.
1140 1894 1186 1946 3.
1230 1888 1400 1946 οὐδὲν
1432 1890 1494 1945 δὲ
1525 1886 1643 1946 οἷον
1674 1891 1766 1946 καὶ
1797 1891 1898 1946 τοῦ

288 1977 652 2047 συγγραφέως
699 1979 1031 2046 ἐπακοῦσαι,
1077 1971 1216 2030 αὐτα
1260 1971 1327 2045 δὴ
1369 1977 1541 2030 ταῦτα
1581 1971 1717 2030 κατὰ
1748 1976 1898 2040 λέξιν

288 2049 401 2114 ῶδέ
427 2081 542 2123 πως
576 2063 924 2130 ἱστοροῦντος
947 2055 1091 2114 “ἆπό
1121 2055 1334 2114 τούτων
1367 2060 1580 2130 δηλαδὴ
1610 2060 1722 2114 τῶν
1752 2063 1899 2129 αιρε-

277 2137 485 2198 “τικῶν
510 2144 884 2214 κατηγοροῦσί
907 2166 1052 2207 τινες
1084 2147 1386 2213 Συμεῶνος
1415 2144 1515 2198 τοῦ
1544 2143 1784 2212 Κλωπα,
1827 2137 1899 2207 ῶς

223 2222 473 2291 25“ὅντος
505 2223 611 2281 ἀπὸ
644 2227 834 2296 Δαβὶδ
865 2228 957 2281 καὶ
987 2228 1352 2298 Χριστιανοῦ,
1395 2227 1486 2281 καὶ
1517 2222 1662 2281 οὕτω
1693 2249 1897 2298 μαρτυ-

278 2305 406 2413 ἶρει
436 2313 573 2366 ἐτῶν
615 2333 693 2366 ων
733 2307 927 2366 ἑκατὸν
968 2318 1201 2380 εἴκοσιν,
1245 2311 1332 2365 ἐπὶ
1372 2312 1653 2382 Τραιανοῦ
1683 2316 1900 2367 Καίσα-

279 2391 412 2494 τΞΙρος
444 2397 537 2450 καὶ
566 2388 843 2450 ὑπατικοῦ
866 2391 1129 2450 Ἀττικοῦ.
1131 2390 1160 2411 ”
1223 2397 1271 2449 4.
1306 2395 1443 2466 φησὶ
1478 2394 1537 2449 δὲ
1567 2392 1595 2450 ὁ
1629 2392 1792 2460 αὐτὸς
1825 2392 1900 2459 ῶς

289 2503 395 2550 αρα
438 2480 529 2535 καὶ
569 2502 696 2544 τους
738 2475 1083 2549 κατηγόρους
1125 2474 1324 2549 αὐτοῦ,
1382 2480 1729 2550 ζητουμένων
1779 2475 1901 2534 τότε

289 2565 400 2619 τῶν
441 2559 546 2618 απὸ
587 2566 682 2634 τῆς
723 2566 1010 2634 βασιλικῆς
1046 2559 1335 2618 Ἰουδαίων
1386 2565 1594 2634 φυλῆς,
1650 2560 1802 2618 ῶσὰν
1844 2564 1897 2628 ἐξ

228 2667 270 2698 3ο
293 2643 461 2719 αὐτῆς
492 2644 654 2712 ὄντας
686 2642 894 2703 αλῶναι
927 2648 1152 2717 συνεβη.
1215 2649 1461 2721 λογισμῶ
1493 2644 1543 2701 δ’
1581 2642 1650 2702 ἂν
1679 2647 1770 2701 καὶ
1801 2643 1899 2701 τὸν
1943 2709 1961 2714 ἢ

288 2733 568 2803 Συμεῶνα
608 2734 719 2787 τῶν
758 2728 1047 2787 αὐτοπτῶν
1086 2731 1178 2786 καὶ
1221 2728 1511 2802 αὐτηκόων
1543 2738 1686 2786 εἰποι
1716 2753 1786 2786 αν
1816 2752 1897 2794 τις

288 2816 576 2887 γεγονέναι
605 2818 705 2872 τοῦ
742 2820 967 2887 κυρίου,
1009 2819 1282 2891 τεκμηρίῳ
1321 2817 1400 2891 τῶ
1437 2812 1596 2887 μήκει
1636 2817 1734 2870 τοῦ
1775 2810 1896 2887 χρό-
