1986 3152
259 110 362 161 282
935 106 1183 148 EUsEssn

250 223 557 297 “πρότερον
600 219 903 295 ἡγούμενος
937 224 1024 278 ἐπὶ
1055 220 1290 294 σύλησιν
1321 224 1412 278 καὶ
1442 203 1699 296 ἁρπαγὴν
1730 221 1865 295 ἀφι-

267 306 575 379 κομένους,
611 309 796 378 μένων
829 308 916 362 ἐπὶ
948 308 1043 379 τῆς
1077 302 1265 378 εὐνῆς,
1297 297 1360 377 ἧς
1390 305 1537 378 ἥμην
1567 305 1774 379 γυμνὸς
1807 309 1868 363 ἐν

250 387 279 410 e(
339 395 360 405 u

286 415 361 467 τῳ
404 393 539 467 λινῷ
572 389 867 463 ἐσθήματι,
908 389 1010 461 τὴν
1043 391 1104 446 δε
1135 387 1333 462 λοιπὴν
1364 393 1571 462 ἐσθῆτα
1602 412 1866 463 παρακει-

251 472 462 547 “μένην
503 472 689 540 αὐτοῖς
731 472 970 546 ὤρεγον,
1016 479 1070 530 οἱ
1113 475 1171 530 δε
1216 476 1612 542 ἐξανίστασθαί
1648 498 1706 532 τε
1749 476 1868 531 ἐκέ-

215 558 452 615 5“λευον
484 561 575 614 καὶ
605 557 706 630 τὴν
736 564 998 631 ταχίστην
1031 561 1246 625 ἐξιέναι,
1323 563 1371 616 8.
1404 559 1496 614 καὶ
1526 556 1648 615 τότε
1679 560 1867 625 συνεὶς

249 639 376 716 “ἐφ’
443 635 487 718 ᾦ
546 647 803 715 παρῆσαν
861 641 1170 715 ἀνέκραγον
1232 641 1490 715 δεόμενος
1541 640 1725 698 αὐτῶν
1775 644 1867 699 καὶ

247 724 554 784 “ίκετευ’ων
593 724 813 784 ἀπιέναι
855 730 946 783 καὶ
976 723 1117 799 ἡμᾶς
1151 730 1273 798 ἐᾶν,
1320 732 1370 784 εί
1399 727 1461 783 δὲ
1491 725 1794 797 βούλονταί
1817 750 1869 783 τι

250 807 526 884 “χρηστὸν
570 810 942 882 ἐργάσασθαι,
995 810 1123 877 τούς
1163 810 1476 884 ἀπάγοντάς
1521 833 1589 882 με
1630 810 1866 883 φθάσαι,

248 891 378 951 μκαὶ
409 895 509 967 τὴν
541 895 789 967 κεφαλὴν
821 894 1020 962 αὐτοὺς
1049 896 1151 968 τὴν
1177 895 1312 968 ἐμὴν
1335 892 1631 966 ἀποτεμεῖν
1654 893 1863 967 ἠξίουν.

195 978 262 1028 10
267 978 380 1035 ‘nal
411 982 636 1037 τοιαῦτα
666 985 927 1052 βοῶντος,
961 978 1033 1046 ὡς
1065 989 1252 1037 ἴσασιν
1281 985 1339 1036 οι
1365 985 1626 1037 κοινωνοί
1645 1003 1753 1052 μου
1777 981 1868 1036 καὶ

249 1059 526 1168 Ξῖμέτοχοι
545 1062 770 1121 πάντων
813 1062 1134 1136 γενόμενοι,
1189 1063 1495 1121 ἀνίστασαν
1535 1063 1671 1136 πρὸς
1716 1068 1866 1135 βίαν,

249 1143 438 1218 “κάγώ
469 1171 571 1219 μεν
596 1152 821 1219 παρῆκα
855 1147 1094 1220 ἐμαυτὸν
1124 1147 1324 1204 ὕπτιον
1356 1153 1432 1213 εἰς
1464 1144 1770 1220 τοῦδαφος,
1817 1152 1874 1205 οἱ

250 1228 364 1287 “δὲ“
403 1231 761 1303 διαλαβόντες
813 1235 1013 1304 χειρῶν
1067 1235 1156 1288 καὶ
1199 1234 1389 1288 ποδῶν
1435 1230 1697 1304 σύροντες
1747 1229 1872 1304 ἐξή-

248 1314 475 1386 “γαγον.
539 1320 586 1372 9.
624 1314 1050 1388 ἐπηκολούθουν
1093 1318 1159 1372 δέ
1195 1340 1287 1388 μοι
1319 1321 1375 1372 οἱ
1402 1313 1621 1391 τούτων,
1645 1313 1872 1372 πάντων

196 1396 577 1471 15“γενόμενοι
601 1398 895 1472 μάρτυρες,
920 1399 1108 1471 Γάϊος,
1144 1403 1418 1472 Φαῦστος,
1452 1401 1681 1472 Πέτρος,
1713 1401 1871 1457 Παῦ-

250 1482 409 1554 “λος,
449 1491 506 1540 οἳ
544 1486 636 1540 καὶ
676 1480 1055 1556 ὑπολαβόντες
1090 1508 1158 1556 με
1188 1484 1444 1557 φοράδην
1475 1483 1742 1556 ἐξήγαγον
1771 1488 1870 1541 τοῦ

249 1564 595 1640 “πολιχνίου,
615 1570 706 1624 καὶ
730 1566 841 1644 ὄνῳ
866 1572 1062 1645 γυμνῷ
1085 1567 1507 1641 ἐπιβιβάσαντες
1531 1565 1867 1641 ἀπήγαγον.”

255 1658 427 1708 ταῦτα
459 1654 585 1724 περὶ
619 1655 824 1710 ἑαυτοῦ
856 1652 884 1709 ὁ
915 1652 1230 1720 Διονύσιος.

385 1747 505 1796 xm.
562 1746 688 1812 [Nic.
716 1749 774 1796 H.
805 1749 858 1798 E.
886 1750 938 1809 v,
968 1746 1220 1814 29-31.]
1286 1733 1342 1795 Ὁ
1375 1735 1426 1793 δ’
1465 1733 1632 1802 αὐτὸς
1666 1739 1726 1793 ἐν
1759 1739 1872 1792 ἐπι-

194 1836 235 1867 20
259 1826 424 1894 στολῇ
463 1823 531 1894 τῇ
571 1819 706 1894 πρὸς
740 1819 1031 1893 Φαβιανον
1057 1819 1378 1895 Ἀντιοχέων
1420 1825 1721 1878 ἐπίσκοπον
1759 1823 1872 1877 τῶν

259 1903 394 1961 κατὰ
433 1907 641 1962 Δέκιον
691 1905 1164 1979 μαρτυρησάντων
1216 1909 1276 1964 ἐν
1311 1904 1698 1980 Ἀλεξανδρεία
1743 1904 1873 1972 τοὺς

258 1987 478 2059 ἀγῶνας
529 1993 727 2047 τοῦτον
781 1995 988 2064 ιστορεϊ
1034 1989 1132 2048 τὸν
1183 1989 1389 2063 τρόπον
1471 2014 1574 2047 ουκ
1618 1986 1725 2046 ἀπὸ
1770 1995 1870 2047 τοῦ

250 2069 580 2173 “βασιλικοῦ
604 2073 1015 2146 προστάγματος
1032 2071 1059 2131 ὁ
1080 2074 1314 2147 διωγμὸς
1340 2072 1470 2146 παρ’
1498 2070 1631 2181 ημῖν
1650 2071 1867 2146 ηρξατο,

253 2150 428 2212 “ἀλλά
468 2157 572 2229 γὰρ
612 2155 742 2214 όλον
784 2158 1039 2215 ἐνιαυτὸν
1079 2158 1390 2230 προῦλαβε,
1445 2160 1536 2215 καὶ
1576 2157 1802 2257 φθάσας
1842 2156 1869 2214 ὃ

194 2235 264 2285 25
291 2263 477 2296 κακων
531 2246 597 2311 τῇ
641 2240 797 2298 πόλει
835 2240 1008 2315 ταύτῃ
1049 2241 1240 2314 μάντις
1283 2245 1374 2298 καὶ
1414 2264 1668 2314 ποιητης,
1724 2239 1872 2308 ὅστις

250 2321 499 2390 “ἐκεῖνος
539 2319 638 2396 ἦν,
683 2328 902 2396 ἐκίνησε
943 2329 1034 2382 καὶ
1074 2325 1412 2400 παρώρμησε
1454 2324 1583 2383 καθ’
1620 2325 1778 2398 ἡμῶν
1807 2325 1874 2383 τά

250 2405 481 2480 “πλη’θη
512 2411 625 2465 τῶν
658 2411 862 2481 ἐθνῶν,
897 2415 973 2476 εἰς
1003 2410 1105 2482 τὴν
1138 2409 1432 2483 ἐπιχώριον
1463 2403 1665 2476 αὐτους
1698 2416 1874 2468 δεισι-

255 2487 588 2564 “δαιμονίαν
627 2489 1014 2565 ἀναρριπίσας.
1086 2499 1133 2551 2.
1173 2499 1230 2552 οἱ
1259 2496 1319 2551 δὲ
1351 2498 1739 2568 ἐρεθισθέντες
1769 2491 1869 2551 ὑπ’

255 2571 495 2649 “αὐτοῦ,
539 2579 630 2634 καὶ
672 2578 849 2679 πάσης
889 2581 1139 2646 ἐξουσίας
1172 2585 1249 2645 εἰς
1282 2578 1678 2653 ἀνοσιουργίαν
1709 2576 1871 2650 λαβό-

196 2655 266 2706 30‘
271 2658 477 2733 “μενοι,
527 2659 705 2734 μόνην
756 2659 1044 2734 εὐσέβειαν
1093 2661 1196 2735 τὴν
1249 2670 1559 2736 θρησκείαν
1596 2667 1708 2721 τῶν
1755 2667 1872 2719 δαι-

253 2739 478 2816 “μόνων
529 2769 735 2817 ταυτην
787 2745 1101 2820 ὑπέλαβον,
1161 2747 1221 2804 τὸ
1274 2746 1405 2806 καθ’
1463 2746 1621 2820 ἡμῶν
1673 2751 1870 2819 φονᾶν.
1922 2760 1938 2763 “

253 2824 338 2886 “3.
392 2832 611 2903 πρῶτον
669 2853 770 2903 μεν
829 2832 932 2888 οὐν
983 2830 1303 2906 πρεσβύτην
1355 2836 1594 2906 Μητρᾶν
1645 2829 1873 2904 ὀνόματι
