<?xml version="1.0" encoding="UTF-8"?>
<!DOCTYPE html PUBLIC "-//W3C//DTD XHTML 1.0 Transitional//EN"
    "http://www.w3.org/TR/xhtml1/DTD/xhtml1-transitional.dtd">
<html xmlns="http://www.w3.org/1999/xhtml" xml:lang="en" lang="en">
 <head>
  <title>
</title>
<meta http-equiv="Content-Type" content="text/html;charset=utf-8" />
  <meta name='ocr-system' content='tesseract 3.04.00' />
  <meta name='ocr-capabilities' content='ocr_page ocr_carea ocr_par ocr_line ocrx_word'/>
</head>
<body>
  <div class='ocr_page' id='page_1' title='image "./operaeusebius04euseuoft_0250.png"; bbox 0 0 1986 3152; ppageno 0'>
   <div class='ocr_carea' id='block_1_1' title="bbox 263 102 1172 155">
    <p class='ocr_par' dir='ltr' id='par_1_1' title="bbox 263 102 1172 155">
     <span class='ocr_line' id='line_1_1' title="bbox 263 102 1172 155; baseline 0.003 -15"><span class='ocrx_word' id='word_1_1' title='bbox 263 104 363 155; x_wconf 83' lang='lat'><strong><em>190</em></strong></span> <span class='ocrx_word' id='word_1_2' title='bbox 928 102 1172 144; x_wconf 82' lang='lat' dir='ltr'>EUSEBII</span> 
     </span>
    </p>
   </div>
   <div class='ocr_carea' id='block_1_2' title="bbox 179 209 1864 2903">
    <p class='ocr_par' dir='ltr' id='par_1_2' title="bbox 179 209 1864 2903">
     <span class='ocr_line' id='line_1_2' title="bbox 251 209 1863 294; baseline 0.002 -20"><span class='ocrx_word' id='word_1_3' title='bbox 251 215 474 291; x_wconf 77' lang='grc' dir='ltr'><strong><em>“μένοι,</em></strong></span> <span class='ocrx_word' id='word_1_4' title='bbox 519 209 598 274; x_wconf 82' lang='grc' dir='ltr'><strong><em>ῶν</em></strong></span> <span class='ocrx_word' id='word_1_5' title='bbox 636 215 714 290; x_wconf 82' lang='grc' dir='ltr'><strong><em>μὴ</em></strong></span> <span class='ocrx_word' id='word_1_6' title='bbox 751 218 1152 290; x_wconf 85' lang='grc' dir='ltr'><strong><em>προκατῄκιστο</em></strong></span> <span class='ocrx_word' id='word_1_7' title='bbox 1193 217 1259 274; x_wconf 77' lang='grc' dir='ltr'><strong><em>τὰ</em></strong></span> <span class='ocrx_word' id='word_1_8' title='bbox 1299 216 1552 291; x_wconf 82' lang='grc' dir='ltr'><strong><em>σῶματα,</em></strong></span> <span class='ocrx_word' id='word_1_9' title='bbox 1593 216 1654 275; x_wconf 87' lang='grc' dir='ltr'>τό</span> <span class='ocrx_word' id='word_1_10' title='bbox 1695 218 1863 294; x_wconf 78' lang='grc' dir='ltr'><strong><em>βάρος</em></strong></span> 
     </span>
     <span class='ocr_line' id='line_1_3' title="bbox 252 299 1862 377; baseline 0.001 -19"><span class='ocrx_word' id='word_1_11' title='bbox 252 299 394 358; x_wconf 81' lang='grc' dir='ltr'><strong><em>“ου’κ</em></strong></span> <span class='ocrx_word' id='word_1_12' title='bbox 426 307 628 375; x_wconf 82' lang='grc' dir='ltr'><strong><em>ἔφερον</em></strong></span> <span class='ocrx_word' id='word_1_13' title='bbox 658 306 754 372; x_wconf 87' lang='grc' dir='ltr'><strong><em>τῆς</em></strong></span> <span class='ocrx_word' id='word_1_14' title='bbox 783 307 1172 374; x_wconf 88' lang='grc' dir='ltr'><strong><em>συγκλείσεως,</em></strong></span> <span class='ocrx_word' id='word_1_15' title='bbox 1206 300 1327 358; x_wconf 90' lang='grc' dir='ltr'><strong><em>ἀλλ’</em></strong></span> <span class='ocrx_word' id='word_1_16' title='bbox 1367 307 1532 359; x_wconf 80' lang='grc' dir='ltr'><em>ἔνδον</em></span> <span class='ocrx_word' id='word_1_17' title='bbox 1557 304 1862 377; x_wconf 86' lang='grc' dir='ltr'><strong><em>ἐναπέθνη-</em></strong></span> 
     </span>
     <span class='ocr_line' id='line_1_4' title="bbox 253 382 1863 459; baseline 0.001 -17"><span class='ocrx_word' id='word_1_18' title='bbox 253 382 440 443; x_wconf 79' lang='grc' dir='ltr'><strong><em>“σκον.</em></strong></span> <span class='ocrx_word' id='word_1_19' title='bbox 502 389 587 441; x_wconf 76' lang='grc'><strong><em>29.</em></strong></span> <span class='ocrx_word' id='word_1_20' title='bbox 633 383 661 441; x_wconf 84' lang='grc' dir='ltr'>ὁ</span> <span class='ocrx_word' id='word_1_21' title='bbox 704 385 766 441; x_wconf 77' lang='grc' dir='ltr'><strong><em>δὲ</em></strong></span> <span class='ocrx_word' id='word_1_22' title='bbox 805 384 1071 458; x_wconf 81' lang='grc' dir='ltr'><strong><em>μακάριος</em></strong></span> <span class='ocrx_word' id='word_1_23' title='bbox 1116 384 1424 457; x_wconf 81' lang='grc' dir='ltr'><strong><em>Ποθεινὸς,</em></strong></span> <span class='ocrx_word' id='word_1_24' title='bbox 1466 384 1495 442; x_wconf 85' lang='grc' dir='ltr'>ὁ</span> <span class='ocrx_word' id='word_1_25' title='bbox 1536 385 1638 459; x_wconf 84' lang='grc' dir='ltr'><strong><em>τὴν</em></strong></span> <span class='ocrx_word' id='word_1_26' title='bbox 1681 391 1863 445; x_wconf 91' lang='grc' dir='ltr'><strong><em>διακο-</em></strong></span> 
     </span>
     <span class='ocr_line' id='line_1_5' title="bbox 251 466 1863 546; baseline 0.001 -19"><span class='ocrx_word' id='word_1_27' title='bbox 251 466 418 527; x_wconf 71' lang='lat' dir='ltr'><em>“velow</em></span> <span class='ocrx_word' id='word_1_28' title='bbox 457 472 550 540; x_wconf 82' lang='grc' dir='ltr'><strong><em>τῆς</em></strong></span> <span class='ocrx_word' id='word_1_29' title='bbox 593 471 892 540; x_wconf 84' lang='grc' dir='ltr'><strong><em>ἐπισκοπῆς</em></strong></span> <span class='ocrx_word' id='word_1_30' title='bbox 936 473 996 526; x_wconf 88' lang='grc' dir='ltr'><strong><em>ἐν</em></strong></span> <span class='ocrx_word' id='word_1_31' title='bbox 1025 468 1370 546; x_wconf 80' lang='grc' dir='ltr'><strong><em>Λουγδούνςο</em></strong></span> <span class='ocrx_word' id='word_1_32' title='bbox 1412 472 1863 544; x_wconf 79' lang='grc' dir='ltr'><strong><em>πεπιστευμένος,</em></strong></span> 
     </span>
     <span class='ocr_line' id='line_1_6' title="bbox 215 550 1863 657; baseline 0.002 -48"><span class='ocrx_word' id='word_1_33' title='bbox 215 552 263 598; x_wconf 50' lang='grc'><strong><em>5*</em></strong></span> <span class='ocrx_word' id='word_1_34' title='bbox 248 550 430 657; x_wconf 53' lang='grc' dir='ltr'><strong><em>ζὺπερ</em></strong></span> <span class='ocrx_word' id='word_1_35' title='bbox 461 552 527 609; x_wconf 79' lang='grc' dir='ltr'><strong><em>τὰ</em></strong></span> <span class='ocrx_word' id='word_1_36' title='bbox 561 551 891 625; x_wconf 87' lang='grc' dir='ltr'><strong><em>ἐνενήκοντα</em></strong></span> <span class='ocrx_word' id='word_1_37' title='bbox 934 559 1025 626; x_wconf 82' lang='grc' dir='ltr'><strong><em>ἐτη</em></strong></span> <span class='ocrx_word' id='word_1_38' title='bbox 1066 558 1161 626; x_wconf 81' lang='grc' dir='ltr'><strong><em>τῆς</em></strong></span> <span class='ocrx_word' id='word_1_39' title='bbox 1201 550 1417 626; x_wconf 80' lang='grc' dir='ltr'><strong><em>ἡλικίας</em></strong></span> <span class='ocrx_word' id='word_1_40' title='bbox 1457 553 1728 627; x_wconf 73' lang='grc' dir='ltr'><strong><em>γεγονώς,</em></strong></span> <span class='ocrx_word' id='word_1_41' title='bbox 1770 559 1863 613; x_wconf 86' lang='grc' dir='ltr'><strong><em>καὶ</em></strong></span> 
     </span>
     <span class='ocr_line' id='line_1_7' title="bbox 248 633 1864 738; baseline 0.002 -45.07"><span class='ocrx_word' id='word_1_42' title='bbox 248 633 436 738; x_wconf 52' lang='grc' dir='ltr'><strong><em>ἶπάνυ</em></strong></span> <span class='ocrx_word' id='word_1_43' title='bbox 479 634 725 710; x_wconf 84' lang='grc' dir='ltr'><strong><em>ἀσθενὴς</em></strong></span> <span class='ocrx_word' id='word_1_44' title='bbox 767 643 843 714; x_wconf 77' lang='grc' dir='ltr'><strong><em>τῷ</em></strong></span> <span class='ocrx_word' id='word_1_45' title='bbox 885 637 1122 711; x_wconf 85' lang='grc' dir='ltr'><strong><em>σῶματι,</em></strong></span> <span class='ocrx_word' id='word_1_46' title='bbox 1168 637 1325 711; x_wconf 82' lang='grc' dir='ltr'><strong><em>μόλις</em></strong></span> <span class='ocrx_word' id='word_1_47' title='bbox 1354 663 1456 712; x_wconf 90' lang='grc' dir='ltr'><strong><em>μεν</em></strong></span> <span class='ocrx_word' id='word_1_48' title='bbox 1489 640 1741 711; x_wconf 85' lang='grc' dir='ltr'><strong><em>ἐμπνέων</em></strong></span> <span class='ocrx_word' id='word_1_49' title='bbox 1772 639 1864 696; x_wconf 81' lang='grc' dir='ltr'><strong><em>διά</em></strong></span> 
     </span>
     <span class='ocr_line' id='line_1_8' title="bbox 246 715 1862 825; baseline 0.003 -47.099"><span class='ocrx_word' id='word_1_50' title='bbox 246 717 387 825; x_wconf 52' lang='grc' dir='ltr'><strong><em>Ξτὴν</em></strong></span> <span class='ocrx_word' id='word_1_51' title='bbox 418 724 785 796; x_wconf 78' lang='grc' dir='ltr'><strong><em>προκειμένην</em></strong></span> <span class='ocrx_word' id='word_1_52' title='bbox 815 715 1133 796; x_wconf 80' lang='grc' dir='ltr'><strong><em>σωματικὴν</em></strong></span> <span class='ocrx_word' id='word_1_53' title='bbox 1163 722 1483 794; x_wconf 85' lang='grc' dir='ltr'><strong><em>ἀσθένειαν,</em></strong></span> <span class='ocrx_word' id='word_1_54' title='bbox 1513 718 1623 779; x_wconf 81' lang='grc' dir='ltr'><strong><em>ὑπὸ</em></strong></span> <span class='ocrx_word' id='word_1_55' title='bbox 1648 724 1708 780; x_wconf 92' lang='grc' dir='ltr'><strong><em>δε</em></strong></span> <span class='ocrx_word' id='word_1_56' title='bbox 1732 746 1862 798; x_wconf 83' lang='grc' dir='ltr'><strong><em>προ·</em></strong></span> 
     </span>
     <span class='ocr_line' id='line_1_9' title="bbox 246 802 1860 881; baseline 0.001 -18.048"><span class='ocrx_word' id='word_1_57' title='bbox 246 802 494 879; x_wconf 75' lang='grc' dir='ltr'><strong><em>“θυμίας</em></strong></span> <span class='ocrx_word' id='word_1_58' title='bbox 535 804 846 879; x_wconf 84' lang='grc' dir='ltr'><strong><em>πνεύματος</em></strong></span> <span class='ocrx_word' id='word_1_59' title='bbox 887 803 1387 881; x_wconf 81' lang='grc' dir='ltr'><strong><em>ἀναρρωννύμενος</em></strong></span> <span class='ocrx_word' id='word_1_60' title='bbox 1431 805 1522 863; x_wconf 82' lang='grc' dir='ltr'><strong><em>διά</em></strong></span> <span class='ocrx_word' id='word_1_61' title='bbox 1551 806 1652 880; x_wconf 86' lang='grc' dir='ltr'><strong><em>τὴν</em></strong></span> <span class='ocrx_word' id='word_1_62' title='bbox 1683 811 1860 880; x_wconf 87' lang='grc' dir='ltr'><strong><em>ἐγκει-</em></strong></span> 
     </span>
     <span class='ocr_line' id='line_1_10' title="bbox 248 885 1863 964; baseline 0.002 -18"><span class='ocrx_word' id='word_1_63' title='bbox 248 885 459 963; x_wconf 71' lang='grc' dir='ltr'><strong><em>“μένην</em></strong></span> <span class='ocrx_word' id='word_1_64' title='bbox 488 896 584 962; x_wconf 82' lang='grc' dir='ltr'><strong><em>τῆς</em></strong></span> <span class='ocrx_word' id='word_1_65' title='bbox 614 896 921 964; x_wconf 79' lang='grc' dir='ltr'><strong><em>μαρτυρίας</em></strong></span> <span class='ocrx_word' id='word_1_66' title='bbox 955 894 1287 964; x_wconf 81' lang='grc' dir='ltr'><strong><em>ἐπιθυμίαν,</em></strong></span> <span class='ocrx_word' id='word_1_67' title='bbox 1333 894 1426 948; x_wconf 85' lang='grc' dir='ltr'><strong><em>καὶ</em></strong></span> <span class='ocrx_word' id='word_1_68' title='bbox 1467 889 1631 958; x_wconf 83' lang='grc' dir='ltr'><strong><em>αὐτὸς</em></strong></span> <span class='ocrx_word' id='word_1_69' title='bbox 1674 895 1763 949; x_wconf 85' lang='grc' dir='ltr'><strong><em>ἐπὶ</em></strong></span> <span class='ocrx_word' id='word_1_70' title='bbox 1803 891 1863 950; x_wconf 87' lang='grc' dir='ltr'>τὸ</span> 
     </span>
     <span class='ocr_line' id='line_1_11' title="bbox 193 970 1862 1051; baseline 0.002 -21"><span class='ocrx_word' id='word_1_71' title='bbox 193 970 432 1047; x_wconf 73' lang='grc' dir='ltr'><strong><em>10“βῆμα</em></strong></span> <span class='ocrx_word' id='word_1_72' title='bbox 465 973 718 1048; x_wconf 79' lang='grc' dir='ltr'><strong><em>ἐσύρετο,</em></strong></span> <span class='ocrx_word' id='word_1_73' title='bbox 748 981 847 1032; x_wconf 84' lang='grc' dir='ltr'><strong><em>τοῦ</em></strong></span> <span class='ocrx_word' id='word_1_74' title='bbox 878 976 980 1048; x_wconf 76' lang='grc' dir='ltr'><strong><em>μὲν</em></strong></span> <span class='ocrx_word' id='word_1_75' title='bbox 1011 975 1256 1049; x_wconf 74' lang='grc' dir='ltr'><strong><em>σώματος</em></strong></span> <span class='ocrx_word' id='word_1_76' title='bbox 1288 979 1379 1033; x_wconf 87' lang='grc' dir='ltr'><strong><em>καὶ</em></strong></span> <span class='ocrx_word' id='word_1_77' title='bbox 1410 974 1519 1032; x_wconf 81' lang='grc' dir='ltr'><strong><em>ὑπὸ</em></strong></span> <span class='ocrx_word' id='word_1_78' title='bbox 1549 982 1648 1032; x_wconf 84' lang='grc' dir='ltr'><strong><em>τοῦ</em></strong></span> <span class='ocrx_word' id='word_1_79' title='bbox 1679 978 1862 1051; x_wconf 91' lang='grc' dir='ltr'><strong><em>γήρως</em></strong></span> 
     </span>
     <span class='ocr_line' id='line_1_12' title="bbox 247 1054 1861 1134; baseline 0.001 -19"><span class='ocrx_word' id='word_1_80' title='bbox 247 1054 374 1115; x_wconf 64' lang='lat' dir='ltr'><strong><em>“nal</em></strong></span> <span class='ocrx_word' id='word_1_81' title='bbox 404 1054 512 1115; x_wconf 77' lang='grc' dir='ltr'><strong><em>ὑπὸ</em></strong></span> <span class='ocrx_word' id='word_1_82' title='bbox 557 1062 653 1131; x_wconf 79' lang='grc' dir='ltr'><strong><em>τῆς</em></strong></span> <span class='ocrx_word' id='word_1_83' title='bbox 694 1058 863 1116; x_wconf 87' lang='grc' dir='ltr'><strong><em>νόσου</em></strong></span> <span class='ocrx_word' id='word_1_84' title='bbox 905 1064 1237 1132; x_wconf 89' lang='grc' dir='ltr'><strong><em>λελυμένου,</em></strong></span> <span class='ocrx_word' id='word_1_85' title='bbox 1280 1062 1621 1134; x_wconf 85' lang='grc' dir='ltr'><strong><em>τηρουμένης</em></strong></span> <span class='ocrx_word' id='word_1_86' title='bbox 1662 1061 1724 1117; x_wconf 79' lang='grc' dir='ltr'><strong><em>δὲ</em></strong></span> <span class='ocrx_word' id='word_1_87' title='bbox 1764 1066 1861 1133; x_wconf 86' lang='grc' dir='ltr'><strong><em>τῆς</em></strong></span> 
     </span>
     <span class='ocr_line' id='line_1_13' title="bbox 247 1138 1857 1219; baseline 0.002 -21"><span class='ocrx_word' id='word_1_88' title='bbox 247 1138 462 1215; x_wconf 72' lang='grc' dir='ltr'><strong><em>“ψυχῆς</em></strong></span> <span class='ocrx_word' id='word_1_89' title='bbox 494 1145 554 1199; x_wconf 87' lang='grc' dir='ltr'><strong><em>ἐν</em></strong></span> <span class='ocrx_word' id='word_1_90' title='bbox 583 1141 753 1218; x_wconf 77' lang='grc' dir='ltr'><strong><em>αὐτῷ,</em></strong></span> <span class='ocrx_word' id='word_1_91' title='bbox 785 1148 880 1200; x_wconf 84' lang='grc' dir='ltr'><strong><em>ἴνα</em></strong></span> <span class='ocrx_word' id='word_1_92' title='bbox 913 1143 985 1199; x_wconf 85' lang='grc' dir='ltr'><strong><em>δι’</em></strong></span> <span class='ocrx_word' id='word_1_93' title='bbox 1023 1141 1190 1218; x_wconf 78' lang='grc' dir='ltr'><strong><em>αὐτῆς</em></strong></span> <span class='ocrx_word' id='word_1_94' title='bbox 1221 1143 1455 1217; x_wconf 86' lang='grc' dir='ltr'><strong><em>Χριστὸς</em></strong></span> <span class='ocrx_word' id='word_1_95' title='bbox 1484 1143 1857 1219; x_wconf 80' lang='grc' dir='ltr'><strong><em>θριαμβεύσῃ.</em></strong></span> 
     </span>
     <span class='ocr_line' id='line_1_14' title="bbox 245 1222 1858 1301; baseline 0.001 -19"><span class='ocrx_word' id='word_1_96' title='bbox 245 1222 362 1282; x_wconf 81' lang='lat'><em>“30.</em></span> <span class='ocrx_word' id='word_1_97' title='bbox 397 1223 456 1292; x_wconf 79' lang='grc' dir='ltr'><strong><em>ὃς</em></strong></span> <span class='ocrx_word' id='word_1_98' title='bbox 486 1224 597 1283; x_wconf 81' lang='grc' dir='ltr'><strong><em>ὑπὸ</em></strong></span> <span class='ocrx_word' id='word_1_99' title='bbox 627 1232 740 1283; x_wconf 88' lang='grc' dir='ltr'><strong><em>τῶν</em></strong></span> <span class='ocrx_word' id='word_1_100' title='bbox 770 1232 1120 1297; x_wconf 75' lang='grc' dir='ltr'><strong><em>στρατιωτῶν</em></strong></span> <span class='ocrx_word' id='word_1_101' title='bbox 1152 1231 1239 1284; x_wconf 85' lang='grc' dir='ltr'><strong><em>ἐπὶ</em></strong></span> <span class='ocrx_word' id='word_1_102' title='bbox 1279 1228 1338 1285; x_wconf 85' lang='grc' dir='ltr'><strong><em>τὸ</em></strong></span> <span class='ocrx_word' id='word_1_103' title='bbox 1369 1235 1519 1301; x_wconf 87' lang='grc' dir='ltr'><strong><em>βῆμα</em></strong></span> <span class='ocrx_word' id='word_1_104' title='bbox 1550 1230 1858 1301; x_wconf 86' lang='grc' dir='ltr'><strong><em>κομισθεὶς,</em></strong></span> 
     </span>
     <span class='ocr_line' id='line_1_15' title="bbox 243 1305 1859 1383; baseline 0.001 -17"><span class='ocrx_word' id='word_1_105' title='bbox 243 1305 766 1383; x_wconf 79' lang='grc' dir='ltr'><strong><em>“παραπεμπόντων</em></strong></span> <span class='ocrx_word' id='word_1_106' title='bbox 797 1305 968 1368; x_wconf 77' lang='grc' dir='ltr'><strong><em>αὐτὸν</em></strong></span> <span class='ocrx_word' id='word_1_107' title='bbox 997 1316 1110 1369; x_wconf 92' lang='grc' dir='ltr'><strong><em>τῶν</em></strong></span> <span class='ocrx_word' id='word_1_108' title='bbox 1140 1316 1439 1369; x_wconf 70' lang='grc' dir='ltr'><strong><em>πολιτικῶν</em></strong></span> <span class='ocrx_word' id='word_1_109' title='bbox 1471 1314 1735 1380; x_wconf 77' lang='grc' dir='ltr'><strong><em>ἐξουσιῶν</em></strong></span> <span class='ocrx_word' id='word_1_110' title='bbox 1766 1314 1859 1370; x_wconf 80' lang='grc' dir='ltr'><strong><em>καὶ</em></strong></span> 
     </span>
     <span class='ocr_line' id='line_1_16' title="bbox 190 1392 1858 1470; baseline 0.002 -20"><span class='ocrx_word' id='word_1_111' title='bbox 190 1392 488 1460; x_wconf 78' lang='grc' dir='ltr'><strong><em>15“παντὸς</em></strong></span> <span class='ocrx_word' id='word_1_112' title='bbox 518 1400 615 1452; x_wconf 89' lang='grc' dir='ltr'><strong><em>τοῦ</em></strong></span> <span class='ocrx_word' id='word_1_113' title='bbox 648 1393 930 1469; x_wconf 80' lang='grc' dir='ltr'><strong><em>πλήθους,</em></strong></span> <span class='ocrx_word' id='word_1_114' title='bbox 965 1394 1276 1468; x_wconf 86' lang='grc' dir='ltr'><strong><em>ἐπιβοήσεις</em></strong></span> <span class='ocrx_word' id='word_1_115' title='bbox 1307 1403 1572 1464; x_wconf 83' lang='grc' dir='ltr'><strong><em>παντοίας</em></strong></span> <span class='ocrx_word' id='word_1_116' title='bbox 1603 1399 1858 1470; x_wconf 90' lang='grc' dir='ltr'><strong><em>ποιουμέ-</em></strong></span> 
     </span>
     <span class='ocr_line' id='line_1_17' title="bbox 247 1475 1858 1554; baseline 0.002 -19.069"><span class='ocrx_word' id='word_1_117' title='bbox 247 1477 418 1551; x_wconf 82' lang='grc' dir='ltr'><strong><em>“νων,</em></strong></span> <span class='ocrx_word' id='word_1_118' title='bbox 453 1503 525 1546; x_wconf 88' lang='grc' dir='ltr'><strong><em>ως</em></strong></span> <span class='ocrx_word' id='word_1_119' title='bbox 559 1475 734 1535; x_wconf 86' lang='grc' dir='ltr'><strong><em>αυτοῦ</em></strong></span> <span class='ocrx_word' id='word_1_120' title='bbox 763 1480 921 1547; x_wconf 80' lang='grc' dir='ltr'><strong><em>ὄντος</em></strong></span> <span class='ocrx_word' id='word_1_121' title='bbox 951 1483 1051 1538; x_wconf 81' lang='grc' dir='ltr'><strong><em>τοῦ</em></strong></span> <span class='ocrx_word' id='word_1_122' title='bbox 1080 1487 1297 1554; x_wconf 82' lang='grc' dir='ltr'><strong><em>κυρίου,</em></strong></span> <span class='ocrx_word' id='word_1_123' title='bbox 1330 1480 1604 1539; x_wconf 78' lang='grc' dir='ltr'><strong><em>ἀπεδίδου</em></strong></span> <span class='ocrx_word' id='word_1_124' title='bbox 1633 1479 1735 1554; x_wconf 80' lang='grc' dir='ltr'><strong><em>τὴν</em></strong></span> <span class='ocrx_word' id='word_1_125' title='bbox 1758 1505 1858 1538; x_wconf 90' lang='grc' dir='ltr'><strong><em>κα-</em></strong></span> 
     </span>
     <span class='ocr_line' id='line_1_18' title="bbox 239 1558 1858 1665; baseline 0.003 -46.101"><span class='ocrx_word' id='word_1_126' title='bbox 239 1558 382 1665; x_wconf 51' lang='grc' dir='ltr'><strong><em>ἶλὴν</em></strong></span> <span class='ocrx_word' id='word_1_127' title='bbox 411 1569 737 1637; x_wconf 86' lang='grc' dir='ltr'><strong><em>μαρτυρίαν.</em></strong></span> <span class='ocrx_word' id='word_1_128' title='bbox 800 1568 884 1622; x_wconf 79' lang='lat'><strong><em>31.</em></strong></span> <span class='ocrx_word' id='word_1_129' title='bbox 917 1563 1310 1639; x_wconf 85' lang='grc' dir='ltr'><strong><em>ἀνεταζόμενος</em></strong></span> <span class='ocrx_word' id='word_1_130' title='bbox 1353 1567 1413 1623; x_wconf 89' lang='grc' dir='ltr'><strong><em>δε</em></strong></span> <span class='ocrx_word' id='word_1_131' title='bbox 1456 1564 1563 1623; x_wconf 81' lang='grc' dir='ltr'><strong><em>ὑπὸ</em></strong></span> <span class='ocrx_word' id='word_1_132' title='bbox 1595 1569 1694 1622; x_wconf 84' lang='grc' dir='ltr'><strong><em>τοῦ</em></strong></span> <span class='ocrx_word' id='word_1_133' title='bbox 1725 1561 1858 1638; x_wconf 81' lang='grc' dir='ltr'><strong><em>ἡγε-</em></strong></span> 
     </span>
     <span class='ocr_line' id='line_1_19' title="bbox 240 1643 1857 1750; baseline 0.001 -46.024"><span class='ocrx_word' id='word_1_134' title='bbox 240 1643 443 1720; x_wconf 76' lang='grc' dir='ltr'><strong><em>“μόνος</em></strong></span> <span class='ocrx_word' id='word_1_135' title='bbox 503 1655 584 1714; x_wconf 89' lang='grc' dir='ltr'><strong><em>τίς</em></strong></span> <span class='ocrx_word' id='word_1_136' title='bbox 638 1657 722 1750; x_wconf 75' lang='grc' dir='ltr'><strong><em>εἴη</em></strong></span> <span class='ocrx_word' id='word_1_137' title='bbox 762 1653 1113 1723; x_wconf 83' lang='grc' dir='ltr'><strong><em>Χριστιανῶν</em></strong></span> <span class='ocrx_word' id='word_1_138' title='bbox 1162 1648 1191 1706; x_wconf 82' lang='grc' dir='ltr'>ὁ</span> <span class='ocrx_word' id='word_1_139' title='bbox 1242 1648 1404 1722; x_wconf 83' lang='grc' dir='ltr'><strong><em>θεὸς,</em></strong></span> <span class='ocrx_word' id='word_1_140' title='bbox 1472 1656 1578 1723; x_wconf 85' lang='grc' dir='ltr'><strong><em>ἔφη</em></strong></span> <span class='ocrx_word' id='word_1_141' title='bbox 1623 1647 1743 1706; x_wconf 76' lang='grc' dir='ltr'><strong><em>ἐὰν</em></strong></span> <span class='ocrx_word' id='word_1_142' title='bbox 1791 1651 1857 1724; x_wconf 83' lang='grc' dir='ltr'><strong><em>ᾐς</em></strong></span> 
     </span>
     <span class='ocr_line' id='line_1_20' title="bbox 239 1726 1855 1808; baseline 0.001 -20.049"><span class='ocrx_word' id='word_1_143' title='bbox 239 1726 455 1804; x_wconf 73' lang='grc' dir='ltr'><strong><em>“ἀξιος,</em></strong></span> <span class='ocrx_word' id='word_1_144' title='bbox 496 1730 716 1807; x_wconf 55' lang='grc' dir='ltr'><strong><em>γνῶσῃῖ</em></strong></span> <span class='ocrx_word' id='word_1_145' title='bbox 784 1737 1051 1792; x_wconf 78' lang='grc' dir='ltr'><strong><em>ἐντεῦθεν</em></strong></span> <span class='ocrx_word' id='word_1_146' title='bbox 1090 1732 1158 1805; x_wconf 82' lang='grc' dir='ltr'><strong><em>δὴ</em></strong></span> <span class='ocrx_word' id='word_1_147' title='bbox 1189 1732 1432 1807; x_wconf 85' lang='grc' dir='ltr'><strong><em>ἀφειδῶς</em></strong></span> <span class='ocrx_word' id='word_1_148' title='bbox 1466 1733 1717 1808; x_wconf 81' lang='grc' dir='ltr'><strong><em>ἐσύρετο,</em></strong></span> <span class='ocrx_word' id='word_1_149' title='bbox 1763 1736 1855 1790; x_wconf 81' lang='grc' dir='ltr'><strong><em>καὶ</em></strong></span> 
     </span>
     <span class='ocr_line' id='line_1_21' title="bbox 183 1811 1855 1891; baseline 0.002 -20"><span class='ocrx_word' id='word_1_150' title='bbox 183 1811 251 1859; x_wconf 77' lang='lat'><strong><em>20</em></strong></span> <span class='ocrx_word' id='word_1_151' title='bbox 257 1811 529 1882; x_wconf 80' lang='grc' dir='ltr'><strong><em>ποικίλας</em></strong></span> <span class='ocrx_word' id='word_1_152' title='bbox 570 1824 773 1890; x_wconf 83' lang='grc' dir='ltr'><strong><em>ἔπασχε</em></strong></span> <span class='ocrx_word' id='word_1_153' title='bbox 813 1818 1052 1891; x_wconf 88' lang='grc' dir='ltr'><strong><em>πληγας,</em></strong></span> <span class='ocrx_word' id='word_1_154' title='bbox 1093 1821 1205 1876; x_wconf 86' lang='grc' dir='ltr'><strong><em>τῶν</em></strong></span> <span class='ocrx_word' id='word_1_155' title='bbox 1245 1843 1346 1891; x_wconf 87' lang='grc' dir='ltr'><strong><em>μεν</em></strong></span> <span class='ocrx_word' id='word_1_156' title='bbox 1386 1817 1659 1890; x_wconf 79' lang='grc' dir='ltr'><strong><em>σύνεγγυς</em></strong></span> <span class='ocrx_word' id='word_1_157' title='bbox 1699 1821 1855 1891; x_wconf 85' lang='grc' dir='ltr'><strong><em>χερσὶ</em></strong></span> 
     </span>
     <span class='ocr_line' id='line_1_22' title="bbox 237 1897 1855 2002; baseline 0.002 -46.072"><span class='ocrx_word' id='word_1_158' title='bbox 237 1897 367 2002; x_wconf 55' lang='lat' dir='ltr'><strong><em>:nal</em></strong></span> <span class='ocrx_word' id='word_1_159' title='bbox 407 1902 574 1958; x_wconf 84' lang='grc' dir='ltr'><strong><em>ποσὶν</em></strong></span> <span class='ocrx_word' id='word_1_160' title='bbox 615 1901 1015 1977; x_wconf 82' lang='grc' dir='ltr'><strong><em>ἐνυβριζόντων</em></strong></span> <span class='ocrx_word' id='word_1_161' title='bbox 1055 1910 1358 1976; x_wconf 88' lang='grc' dir='ltr'><strong><em>παντοίως,</em></strong></span> <span class='ocrx_word' id='word_1_162' title='bbox 1411 1903 1551 1977; x_wconf 86' lang='grc' dir='ltr'><strong><em>μηδε</em></strong></span> <span class='ocrx_word' id='word_1_163' title='bbox 1590 1902 1692 1974; x_wconf 80' lang='grc' dir='ltr'><strong><em>τὴν</em></strong></span> <span class='ocrx_word' id='word_1_164' title='bbox 1732 1898 1855 1974; x_wconf 82' lang='grc' dir='ltr'><strong><em>ἡλι-</em></strong></span> 
     </span>
     <span class='ocr_line' id='line_1_23' title="bbox 238 1979 1851 2061; baseline 0.003 -21.099"><span class='ocrx_word' id='word_1_165' title='bbox 238 1979 405 2040; x_wconf 78' lang='grc' dir='ltr'><strong><em>“κίαν</em></strong></span> <span class='ocrx_word' id='word_1_166' title='bbox 445 1989 795 2058; x_wconf 80' lang='grc' dir='ltr'><strong><em>αἰδουμένων</em></strong></span> <span class='ocrx_word' id='word_1_167' title='bbox 839 1984 1039 2060; x_wconf 81' lang='grc' dir='ltr'><strong><em>αυτοῦ,</em></strong></span> <span class='ocrx_word' id='word_1_168' title='bbox 1093 1991 1204 2044; x_wconf 89' lang='grc' dir='ltr'><strong><em>τῶν</em></strong></span> <span class='ocrx_word' id='word_1_169' title='bbox 1247 1988 1309 2044; x_wconf 91' lang='grc' dir='ltr'><strong><em>δε</em></strong></span> <span class='ocrx_word' id='word_1_170' title='bbox 1347 1986 1591 2061; x_wconf 73' lang='grc' dir='ltr'><strong><em>μακρὰν,</em></strong></span> <span class='ocrx_word' id='word_1_171' title='bbox 1645 2011 1674 2043; x_wconf 96' lang='grc' dir='ltr'><strong><em>ο</em></strong></span> <span class='ocrx_word' id='word_1_172' title='bbox 1715 1985 1851 2060; x_wconf 83' lang='grc' dir='ltr'><strong><em>μετά</em></strong></span> 
     </span>
     <span class='ocr_line' id='line_1_24' title="bbox 236 2065 1853 2144; baseline 0.003 -21.101"><span class='ocrx_word' id='word_1_173' title='bbox 236 2065 460 2140; x_wconf 79' lang='grc' dir='ltr'><strong><em>“χεῖρας</em></strong></span> <span class='ocrx_word' id='word_1_174' title='bbox 490 2072 716 2136; x_wconf 89' lang='grc' dir='ltr'><strong><em>εκαστος</em></strong></span> <span class='ocrx_word' id='word_1_175' title='bbox 749 2070 925 2144; x_wconf 80' lang='grc' dir='ltr'><strong><em>εἶχεν,</em></strong></span> <span class='ocrx_word' id='word_1_176' title='bbox 961 2077 1036 2138; x_wconf 88' lang='grc' dir='ltr'><strong><em>εἰς</em></strong></span> <span class='ocrx_word' id='word_1_177' title='bbox 1068 2070 1238 2128; x_wconf 84' lang='grc' dir='ltr'><strong><em>αὐτὸν</em></strong></span> <span class='ocrx_word' id='word_1_178' title='bbox 1268 2069 1683 2142; x_wconf 84' lang='grc' dir='ltr'><strong><em>ἀκοντιζόντων,</em></strong></span> <span class='ocrx_word' id='word_1_179' title='bbox 1715 2071 1853 2127; x_wconf 78' lang='grc' dir='ltr'><strong><em>πάν-</em></strong></span> 
     </span>
     <span class='ocr_line' id='line_1_25' title="bbox 237 2148 1849 2228; baseline 0.002 -21"><span class='ocrx_word' id='word_1_180' title='bbox 237 2149 383 2208; x_wconf 80' lang='grc' dir='ltr'><strong><em>“των</em></strong></span> <span class='ocrx_word' id='word_1_181' title='bbox 417 2153 476 2208; x_wconf 77' lang='grc' dir='ltr'><strong><em>δὲ</em></strong></span> <span class='ocrx_word' id='word_1_182' title='bbox 499 2148 826 2225; x_wconf 78' lang='grc' dir='ltr'><strong><em>ἡγουμένων</em></strong></span> <span class='ocrx_word' id='word_1_183' title='bbox 847 2154 1097 2227; x_wconf 76' lang='grc' dir='ltr'><strong><em>μεγάλως</em></strong></span> <span class='ocrx_word' id='word_1_184' title='bbox 1121 2163 1461 2228; x_wconf 82' lang='grc' dir='ltr'><strong><em>πλημμελεῖν</em></strong></span> <span class='ocrx_word' id='word_1_185' title='bbox 1484 2158 1575 2211; x_wconf 82' lang='grc' dir='ltr'><strong><em>καὶ</em></strong></span> <span class='ocrx_word' id='word_1_186' title='bbox 1598 2151 1849 2227; x_wconf 79' lang='grc' dir='ltr'><strong><em>ἀσεβεῖν,</em></strong></span> 
     </span>
     <span class='ocr_line' id='line_1_26' title="bbox 182 2231 1852 2310; baseline 0.004 -20"><span class='ocrx_word' id='word_1_187' title='bbox 182 2231 335 2291; x_wconf 77' lang='grc' dir='ltr'><strong><em>25“εἰ’</em></strong></span> <span class='ocrx_word' id='word_1_188' title='bbox 367 2259 447 2302; x_wconf 90' lang='grc' dir='ltr'><strong><em>τις</em></strong></span> <span class='ocrx_word' id='word_1_189' title='bbox 489 2233 858 2309; x_wconf 79' lang='grc' dir='ltr'><strong><em>ἀπολειφθείη</em></strong></span> <span class='ocrx_word' id='word_1_190' title='bbox 899 2245 996 2310; x_wconf 84' lang='grc' dir='ltr'><strong><em>τῆς</em></strong></span> <span class='ocrx_word' id='word_1_191' title='bbox 1039 2245 1115 2304; x_wconf 86' lang='grc' dir='ltr'><strong><em>εἰς</em></strong></span> <span class='ocrx_word' id='word_1_192' title='bbox 1168 2236 1338 2296; x_wconf 79' lang='grc' dir='ltr'><strong><em>αὐτὸν</em></strong></span> <span class='ocrx_word' id='word_1_193' title='bbox 1389 2238 1702 2310; x_wconf 82' lang='grc' dir='ltr'><strong><em>ἀσελγείας·</em></strong></span> <span class='ocrx_word' id='word_1_194' title='bbox 1759 2242 1852 2296; x_wconf 86' lang='grc' dir='ltr'><strong><em>καὶ</em></strong></span> 
     </span>
     <span class='ocr_line' id='line_1_27' title="bbox 235 2317 1846 2398; baseline 0.004 -23"><span class='ocrx_word' id='word_1_195' title='bbox 235 2317 378 2392; x_wconf 79' lang='grc' dir='ltr'><strong><em>“γάρ</em></strong></span> <span class='ocrx_word' id='word_1_196' title='bbox 419 2317 546 2387; x_wconf 78' lang='grc' dir='ltr'><strong><em>τούς</em></strong></span> <span class='ocrx_word' id='word_1_197' title='bbox 586 2323 754 2387; x_wconf 81' lang='grc' dir='ltr'><strong><em>θεοὺς</em></strong></span> <span class='ocrx_word' id='word_1_198' title='bbox 799 2324 1014 2381; x_wconf 79' lang='grc' dir='ltr'><strong><em>ἑαυτῶν</em></strong></span> <span class='ocrx_word' id='word_1_199' title='bbox 1066 2321 1239 2398; x_wconf 73' lang='grc' dir='ltr'><strong><em>ᾤοντο</em></strong></span> <span class='ocrx_word' id='word_1_200' title='bbox 1292 2322 1465 2388; x_wconf 78' lang='grc' dir='ltr'><strong><em>οὕτως</em></strong></span> <span class='ocrx_word' id='word_1_201' title='bbox 1520 2321 1846 2394; x_wconf 88' lang='grc' dir='ltr'><strong><em>ἐκδικήσειν.</em></strong></span> 
     </span>
     <span class='ocr_line' id='line_1_28' title="bbox 235 2401 1849 2482; baseline 0.002 -22"><span class='ocrx_word' id='word_1_202' title='bbox 235 2402 365 2461; x_wconf 65' lang='lat' dir='ltr'><strong><em>“nal</em></strong></span> <span class='ocrx_word' id='word_1_203' title='bbox 396 2401 552 2476; x_wconf 87' lang='grc' dir='ltr'><strong><em>μόγις</em></strong></span> <span class='ocrx_word' id='word_1_204' title='bbox 585 2407 837 2478; x_wconf 81' lang='grc' dir='ltr'><strong><em>ἐμπνέων</em></strong></span> <span class='ocrx_word' id='word_1_205' title='bbox 869 2409 1066 2479; x_wconf 86' lang='grc' dir='ltr'><strong><em>ἐρρίφη</em></strong></span> <span class='ocrx_word' id='word_1_206' title='bbox 1100 2413 1175 2474; x_wconf 85' lang='grc' dir='ltr'><strong><em>εἰς</em></strong></span> <span class='ocrx_word' id='word_1_207' title='bbox 1200 2406 1300 2479; x_wconf 81' lang='grc' dir='ltr'><strong><em>τὴν</em></strong></span> <span class='ocrx_word' id='word_1_208' title='bbox 1326 2405 1566 2482; x_wconf 76' lang='grc' dir='ltr'><strong><em>εἱρκτὴν,</em></strong></span> <span class='ocrx_word' id='word_1_209' title='bbox 1599 2409 1690 2464; x_wconf 86' lang='grc' dir='ltr'><strong><em>καὶ</em></strong></span> <span class='ocrx_word' id='word_1_210' title='bbox 1714 2406 1849 2480; x_wconf 80' lang='grc' dir='ltr'><strong><em>μετά</em></strong></span> 
     </span>
     <span class='ocr_line' id='line_1_29' title="bbox 235 2486 1848 2564; baseline 0.002 -20"><span class='ocrx_word' id='word_1_211' title='bbox 235 2486 377 2545; x_wconf 78' lang='grc' dir='ltr'><strong><em>“δυό</em></strong></span> <span class='ocrx_word' id='word_1_212' title='bbox 407 2486 611 2561; x_wconf 82' lang='grc' dir='ltr'><strong><em>ἡμέρας</em></strong></span> <span class='ocrx_word' id='word_1_213' title='bbox 643 2487 936 2558; x_wconf 79' lang='grc' dir='ltr'><strong><em>ἀπέψυξεν.</em></strong></span> <span class='ocrx_word' id='word_1_214' title='bbox 1000 2495 1082 2547; x_wconf 79' lang='grc'><strong><em>32.</em></strong></span> <span class='ocrx_word' id='word_1_215' title='bbox 1120 2495 1366 2549; x_wconf 79' lang='grc' dir='ltr'><strong><em>ἐνταῦθα</em></strong></span> <span class='ocrx_word' id='word_1_216' title='bbox 1408 2491 1476 2564; x_wconf 81' lang='grc' dir='ltr'><strong><em>δὴ</em></strong></span> <span class='ocrx_word' id='word_1_217' title='bbox 1517 2490 1726 2564; x_wconf 77' lang='grc' dir='ltr'><strong><em>μεγάλη</em></strong></span> <span class='ocrx_word' id='word_1_218' title='bbox 1767 2515 1848 2558; x_wconf 89' lang='grc' dir='ltr'><strong><em>τις</em></strong></span> 
     </span>
     <span class='ocr_line' id='line_1_30' title="bbox 235 2570 1847 2650; baseline 0.001 -21"><span class='ocrx_word' id='word_1_219' title='bbox 235 2570 558 2645; x_wconf 78' lang='grc' dir='ltr'><strong><em>“οἰκονομία</em></strong></span> <span class='ocrx_word' id='word_1_220' title='bbox 597 2580 694 2631; x_wconf 83' lang='grc' dir='ltr'><strong><em>τοῦ</em></strong></span> <span class='ocrx_word' id='word_1_221' title='bbox 736 2578 878 2631; x_wconf 77' lang='grc' dir='ltr'><strong><em>θεοῦ</em></strong></span> <span class='ocrx_word' id='word_1_222' title='bbox 921 2579 1164 2648; x_wconf 83' lang='grc' dir='ltr'><strong><em>ἐγίνετο,</em></strong></span> <span class='ocrx_word' id='word_1_223' title='bbox 1219 2579 1310 2633; x_wconf 84' lang='grc' dir='ltr'><strong><em>καὶ</em></strong></span> <span class='ocrx_word' id='word_1_224' title='bbox 1355 2584 1504 2642; x_wconf 83' lang='grc' dir='ltr'><strong><em>ἔλεος</em></strong></span> <span class='ocrx_word' id='word_1_225' title='bbox 1545 2574 1847 2650; x_wconf 81' lang='grc' dir='ltr'><strong><em>ἀμέτρητον</em></strong></span> 
     </span>
     <span class='ocr_line' id='line_1_31' title="bbox 179 2654 1847 2734; baseline 0.001 -21"><span class='ocrx_word' id='word_1_226' title='bbox 179 2654 605 2729; x_wconf 78' lang='grc' dir='ltr'><strong><em>30“ἀνεφαίνετο</em></strong></span> <span class='ocrx_word' id='word_1_227' title='bbox 632 2654 839 2731; x_wconf 83' lang='grc' dir='ltr'><strong><em>Ἰησοῦ,</em></strong></span> <span class='ocrx_word' id='word_1_228' title='bbox 884 2667 1132 2726; x_wconf 86' lang='grc' dir='ltr'><strong><em>σπανίως</em></strong></span> <span class='ocrx_word' id='word_1_229' title='bbox 1173 2661 1274 2733; x_wconf 72' lang='grc' dir='ltr'><strong><em>μὲν</em></strong></span> <span class='ocrx_word' id='word_1_230' title='bbox 1317 2664 1375 2717; x_wconf 86' lang='grc' dir='ltr'><strong><em>ἐν</em></strong></span> <span class='ocrx_word' id='word_1_231' title='bbox 1417 2667 1483 2734; x_wconf 83' lang='grc' dir='ltr'><strong><em>τῇ</em></strong></span> <span class='ocrx_word' id='word_1_232' title='bbox 1515 2657 1847 2732; x_wconf 75' lang='grc' dir='ltr'><strong><em>ἀδελφότητι</em></strong></span> 
     </span>
     <span class='ocr_line' id='line_1_32' title="bbox 235 2739 1846 2818; baseline 0.002 -21"><span class='ocrx_word' id='word_1_233' title='bbox 235 2739 531 2814; x_wconf 83' lang='grc' dir='ltr'><strong><em>“γεγονὸς,</em></strong></span> <span class='ocrx_word' id='word_1_234' title='bbox 572 2740 646 2815; x_wconf 84' lang='grc' dir='ltr'><strong><em>μὴ</em></strong></span> <span class='ocrx_word' id='word_1_235' title='bbox 678 2740 1118 2817; x_wconf 87' lang='grc' dir='ltr'><strong><em>ἀπολειπόμενον</em></strong></span> <span class='ocrx_word' id='word_1_236' title='bbox 1149 2746 1209 2801; x_wconf 78' lang='grc' dir='ltr'><strong><em>δὲ</em></strong></span> <span class='ocrx_word' id='word_1_237' title='bbox 1240 2748 1333 2818; x_wconf 78' lang='grc' dir='ltr'><strong><em>τῆς</em></strong></span> <span class='ocrx_word' id='word_1_238' title='bbox 1365 2748 1557 2818; x_wconf 83' lang='grc' dir='ltr'><strong><em>τέχνης</em></strong></span> <span class='ocrx_word' id='word_1_239' title='bbox 1585 2748 1683 2801; x_wconf 84' lang='grc' dir='ltr'><strong><em>τοῦ</em></strong></span> <span class='ocrx_word' id='word_1_240' title='bbox 1715 2752 1846 2817; x_wconf 87' lang='grc' dir='ltr'><strong><em>Χρι-</em></strong></span> 
     </span>
     <span class='ocr_line' id='line_1_33' title="bbox 233 2824 1845 2903; baseline 0.001 -21"><span class='ocrx_word' id='word_1_241' title='bbox 233 2824 418 2883; x_wconf 57' lang='lat' dir='ltr'><strong><em>“movi</em></strong></span> <span class='ocrx_word' id='word_1_242' title='bbox 475 2829 556 2883; x_wconf 81' lang='lat'><strong><em>33.</em></strong></span> <span class='ocrx_word' id='word_1_243' title='bbox 592 2831 648 2884; x_wconf 80' lang='grc' dir='ltr'><strong><em>οἱ</em></strong></span> <span class='ocrx_word' id='word_1_244' title='bbox 667 2827 771 2901; x_wconf 77' lang='grc' dir='ltr'><strong><em>γὰρ</em></strong></span> <span class='ocrx_word' id='word_1_245' title='bbox 796 2827 932 2884; x_wconf 79' lang='grc' dir='ltr'><strong><em>κατὰ</em></strong></span> <span class='ocrx_word' id='word_1_246' title='bbox 957 2827 1057 2903; x_wconf 87' lang='grc' dir='ltr'><strong><em>τὴν</em></strong></span> <span class='ocrx_word' id='word_1_247' title='bbox 1082 2827 1306 2902; x_wconf 77' lang='grc' dir='ltr'><strong><em>πρώτην</em></strong></span> <span class='ocrx_word' id='word_1_248' title='bbox 1331 2827 1605 2902; x_wconf 81' lang='grc' dir='ltr'><strong><em>σύλληψιν</em></strong></span> <span class='ocrx_word' id='word_1_249' title='bbox 1629 2831 1845 2903; x_wconf 80' lang='grc' dir='ltr'><strong><em>ἔξαρνοι</em></strong></span> 
     </span>
    </p>
   </div>
  </div>
 </body>
</html>
