2032 3174
534 80 692 123 HIST.
714 79 964 124 EOCLES.
987 82 1070 122 111.
1103 83 1143 122 4.
1167 83 1206 125 5.
1608 81 1674 133 87

66 196 165 256 ὑπ’
200 194 373 275 αὐτοῦ
403 210 787 270 μαρτυρεῖται,
823 203 989 264 Λίνος
1023 197 1111 268 δὲ,
1145 187 1214 253 οὗ
1243 198 1510 270 μέμνηται
1542 217 1676 255 συν-

67 281 225 346 ὄντος
279 282 366 338 ε’πὶ
403 275 606 353 Ῥώμης
659 277 811 358 αὐτῷ
865 279 1000 338 κατὰ
1060 279 1161 353 τὴν
1224 284 1491 355 δευτέραν
1540 281 1675 353 πρὸς

78 363 357 440 Τιμόθεον
397 364 720 438 ἐπιστολὴν,
768 368 980 438 πρῶτος
1020 365 1155 437 μετὰ
1185 368 1402 438 Πέτρον
1432 368 1525 438 τῆς
1551 361 1675 423 ‘Pm-

68 457 250 524 μαίων
291 453 579 521 ἐκκλησίας
620 448 721 522 τὴν
763 449 1068 521 ἐπισκοπὴν
1097 447 1204 523 ἤδη
1247 448 1517 523 πρότερον
1548 457 1674 522 κλη-

69 536 275 607 ρωθεὶς
319 533 637 605 δεδήλωται.
711 538 757 589 9.
792 529 930 590 ἀλλὰ
970 534 1061 590 καὶ
1103 532 1130 590 ὁ
1165 532 1392 607 Κλήμης
1424 538 1528 606 τῆς
1552 531 1673 591 Ῥω-

72 625 254 692 μαίων
278 620 369 675 καὶ
394 614 554 683 αὐτὸς
581 619 870 689 ἐκκλησίας
893 623 1072 688 τρίτος
1091 620 1384 685 ἐπίσκοπος
1409 617 1677 686 καταστὰς

76 701 312 761 Παύλου
356 699 625 772 συνεργὸς
667 702 757 756 καὶ
798 700 1151 774 συναθλητὴς
1201 705 1492 774 γεγονέναι
1544 701 1678 775 πρὸς

67 785 245 843 αὐτοῦ
261 798 635 860 μαρτυρεῖται.
672 788 750 841 10.
781 786 868 840 ἐπὶ
894 783 1105 852 τούτοις
1131 788 1222 842 καὶ
1246 785 1342 842 τὸν
1359 788 1678 858 Ἀρεοπαγί-

69 894 171 943 την
204 871 445 940 ἐκεῖνον,
479 866 778 935 Διονύσιος
809 865 980 941 ὄνομα
1013 866 1189 946 αὐτῷ,
1224 866 1313 942 (ὂν
1345 873 1405 926 ἐν
1435 869 1677 941 Πράξεσι

71 951 204 1028 μετὰ
243 952 344 1026 τὴν
386 954 446 1009 ἐν
472 949 663 1030 Ἀρείῳ
709 951 866 1029 πάγῳ
908 952 1043 1024 πρὸς
1067 951 1402 1026 Ἀθηναίους
1443 953 1677 1012 Παύλου

71 1041 415 1112 δημηγορίαν
445 1040 665 1109 πρῶτον
695 1040 985 1095 πιστεῦσαι
1028 1036 1344 1111 ἀνέγραψεν
1374 1034 1402 1094 ὁ
1434 1031 1677 1115 Λουκᾶς)

70 1125 164 1194 τῆς
189 1125 248 1178 ἐν
263 1119 527 1195 Ἀθήναις
553 1124 841 1194 ἐκκλησίας
866 1126 1085 1194 πρῶτον
1109 1115 1410 1180 ἐπίσκοπον
1433 1119 1680 1196 ἀρχαίων

69 1231 150 1274 τις
181 1209 362 1279 ἕτερος
404 1204 704 1275 Διονύσιος
746 1210 840 1279 τῆς
871 1212 1197 1279 Κορινθίων
1237 1211 1524 1279 παροικίας
1556 1229 1681 1262 ποι-

73 1289 184 1364 μὴν
227 1295 432 1362 ιστορεῐ
469 1293 774 1362 γεγονέναι.
849 1295 929 1346 11.
963 1289 1101 1352 ἄλλα
1143 1315 1247 1365 γαρ
1288 1286 1400 1366 ὁδῳ
1443 1296 1680 1364 προβαί-

75 1391 274 1432 νουσιν
301 1376 388 1430 ἐπὶ
420 1376 615 1445 καιροῦ
643 1398 706 1431 τα
737 1380 832 1447 τῆς
863 1373 1001 1431 κατὰ
1030 1369 1262 1449 χρόνους
1302 1379 1414 1432 τῶν
1444 1372 1679 1431 ἀποστό-

74 1468 187 1516 λων
228 1462 485 1530 διαδοχῆς
527 1456 662 1531 ημῖν
703 1457 994 1532 εἰρήσεται,
1079 1462 1187 1516 νῦν
1230 1459 1290 1516 δὲ
1334 1460 1419 1516 ἐπὶ
1459 1482 1524 1515 τα
1558 1461 1679 1532 εξῆς

75 1551 247 1615 ἴωμεν
277 1546 371 1614 τῆς
405 1547 660 1616 ἱστορίας.

131 1623 134 1626 ’
203 1638 252 1686 v.
319 1636 446 1702 [Nic.
489 1637 542 1686 H.
583 1638 635 1686 E.
666 1637 753 1694 111,
783 1635 963 1703 3-8.]
1048 1625 1208 1684 Μετὰ
1262 1628 1500 1701 Νέρωνα
1548 1627 1681 1683 δέκα

15 1751 50 1782 *2*
74 1710 208 1782 πρὸς
232 1711 413 1785 τρισὶν
438 1716 581 1767 ἔτεσι
611 1709 713 1783 τὴν
745 1707 918 1784 ἀρχὴν
945 1709 1383 1784 ἐπικρατήσαντα
1406 1714 1517 1768 τῶν
1540 1710 1679 1784 ἀμφὶ

74 1793 302 1867 Γάλβαν
331 1795 423 1851 καὶ
441 1791 668 1852 Ὄθωνα
713 1793 968 1852 ἐνιαυτὸν
1012 1797 1098 1851 ἐπὶ
1130 1797 1300 1868 μησὶν
1333 1799 1388 1863 ἓξ
1432 1800 1678 1867 διαγενο-

73 1881 258 1953 μένων
300 1875 753 1950 Ούεσπασιανός,
795 1894 914 1946 ταῖς
958 1878 1094 1936 κατὰ
1117 1878 1404 1937 Ἰουδαίων
1434 1875 1682 1952 παρατα-

78 1966 192 2031 ξεσι
222 1962 695 2038 λαμπρυνάμενος,
728 1963 991 2036 βασιλευς
1025 1963 1110 2020 ἐπ’
1148 1960 1315 2036 αυτῆς
1346 1962 1683 2020 αναδείκνυ-

76 2072 163 2104 ται
212 2052 307 2120 τῆς
350 2044 652 2121 Ἰουδαίας,
707 2072 1061 2123 αυτοκρατωρ
1123 2047 1260 2156 πρὸς
1322 2072 1433 2104 των
1484 2043 1680 2103 αυτόθι

77 2137 465 2204 στρατοπέδων
496 2129 912 2205 ἀναγορευθείς.
973 2132 1076 2204 τὴν
1109 2134 1195 2189 ἐπὶ
1219 2130 1424 2205 Ῥώμης
1447 2123 1550 2189 οὖν
1580 2155 1684 2187 αυ-

80 2223 204 2273 τίκα
235 2215 585 2290 στειλάμενος
626 2222 766 2293 Τίτῳ
808 2241 883 2294 τῳ
916 2219 1076 2274 παιδὶ
1107 2216 1204 2274 τὸν
1235 2241 1371 2274 κατα
1396 2214 1682 2273 Ιουδαίων

30 2336 34 2338 -
80 2302 358 2374 ἐγχειρίζει
388 2299 643 2374 πόλεμον.
697 2305 746 2357 2.
778 2301 912 2375 μετά
943 2326 1006 2374 γε
1036 2300 1146 2375 μὴν
1174 2301 1276 2373 τὴν
1307 2304 1406 2358 τοῦ
1438 2301 1682 2373 σωτῆρος

79 2381 236 2456 ἡμῶν
276 2382 556 2456 ἀνάληψιν
590 2382 877 2444 Ἰουδαίων
915 2385 1050 2460 πρὸς
1090 2391 1166 2462 τῷ
1197 2383 1317 2442 κατ’
1356 2383 1529 2441 αὐτοῦ
1559 2390 1683 2440 τολ-

79 2466 282 2540 μήματι
311 2466 418 2540 ἤδη
450 2470 541 2525 καὶ
572 2467 710 2526 κατὰ
733 2473 846 2527 ταῖν
870 2467 1194 2528 ἀποστόλων
1225 2468 1396 2526 αὐτοῦ
1427 2473 1685 2533 πλείστας

78 2549 210 2619 ὅσας
242 2551 537 2623 ἐπιβουλὰς
575 2555 1074 2627 μεμηχανημένων,
1116 2551 1339 2627 πρώτου
1369 2576 1429 2610 τε
1461 2549 1684 2623 Στεφά-

79 2659 183 2693 νου
213 2641 394 2703 λίθοις
424 2634 520 2693 ὑπ’
556 2635 740 2694 αὐτῶν
770 2636 1152 2712 ἀνῃρημένου,
1188 2637 1303 2695 εἶτα
1338 2637 1398 2694 δὲ
1427 2635 1545 2709 μετ’
1581 2633 1683 2691 αὐ-

195 2831 216 2868 1
248 2831 287 2868 2.
311 2831 426 2871 Tim.
449 2831 488 2881 4,
515 2832 578 2870 10.
752 2833 777 2872 8
810 2831 1011 2884 Philipp.
1036 2833 1075 2882 4,
1100 2833 1136 2871 3.
1313 2831 1337 2869 9
1370 2828 1470 2871 Act.
1496 2829 1560 2877 17,
1586 2827 1655 2872 34.

1700 559 1720 590 5

1703 979 1742 1011 10

1703 1398 1744 1430 15

1703 1818 1743 1850 20

1704 2239 1745 2271 25

1706 2658 1747 2688 30
