1986 3152
548 108 705 151 HIST.
738 107 987 149 ECCLES.
1020 109 1121 151 VII.
1157 110 1220 149 11.
1256 110 1320 149 12.
1635 107 1731 159 311

116 223 695 297 τ·“κατακεκλείσμεπδῒα,
747 227 917 296 τριῶν
954 223 1176 299 ἡμερῶν
1214 220 1348 280 ὁδὸν
1388 228 1488 282 τοῦ
1527 234 1740 298 Παραι-

122 305 350 366 ς’τονίου
403 305 792 381 διεστηκότες.”
878 311 961 366 24.
1016 311 1108 365 καὶ
1159 307 1514 380 ὑποκαταβάς
1566 326 1741 381 φησιν

119 389 219 450 “gv
260 392 321 449 δε
359 398 426 467 τῇ
468 391 624 450 πόλει
665 391 1108 450 καταδεδύκασιν
1148 389 1376 465 άφανῶς
1420 391 1739 450 ἐπισκεπτό-

113 476 316 582 Σμενοι
346 476 476 543 τοῦς
505 475 784 549 ἀδελφούς
831 510 893 516 -
936 476 1302 550 πρεσβύτεροι
1332 501 1433 551 μεν
1465 475 1739 550 Μάξιμος,

113 557 485 668 ἶΔιόσκορος,
509 560 846 634 Δημήτριος,
866 561 1127 629 Λούκιος·
1162 565 1218 618 οἱ
1237 586 1344 634 γαρ
1371 564 1430 618 ἐν
1453 585 1527 638 τῳ
1553 559 1738 638 κόσμῳ
1783 581 1804 613 5

119 642 599 747 “προφανε’στεροι
632 655 944 711 Φαυστῖνος
985 648 1075 702 καὶ
1101 644 1333 712 Ἀκύλας
1379 649 1437 702 ἐν
1470 644 1739 722 Αἰγύπτῳ

119 725 502 787 “πλανῶνται
557 728 804 786 διάκονοι
851 730 911 785 δὲ
950 735 1008 785 οἱ
1041 730 1175 802 μετὰ
1216 728 1344 796 τοῦς
1387 732 1447 787 ἐν
1484 734 1550 802 τῇ
1593 728 1741 787 νόσω

117 809 591 886 “τελευτη’σαντας
635 809 1070 885 ὑπολειφθέντες
1115 817 1399 884 Φαῦστος,
1449 810 1740 885 Εὐσέβιος,

118 893 486 999 ΞΧαιρήμων
538 895 842 970 Εὐσέβιος,
876 893 942 953 ὃν
976 895 1078 964 ἐξ’
1052 901 1222 970 αρχῆς
1253 894 1280 953 ὁ
1314 896 1445 964 θεὸς
1480 896 1742 954 ἐνεδυνά-

118 977 307 1083 ἶμωσε
337 983 427 1037 καὶ
460 980 868 1055 παρεσκεύασε,
916 978 1010 1047 τὰς
1050 977 1356 1054 ὑπηρεσίας
1387 985 1500 1038 τῶν
1532 985 1591 1038 ἐν
1621 994 1741 1048 ταῖς
1768 1002 1807 1033 10

120 1061 434 1138 “φυλακαῖς
476 1067 793 1139 γενομένων
834 1062 1188 1139 ὁμολογητῶν
1241 1069 1557 1140 ἐναγωνίως
1609 1065 1741 1123 ἀπο·

116 1148 438 1223 “πληροῦν,
494 1152 585 1207 καὶ
636 1149 731 1218 τας
783 1153 897 1208 τῶν
953 1147 1224 1223 σωμάτων
1266 1148 1590 1224 περιστολας
1630 1154 1743 1207 τῶν

112 1231 383 1292 ’“τελείων
439 1237 532 1291 καὶ
582 1241 870 1308 μακαρίων
918 1232 1215 1309 μαρτύρων
1269 1234 1374 1292 οῦκ
1424 1232 1742 1301 ἀκινδύνως

116 1314 418 1376 “ε’κτελεῖν.
496 1323 580 1376 25.
634 1321 726 1376 καὶ
780 1318 886 1392 γὰρ
937 1320 1094 1393 μέχρι
1144 1323 1256 1377 νῦν
1299 1316 1402 1375 οῦκ
1443 1317 1668 1392 ἀνίησιν
1709 1318 1738 1376 ὁ

112 1399 492 1476 ““ἡγούμενος,
524 1400 651 1470 τοῦς
681 1404 784 1476 μὲν
815 1402 1062 1478 ἀναιρῶν
1075 1448 1090 1475 ,
1133 1399 1205 1469 ὦς
1237 1418 1533 1478 προεῖπον,
1579 1401 1739 1477 ὠμῶς
1764 1422 1805 1454 15

114 1486 269 1544 ((τῶν
309 1491 770 1561 προσαγομένων,
813 1488 940 1554 τοῦς
983 1488 1045 1544 δὲ
1077 1486 1341 1559 βασάνοις
1373 1490 1739 1561 καταξαίνων,

117 1568 284 1638 “vobs
319 1573 379 1628 δὲ
410 1580 684 1645 φυλακαῖς
716 1573 807 1629 καὶ
837 1578 1055 1645 δεσμοῖς
1081 1570 1346 1644 ἐκτήκων,
1379 1571 1743 1645 προστάσσων

115 1652 216 1712 “ts
246 1659 460 1730 μήδένα
489 1655 704 1722 τούτοις
735 1659 1054 1730 προσιέναι,
1087 1658 1178 1713 καὶ
1210 1654 1530 1730 άνερευνεᾶν
1560 1657 1633 1730 μή
1665 1681 1744 1723 τις

120 1736 378 1813 “φανείη.
434 1743 525 1798 καὶ
555 1738 701 1814 ὅμως
731 1739 760 1798 ὁ
792 1739 924 1807 θεὸς
954 1743 1019 1813 τῇ
1051 1746 1340 1817 προθυμία
1371 1743 1461 1797 καὶ
1487 1747 1744 1816 λιπαρεία

119 1821 273 1882 (ςτῶν
304 1823 566 1898 ἀδελφῶν
604 1824 936 1883 διαναπαύει
974 1824 1106 1891 τοῦς
1144 1823 1591 1897 πεπιεσμε’νους.”
1651 1828 1742 1881 καὶ
1765 1844 1807 1876 20

127 1915 367 1966 τοσαῦτα
397 1910 499 1982 μὲν
529 1905 890 1977 ὁΔιονύσιος.
924 1914 1006 1966 26.
1030 1911 1208 1967 ἰστέον
1244 1910 1303 1966 δὲ
1337 1908 1407 1975 ὡς
1438 1909 1466 1966 ὁ
1497 1910 1598 1983 μὲν
1629 1907 1746 1966 Ed-

130 1995 341 2067 σε’βιος,
392 1990 460 2051 ὃν
518 1992 778 2052 διάκονον
827 2008 1163 2068 προσεῖπεν,
1227 1993 1460 2069 σμικρὸν
1508 1991 1745 2066 ὕστερον

130 2083 427 2144 ἐπίσκοπος
472 2081 761 2151 ἐκκλησίας
816 2083 912 2151 τῆς
971 2076 1108 2135 κατὰ
1149 2084 1371 2151 Συρίαν
1413 2084 1745 2145 Λαοδικείας

128 2170 490 2235 καθίσταται,
541 2159 570 2220 ὁ
629 2163 689 2220 δὲ
745 2164 1026 2237 Μάξιμος,
1079 2160 1145 2220 ὃν
1193 2161 1317 2220 τότε
1366 2161 1745 2237 πρεσβύτερον

129 2255 345 2320 εἴρηκε,
399 2246 535 2321 μετὰ
585 2246 683 2305 τὸν
730 2247 1033 2306 Διονύσιον
1081 2245 1182 2319 τὴν
1238 2253 1589 2321 λειτουργίαν
1633 2253 1743 2304 τῶν
1767 2264 1807 2296 25

129 2329 251 2387 κατ’
309 2328 731 2406 Ἀλεξάνδρειαν
784 2331 1047 2405 ἀδελφῶν
1100 2333 1438 2404 διαδέχεται,
1491 2334 1745 2399 Φαῦστος

130 2415 193 2471 δὲ
222 2413 251 2471 ὁ
283 2413 389 2472 σῦν
419 2412 570 2491 αὐτῷ
599 2417 860 2488 τηνικάδε
905 2419 1212 2486 διαπρέψας
1259 2419 1320 2473 ἐν
1356 2419 1424 2490 τῇ
1461 2413 1743 2490 ὁμολογίᾳ,

129 2501 286 2573 μέχρι
331 2502 430 2557 τοῦ
471 2498 603 2557 καθ’
650 2496 791 2574 ἡμᾶς
833 2503 1082 2574 διωγμοῦ
1120 2503 1461 2574 φυλαχθεὶς,
1517 2500 1744 2574 γηραιὸς

131 2587 332 2658 κομιδῆ
379 2585 470 2641 καὶ
513 2582 722 2657 πλήρης
767 2581 989 2660 ἡμερῶν
1035 2583 1165 2642 καθ’
1203 2584 1344 2658 ἡμᾶς
1378 2583 1578 2652 αὐτοῦς
1609 2609 1743 2656 μαρ-

127 2675 301 2744 τυρίςο
330 2667 432 2742 τὴν
466 2669 717 2742 κεφαλὴν
751 2667 1093 2742 ἀποτμηθεὶς
1127 2672 1444 2726 τελειοῦται.
1507 2665 1646 2725 ἄλλα
1677 2666 1741 2724 τὰ
1765 2683 1806 2715 30

127 2752 232 2823 μὲν
248 2751 366 2810 κατ’
390 2756 570 2810 ἐκεῖνο
588 2757 783 2826 καιροῦ
799 2756 878 2830 τῷ
888 2759 1175 2830 Διονυσίῳ
1193 2753 1482 2826 συμβάντα
1498 2758 1739 2809 τοιαῦτα.

260 2849 366 2898 XII.
427 2848 559 2914 [Nic.
589 2850 645 2899 H.
675 2850 727 2899 E.
757 2850 831 2905 Vl,
866 2848 971 2914 11.]
1035 2836 1189 2895 Κατὰ
1209 2838 1269 2894 δὲ
1286 2835 1381 2894 τὸν
1400 2834 1742 2909 δηλούμενον
