1986 3152
581 145 734 187 ffls'r.
767 145 1018 186 ECCLEs.
1054 146 1109 186 x.
1143 148 1181 188 8.
1214 149 1253 187 9.
1614 146 1717 198 487

101 259 214 317 ὑπὸ
238 273 355 326 τοῖς
379 267 814 317 Κωνσταντίνου
839 263 970 320 ποσὶ
997 267 1180 334 πρηνῆ
1204 265 1520 335 κατέβαλεν.
1571 268 1604 318 2
1646 264 1719 331 ὡς

103 344 210 415 γάρ
243 350 321 410 εἰς
355 350 553 416 ἔσχατα
591 351 791 417 μανίας
822 347 890 403 τά
920 343 1042 402 κατ’
1077 344 1249 402 αὐτὸν
1286 346 1551 418 ἤλαυνεν,
1583 372 1718 404 ουκ-

106 427 181 483 ἐτ’
230 427 464 485 ἀνεκτὸν
515 429 657 484 εἶναι
708 431 1066 503 λογισάμενος
1118 430 1374 500 βασιλεὺς
1413 431 1440 487 ὁ
1482 438 1558 507 τῷ
1601 439 1719 508 θεῷ

103 518 295 585 φίλος,
337 511 438 568 τὸν
469 513 733 585 σώφρονα
765 513 1102 585 συναγαγών
1144 514 1439 587 λογισμὸν,
1484 518 1578 571 καὶ
1619 516 1719 573 τὸν

101 596 337 669 στερρὸν
375 600 477 653 τοῦ
519 603 736 654 δικαίου
778 599 985 669 τρόπον
1026 605 1431 673 φιλανθρωπίᾳ
1471 601 1710 670 κερασά-
1737 626 1756 657 5

102 703 300 752 μενος,
342 681 582 753 ἅσμενος
637 684 914 753 ἐπαμῦναι
953 688 1135 753 κρίνει
1177 694 1292 747 τοῖς
1342 678 1453 739 ὑπὸ
1497 689 1574 759 τῷ
1616 708 1717 740 τυ-

105 764 295 840 ράννῳ
319 767 860 836 ταλαιπωρουμένοις
875 810 890 837 ,
915 766 1008 820 καὶ
1031 764 1095 821 τό
1118 788 1181 834 γε
1204 768 1467 823 πλεῖστον
1490 766 1719 839 ἀνθρώ-

106 870 229 905 πων
258 852 450 920 γένος,
483 855 706 921 βραχεῖς
738 853 1026 920 λυμεῶνας
1059 848 1313 904 ἐκποδών
1337 851 1719 922 ποιησάμενος,

105 931 508 989 ἀνασώσασθαι
537 928 787 1004 ὁρμᾶται.
861 936 909 988 3.
950 932 1094 1005 μόνῃ
1135 931 1241 1003 γὰρ
1273 931 1422 1008 αὐτῷ
1454 937 1720 1010 χρωμένῳ

105 1024 508 1091 φιλανθρωπία
554 1016 654 1072 τὸν
695 1016 802 1086 πρὸ
847 1016 1050 1072 τούτου
1095 1015 1330 1088 χρόνον,
1376 1019 1469 1072 καὶ
1510 1018 1609 1074 τὸν
1651 1017 1718 1074 οὐ
1747 1044 1785 1073 10

109 1107 466 1173 συμπαθείας
507 1098 660 1167 ἀξιον
703 1103 981 1171 ἐλεοῦντι,
1032 1105 1108 1175 τῷ
1148 1100 1251 1171 μὲν
1294 1099 1461 1157 οὐδὲν
1512 1104 1722 1171 ἐγίνετο

111 1185 312 1254 πλέον,
354 1191 453 1257 τῆς
493 1190 689 1249 κακίας
731 1183 836 1240 οὐκ
878 1182 1370 1260 ἀπαλλαττομένῳ,
1407 1184 1630 1252 αὔξοντι
1661 1186 1723 1242 δὲ

107 1274 322 1342 μᾶλλον
352 1269 456 1339 τὴν
479 1266 616 1324 κατά
639 1273 754 1324 τῶν
777 1266 1114 1340 ὑποχειρίων
1140 1270 1326 1324 ἐθνῶν
1350 1268 1574 1340 λύτταν,
1606 1283 1722 1335 τοῖς

105 1353 168 1409 δὲ
198 1355 560 1426 κακουμένοις
601 1350 750 1418 οὔτις
783 1355 1026 1408 ἐλείπετο
1066 1358 1338 1423 σωτηρίας
1383 1354 1567 1424 ἐλπὶς,
1608 1349 1720 1409 ὑπὸ

106 1442 272 1512 δεινῷ
301 1444 486 1513 θηρίῳ
523 1437 1045 1508 καταπονουμένοις.
1113 1439 1162 1491 4.
1205 1435 1290 1491 διὸ
1334 1436 1402 1507 δὴ
1432 1439 1514 1512 τῳ”
1552 1444 1718 1508 φιλα-
1747 1464 1786 1494 15

106 1522 269 1597 γάθῳ
309 1525 469 1594 μίξας
500 1521 559 1577 τὸ
592 1520 972 1593 μισοπόνηρον
1011 1515 1039 1576 ὁ
1082 1521 1195 1575 τῶν
1225 1518 1460 1590 ἀγαθῶν
1489 1518 1722 1593 ἀρωγὸς,

108 1605 362 1677 πρόεισιν
385 1605 496 1678 ἅμα
519 1606 675 1661 παιδὶ
699 1611 936 1680 Κρίσπῳ
953 1610 1174 1675 βασιλεῖ
1192 1605 1724 1680 φιλανθρωποτάτῳ,

110 1688 387 1762 σωτήριον
427 1686 614 1757 δεξιάν
656 1687 826 1744 ἅπασι
865 1700 979 1754 τοῖς
1019 1685 1422 1759 ἀπολλυμένοις
1453 1691 1722 1754 ἐκτείνας·

110 1771 224 1830 εἷθ’
262 1771 353 1830 οἷα
383 1780 719 1846 παμβασιλεϊ
750 1775 899 1848 θεῷ,
939 1778 1082 1827 θεοῦ
1113 1772 1267 1827 παιδὶ
1306 1777 1510 1843 σωτῆρι
1541 1768 1724 1828 ἀπάν-

109 1881 223 1914 των
255 1863 483 1933 ποδηγῷ
516 1859 608 1912 καὶ
640 1857 910 1932 συμμάχῳ
937 1855 1238 1928 χρώμενοι,
1279 1855 1457 1927 πατὴρ
1489 1856 1602 1928 ἅμα
1631 1857 1724 1911 καὶ
1747 1882 1788 1912 20

109 1942 267 2012 υίὸς,
300 1941 467 2014 ἄμφω
498 1941 688 2016 κύκλῳ
714 1942 992 2005 διελόντες
1021 1939 1124 2010 τὴν
1151 1939 1290 1995 κατὰ
1311 1942 1424 1996 τῶν
1446 1943 1727 2012 θεομισῶν

116 2025 442 2097 παράταξιν,
476 2029 680 2100 ῥᾳδίαν
709 2025 813 2096 τὴν
836 2030 1002 2095 νίκην
1026 2020 1419 2095 ἀποφέρονται,
1451 2030 1564 2080 τῶν
1587 2024 1725 2079 κατά

109 2109 214 2181 τὴν
246 2109 537 2182 συμβολὴν
567 2109 795 2165 πάντων
838 2109 1351 2180 έξευμαρισθέντων
1390 2107 1582 2174 αὐτοῖς
1610 2103 1724 2163 ὑπὸ

111 2200 215 2250 τοῦ
245 2197 386 2250 θεοῦ
415 2193 553 2250 κατά
583 2194 827 2266 γνώμην.
904 2196 952 2247 ἵ).
1007 2190 1231 2262 ἀθρόως
1262 2195 1401 2263 δῆτα
1431 2193 1523 2248 καὶ
1554 2191 1724 2261 λόγου

107 2282 318 2334 θᾶττον
350 2283 408 2334 οί
434 2278 537 2350 μὲν
579 2277 711 2349 χθὲς
741 2278 835 2332 καὶ
865 2275 971 2349 πρὸ
1001 2270 1209 2348 ἡμέρας·
1238 2276 1490 2332 θανάτου
1522 2278 1725 2332 πνέον-
1750 2301 1788 2331 25

110 2385 198 2428 τες
231 2363 325 2417 καὶ
356 2359 582 2432 ἀπειλῆς
613 2359 798 2418 οὐκέτ’
832 2356 1006 2432 ἦσαν,
1049 2358 1185 2415 οὐδὲ
1227 2362 1417 2432 μέχρις
1457 2357 1725 2432 ὀνόματος

110 2445 613 2519 μνημονευόμενοι·
639 2452 855 2516 γραφαί
874 2467 935 2500 τε
959 2441 1147 2499 αὐτῶν
1164 2447 1254 2498 καὶ
1278 2446 1430 2515 τιμαὶ
1447 2443 1550 2516 τὴν
1566 2443 1727 2510 ἀξίαν

111 2530 390 2603 αἰσχύνην
421 2528 832 2601 ἀπελάμβανον.
900 2528 993 2582 καὶ
1025 2525 1059 2581 ὁὶ
1090 2540 1204 2592 τοῖς
1236 2527 1404 2583 πάλαι
1434 2528 1727 2598 δυσσεβέσι

112 2615 407 2686 τυράννοις
433 2615 647 2670 ἐνεῖδεν
670 2607 861 2677 αὐτοῖς
885 2610 1199 2683 ὀφθαλμοῖς
1224 2617 1523 2683 Λικίννιος,
1554 2615 1727 2667 ταῦτα

113 2693 319 2771 ὁμοίως
349 2699 442 2754 καὶ
484 2695 653 2762 αὐτὸς
698 2702 966 2768 ἔπασχεν,
1007 2691 1092 2750 ὅτι
1131 2692 1262 2767 μηδ’
1297 2693 1466 2761 αὐτὸς
1509 2697 1726 2761 ἐδέξατο
1749 2718 1791 2749 so

115 2787 395 2854 παιδείαν,
425 2781 565 2854 μηδὲ
595 2793 716 2846 ταῖς
744 2786 859 2836 τῶν
882 2780 1052 2843 πέλας
1079 2780 1470 2851 ἐσωφρονίσθη
1493 2778 1725 2850 μάστιξι,

118 2865 223 2937 τὴν
254 2863 456 2939 ὁμοίαν
488 2864 539 2922 δ’
578 2867 806 2930 ἐκείνοις
837 2869 933 2935 τῆς
965 2861 1219 2934 ἀσεβείας
1248 2861 1536 2935 μετελθών
1566 2857 1724 2931 ὁδὸν,
