<?xml version="1.0" encoding="UTF-8"?>
<!DOCTYPE html PUBLIC "-//W3C//DTD XHTML 1.0 Transitional//EN"
    "http://www.w3.org/TR/xhtml1/DTD/xhtml1-transitional.dtd">
<html xmlns="http://www.w3.org/1999/xhtml" xml:lang="en" lang="en">
 <head>
  <title>
</title>
<meta http-equiv="Content-Type" content="text/html;charset=utf-8" />
  <meta name='ocr-system' content='tesseract 3.04.00' />
  <meta name='ocr-capabilities' content='ocr_page ocr_carea ocr_par ocr_line ocrx_word'/>
</head>
<body>
  <div class='ocr_page' id='page_1' title='image "./operaeusebius04euseuoft_0331.png"; bbox 0 0 1986 3152; ppageno 0'>
   <div class='ocr_carea' id='block_1_1' title="bbox 584 89 1715 141">
    <p class='ocr_par' dir='ltr' id='par_1_1' title="bbox 584 89 1715 141">
     <span class='ocr_line' id='line_1_1' title="bbox 584 89 1715 141; baseline 0.003 -12"><span class='ocrx_word' id='word_1_1' title='bbox 584 89 743 130; x_wconf 86' lang='lat' dir='ltr'>HIST.</span> <span class='ocrx_word' id='word_1_2' title='bbox 776 89 1025 130; x_wconf 78' lang='lat' dir='ltr'>ECCLES.</span> <span class='ocrx_word' id='word_1_3' title='bbox 1058 90 1135 131; x_wconf 91' lang='lat' dir='ltr'><strong><em>VI.</em></strong></span> <span class='ocrx_word' id='word_1_4' title='bbox 1168 92 1236 131; x_wconf 77' lang='lat'><strong><em>25.</em></strong></span> <span class='ocrx_word' id='word_1_5' title='bbox 1613 91 1715 141; x_wconf 77' lang='grc'><strong><em>271</em></strong></span> 
     </span>
    </p>
   </div>
   <div class='ocr_carea' id='block_1_2' title="bbox 85 202 1792 2643">
    <p class='ocr_par' dir='ltr' id='par_1_2' title="bbox 85 202 1792 2643">
     <span class='ocr_line' id='line_1_2' title="bbox 102 202 1718 315; baseline -0.001 -49"><span class='ocrx_word' id='word_1_6' title='bbox 102 208 382 282; x_wconf 79' lang='grc' dir='ltr'><strong><em>“ε“”γραψεν</em></strong></span> <span class='ocrx_word' id='word_1_7' title='bbox 413 202 500 272; x_wconf 82' lang='grc' dir='ltr'><strong><em>αἶς</em></strong></span> <span class='ocrx_word' id='word_1_8' title='bbox 526 208 780 273; x_wconf 83' lang='grc' dir='ltr'><strong><em>ἐδίδαξεν</em></strong></span> <span class='ocrx_word' id='word_1_9' title='bbox 805 209 1136 278; x_wconf 80' lang='grc' dir='ltr'><strong><em>ἐκκλησίαις,</em></strong></span> <span class='ocrx_word' id='word_1_10' title='bbox 1170 202 1307 262; x_wconf 79' lang='grc' dir='ltr'><strong><em>ἀλλὰ</em></strong></span> <span class='ocrx_word' id='word_1_11' title='bbox 1333 209 1424 263; x_wconf 78' lang='grc' dir='ltr'><strong><em>καὶ</em></strong></span> <span class='ocrx_word' id='word_1_12' title='bbox 1450 205 1533 273; x_wconf 87' lang='grc' dir='ltr'><strong><em>αἷς</em></strong></span> <span class='ocrx_word' id='word_1_13' title='bbox 1561 213 1718 315; x_wconf 82' lang='grc' dir='ltr'><strong><em>ἔγρα-</em></strong></span> 
     </span>
     <span class='ocr_line' id='line_1_3' title="bbox 103 289 1713 364; baseline 0 -16"><span class='ocrx_word' id='word_1_14' title='bbox 103 289 275 362; x_wconf 80' lang='grc' dir='ltr'><strong><em>“ψεν,</em></strong></span> <span class='ocrx_word' id='word_1_15' title='bbox 316 289 538 363; x_wconf 77' lang='grc' dir='ltr'><strong><em>ὀλίγους</em></strong></span> <span class='ocrx_word' id='word_1_16' title='bbox 569 296 787 363; x_wconf 83' lang='grc' dir='ltr'><em>στίχους</em></span> <span class='ocrx_word' id='word_1_17' title='bbox 821 293 1108 347; x_wconf 80' lang='grc' dir='ltr'><strong><em>ἐπέστειλε.</em></strong></span> <span class='ocrx_word' id='word_1_18' title='bbox 1172 294 1219 346; x_wconf 78' lang='lat'><strong><em>8.</em></strong></span> <span class='ocrx_word' id='word_1_19' title='bbox 1255 294 1467 364; x_wconf 80' lang='grc' dir='ltr'><em>Πέτρος</em></span> <span class='ocrx_word' id='word_1_20' title='bbox 1500 293 1590 364; x_wconf 87' lang='grc' dir='ltr'><strong><em>δε,</em></strong></span> <span class='ocrx_word' id='word_1_21' title='bbox 1624 290 1713 364; x_wconf 84' lang='grc' dir='ltr'><strong><em>ἐφ’</em></strong></span> 
     </span>
     <span class='ocr_line' id='line_1_4' title="bbox 101 367 1720 452; baseline 0.001 -20"><span class='ocrx_word' id='word_1_22' title='bbox 101 372 130 396; x_wconf 84' lang='lat'><strong><em>“</em></strong></span> <span class='ocrx_word' id='word_1_23' title='bbox 140 400 181 452; x_wconf 80' lang='grc' dir='ltr'><strong><em>ω</em></strong></span> <span class='ocrx_word' id='word_1_24' title='bbox 213 379 583 447; x_wconf 79' lang='grc' dir='ltr'><em>οἰκοδομεῖται</em></span> <span class='ocrx_word' id='word_1_25' title='bbox 614 370 646 446; x_wconf 81' lang='grc' dir='ltr'>ἡ</span> <span class='ocrx_word' id='word_1_26' title='bbox 673 380 914 448; x_wconf 78' lang='grc' dir='ltr'><em>Χριστοῦ</em></span> <span class='ocrx_word' id='word_1_27' title='bbox 948 377 1225 447; x_wconf 77' lang='grc' dir='ltr'><strong><em>ἐκκλησία,</em></strong></span> <span class='ocrx_word' id='word_1_28' title='bbox 1258 367 1320 446; x_wconf 81' lang='grc' dir='ltr'><strong><em>ἧς</em></strong></span> <span class='ocrx_word' id='word_1_29' title='bbox 1344 374 1513 432; x_wconf 84' lang='grc' dir='ltr'><strong><em>πύλαι</em></strong></span> <span class='ocrx_word' id='word_1_30' title='bbox 1523 375 1720 433; x_wconf 88' lang='grc' dir='ltr'><strong><em>Ἀιδου</em></strong></span> 
     </span>
     <span class='ocr_line' id='line_1_5' title="bbox 102 455 1721 533; baseline -0.001 -16"><span class='ocrx_word' id='word_1_31' title='bbox 102 455 130 476; x_wconf 81' lang='lat'><strong><em>“</em></strong></span> <span class='ocrx_word' id='word_1_32' title='bbox 138 457 203 517; x_wconf 80' lang='grc' dir='ltr'><strong><em>οὐ</em></strong></span> <span class='ocrx_word' id='word_1_33' title='bbox 257 457 676 532; x_wconf 83' lang='grc' dir='ltr'><strong><em>κατισχύσουσι,</em></strong></span> <span class='ocrx_word' id='word_1_34' title='bbox 737 464 870 532; x_wconf 88' lang='grc' dir='ltr'><strong><em>μίαν</em></strong></span> <span class='ocrx_word' id='word_1_35' title='bbox 925 458 1219 531; x_wconf 84' lang='grc' dir='ltr'><strong><em>ἐπιστολὴν</em></strong></span> <span class='ocrx_word' id='word_1_36' title='bbox 1271 455 1721 533; x_wconf 81' lang='grc' dir='ltr'><em>ὁμολογουμένην</em></span> 
     </span>
     <span class='ocr_line' id='line_1_6' title="bbox 100 542 1763 616; baseline -0.003 -15"><span class='ocrx_word' id='word_1_37' title='bbox 100 542 559 615; x_wconf 79' lang='grc' dir='ltr'><strong><em>“καταλέλοιπεν,</em></strong></span> <span class='ocrx_word' id='word_1_38' title='bbox 592 549 730 600; x_wconf 83' lang='grc' dir='ltr'><strong><em>ἔστω</em></strong></span> <span class='ocrx_word' id='word_1_39' title='bbox 764 544 824 600; x_wconf 73' lang='grc' dir='ltr'><strong><em>δὲ</em></strong></span> <span class='ocrx_word' id='word_1_40' title='bbox 855 545 947 600; x_wconf 87' lang='grc' dir='ltr'><strong><em>καὶ</em></strong></span> <span class='ocrx_word' id='word_1_41' title='bbox 982 545 1272 616; x_wconf 79' lang='grc' dir='ltr'><strong><em>δευτέραν·</em></strong></span> <span class='ocrx_word' id='word_1_42' title='bbox 1315 542 1717 616; x_wconf 86' lang='grc' dir='ltr'><strong><em>ἀμφιβάλλεται</em></strong></span> <span class='ocrx_word' id='word_1_43' title='bbox 1741 564 1763 596; x_wconf 88' lang='lat'>5</span> 
     </span>
     <span class='ocr_line' id='line_1_7' title="bbox 102 625 1721 702; baseline 0.001 -18"><span class='ocrx_word' id='word_1_44' title='bbox 102 627 256 702; x_wconf 84' lang='grc' dir='ltr'><strong><em>“γάρ.</em></strong></span> <span class='ocrx_word' id='word_1_45' title='bbox 320 633 366 685; x_wconf 84' lang='grc'><strong><em>9.</em></strong></span> <span class='ocrx_word' id='word_1_46' title='bbox 407 634 466 684; x_wconf 89' lang='grc' dir='ltr'><strong><em>τί</em></strong></span> <span class='ocrx_word' id='word_1_47' title='bbox 495 632 584 684; x_wconf 79' lang='grc' dir='ltr'><strong><em>δεῖ</em></strong></span> <span class='ocrx_word' id='word_1_48' title='bbox 614 629 740 696; x_wconf 84' lang='grc' dir='ltr'><strong><em>περὶ</em></strong></span> <span class='ocrx_word' id='word_1_49' title='bbox 771 630 870 684; x_wconf 81' lang='grc' dir='ltr'><strong><em>τοῦ</em></strong></span> <span class='ocrx_word' id='word_1_50' title='bbox 898 625 1272 693; x_wconf 74' lang='grc' dir='ltr'><strong><em>ἀντιπεσόντος</em></strong></span> <span class='ocrx_word' id='word_1_51' title='bbox 1307 630 1395 685; x_wconf 86' lang='grc' dir='ltr'><strong><em>ἐπὶ</em></strong></span> <span class='ocrx_word' id='word_1_52' title='bbox 1425 629 1485 684; x_wconf 89' lang='grc' dir='ltr'><strong><em>τὸ</em></strong></span> <span class='ocrx_word' id='word_1_53' title='bbox 1517 633 1721 700; x_wconf 83' lang='grc' dir='ltr'><strong><em>στῆθος</em></strong></span> 
     </span>
     <span class='ocr_line' id='line_1_8' title="bbox 102 707 1724 785; baseline 0.001 -17"><span class='ocrx_word' id='word_1_54' title='bbox 102 708 322 785; x_wconf 81' lang='grc' dir='ltr'><strong><em>“λέγειν</em></strong></span> <span class='ocrx_word' id='word_1_55' title='bbox 351 715 448 768; x_wconf 84' lang='grc' dir='ltr'><strong><em>τοῦ</em></strong></span> <span class='ocrx_word' id='word_1_56' title='bbox 476 708 671 783; x_wconf 85' lang='grc' dir='ltr'><strong><em>Ἰησοῦ,</em></strong></span> <span class='ocrx_word' id='word_1_57' title='bbox 700 707 986 781; x_wconf 78' lang='grc' dir='ltr'><em>Ἰωάννου,</em></span> <span class='ocrx_word' id='word_1_58' title='bbox 1018 707 1076 778; x_wconf 81' lang='grc' dir='ltr'><strong><em>ὃς</em></strong></span> <span class='ocrx_word' id='word_1_59' title='bbox 1108 709 1430 783; x_wconf 84' lang='grc' dir='ltr'><strong><em>εὐαγγέλιον</em></strong></span> <span class='ocrx_word' id='word_1_60' title='bbox 1462 717 1524 769; x_wconf 75' lang='grc' dir='ltr'><strong><em>ἓν</em></strong></span> <span class='ocrx_word' id='word_1_61' title='bbox 1555 737 1724 769; x_wconf 85' lang='grc' dir='ltr'><strong><em>κατα-</em></strong></span> 
     </span>
     <span class='ocr_line' id='line_1_9' title="bbox 103 791 1723 868; baseline -0.001 -15"><span class='ocrx_word' id='word_1_62' title='bbox 103 792 421 868; x_wconf 55' lang='lat' dir='ltr'><strong><em>“ignom-ev,</em></strong></span> <span class='ocrx_word' id='word_1_63' title='bbox 462 791 749 868; x_wconf 78' lang='grc' dir='ltr'><strong><em>ὁμολογῶν</em></strong></span> <span class='ocrx_word' id='word_1_64' title='bbox 790 793 1073 852; x_wconf 77' lang='grc' dir='ltr'><strong><em>δύνασθαι</em></strong></span> <span class='ocrx_word' id='word_1_65' title='bbox 1113 801 1355 851; x_wconf 83' lang='grc' dir='ltr'><strong><em>τοσαῦτα</em></strong></span> <span class='ocrx_word' id='word_1_66' title='bbox 1394 795 1646 868; x_wconf 81' lang='grc' dir='ltr'><strong><em>ποιήσειν</em></strong></span> <span class='ocrx_word' id='word_1_67' title='bbox 1688 793 1723 852; x_wconf 71' lang='grc' dir='ltr'><em>ἃ</em></span> 
     </span>
     <span class='ocr_line' id='line_1_10' title="bbox 101 876 1724 952; baseline 0 -16"><span class='ocrx_word' id='word_1_68' title='bbox 101 876 271 937; x_wconf 74' lang='grc' dir='ltr'><strong><em>“οὖδὲ</em></strong></span> <span class='ocrx_word' id='word_1_69' title='bbox 301 878 329 936; x_wconf 86' lang='grc' dir='ltr'><em>ὅ</em></span> <span class='ocrx_word' id='word_1_70' title='bbox 362 878 562 952; x_wconf 82' lang='grc' dir='ltr'><strong><em>κόσμος</em></strong></span> <span class='ocrx_word' id='word_1_71' title='bbox 593 881 840 952; x_wconf 84' lang='grc' dir='ltr'><strong><em>χωρῆσαι</em></strong></span> <span class='ocrx_word' id='word_1_72' title='bbox 873 877 1137 949; x_wconf 80' lang='grc' dir='ltr'><strong><em>ἐδύνατο;</em></strong></span> <span class='ocrx_word' id='word_1_73' title='bbox 1171 884 1376 951; x_wconf 83' lang='grc' dir='ltr'><strong><em>ἔγραψε</em></strong></span> <span class='ocrx_word' id='word_1_74' title='bbox 1410 881 1469 936; x_wconf 78' lang='grc' dir='ltr'><strong><em>δὲ</em></strong></span> <span class='ocrx_word' id='word_1_75' title='bbox 1500 883 1591 936; x_wconf 84' lang='grc' dir='ltr'><strong><em>καὶ</em></strong></span> <span class='ocrx_word' id='word_1_76' title='bbox 1622 879 1724 952; x_wconf 83' lang='grc' dir='ltr'><strong><em>τὴν</em></strong></span> 
     </span>
     <span class='ocr_line' id='line_1_11' title="bbox 103 960 1787 1036; baseline -0.002 -15"><span class='ocrx_word' id='word_1_77' title='bbox 103 960 522 1035; x_wconf 73' lang='grc' dir='ltr'><strong><em>“Αποκάλυψιν,</em></strong></span> <span class='ocrx_word' id='word_1_78' title='bbox 580 965 905 1029; x_wconf 84' lang='grc' dir='ltr'><strong><em>κελευσθεὶς</em></strong></span> <span class='ocrx_word' id='word_1_79' title='bbox 950 966 1227 1036; x_wconf 86' lang='grc' dir='ltr'><strong><em>σιωπῆσαι</em></strong></span> <span class='ocrx_word' id='word_1_80' title='bbox 1267 965 1357 1020; x_wconf 82' lang='grc' dir='ltr'><strong><em>καὶ</em></strong></span> <span class='ocrx_word' id='word_1_81' title='bbox 1399 963 1473 1036; x_wconf 85' lang='grc' dir='ltr'><strong><em>μὴ</em></strong></span> <span class='ocrx_word' id='word_1_82' title='bbox 1516 963 1723 1036; x_wconf 84' lang='grc' dir='ltr'><strong><em>γράψαι</em></strong></span> <span class='ocrx_word' id='word_1_83' title='bbox 1748 986 1787 1017; x_wconf 86' lang='lat'><strong><em>10</em></strong></span> 
     </span>
     <span class='ocr_line' id='line_1_12' title="bbox 103 1046 1724 1122; baseline 0 -17"><span class='ocrx_word' id='word_1_84' title='bbox 103 1047 237 1115; x_wconf 78' lang='grc' dir='ltr'><strong><em>“τὰς</em></strong></span> <span class='ocrx_word' id='word_1_85' title='bbox 268 1051 380 1106; x_wconf 76' lang='grc' dir='ltr'><strong><em>τῶν</em></strong></span> <span class='ocrx_word' id='word_1_86' title='bbox 410 1046 546 1105; x_wconf 77' lang='grc' dir='ltr'><strong><em>ἑπτά</em></strong></span> <span class='ocrx_word' id='word_1_87' title='bbox 575 1051 830 1122; x_wconf 72' lang='grc' dir='ltr'><strong><em>βροντῶν</em></strong></span> <span class='ocrx_word' id='word_1_88' title='bbox 860 1046 1070 1119; x_wconf 85' lang='grc' dir='ltr'><strong><em>φωνάς.</em></strong></span> <span class='ocrx_word' id='word_1_89' title='bbox 1134 1052 1214 1105; x_wconf 75' lang='grc'><strong><em>10,</em></strong></span> <span class='ocrx_word' id='word_1_90' title='bbox 1250 1051 1608 1105; x_wconf 81' lang='grc' dir='ltr'><strong><em>καταλέλοιπε</em></strong></span> <span class='ocrx_word' id='word_1_91' title='bbox 1633 1050 1724 1105; x_wconf 84' lang='grc' dir='ltr'><strong><em>καὶ</em></strong></span> 
     </span>
     <span class='ocr_line' id='line_1_13' title="bbox 102 1129 1726 1205; baseline 0.001 -16"><span class='ocrx_word' id='word_1_92' title='bbox 102 1131 434 1205; x_wconf 77' lang='grc' dir='ltr'><strong><em>“ἐπιστολὴν</em></strong></span> <span class='ocrx_word' id='word_1_93' title='bbox 463 1131 613 1190; x_wconf 90' lang='grc' dir='ltr'><strong><em>πάνυ</em></strong></span> <span class='ocrx_word' id='word_1_94' title='bbox 643 1129 848 1205; x_wconf 80' lang='grc' dir='ltr'><strong><em>ὀλίγων</em></strong></span> <span class='ocrx_word' id='word_1_95' title='bbox 879 1140 1102 1205; x_wconf 80' lang='grc' dir='ltr'><strong><em>στίχων,</em></strong></span> <span class='ocrx_word' id='word_1_96' title='bbox 1144 1138 1281 1189; x_wconf 82' lang='grc' dir='ltr'><strong><em>ἔστω</em></strong></span> <span class='ocrx_word' id='word_1_97' title='bbox 1316 1133 1378 1189; x_wconf 73' lang='grc' dir='ltr'><strong><em>δὲ</em></strong></span> <span class='ocrx_word' id='word_1_98' title='bbox 1409 1134 1498 1189; x_wconf 81' lang='grc' dir='ltr'><strong><em>καὶ</em></strong></span> <span class='ocrx_word' id='word_1_99' title='bbox 1535 1135 1726 1190; x_wconf 83' lang='grc' dir='ltr'><strong><em>δευτέ-</em></strong></span> 
     </span>
     <span class='ocr_line' id='line_1_14' title="bbox 105 1213 1725 1292; baseline -0.001 -18"><span class='ocrx_word' id='word_1_100' title='bbox 105 1213 246 1290; x_wconf 72' lang='grc' dir='ltr'><strong><em>“ραν</em></strong></span> <span class='ocrx_word' id='word_1_101' title='bbox 276 1219 366 1274; x_wconf 83' lang='grc' dir='ltr'><strong><em>καὶ</em></strong></span> <span class='ocrx_word' id='word_1_102' title='bbox 397 1223 614 1292; x_wconf 88' lang='grc' dir='ltr'><strong><em>τρίτην·</em></strong></span> <span class='ocrx_word' id='word_1_103' title='bbox 650 1219 764 1274; x_wconf 78' lang='grc' dir='ltr'><strong><em>ἐπεὶ</em></strong></span> <span class='ocrx_word' id='word_1_104' title='bbox 799 1214 865 1274; x_wconf 78' lang='grc' dir='ltr'><strong><em>οὐ</em></strong></span> <span class='ocrx_word' id='word_1_105' title='bbox 897 1216 1099 1284; x_wconf 85' lang='grc' dir='ltr'><strong><em>πάντες</em></strong></span> <span class='ocrx_word' id='word_1_106' title='bbox 1130 1219 1267 1290; x_wconf 86' lang='grc' dir='ltr'><strong><em>φασὶ</em></strong></span> <span class='ocrx_word' id='word_1_107' title='bbox 1294 1223 1557 1290; x_wconf 82' lang='grc' dir='ltr'><strong><em>γνησίους</em></strong></span> <span class='ocrx_word' id='word_1_108' title='bbox 1583 1217 1725 1275; x_wconf 83' lang='grc' dir='ltr'><strong><em>εἶναι</em></strong></span> 
     </span>
     <span class='ocr_line' id='line_1_15' title="bbox 103 1297 1723 1375; baseline -0.001 -16"><span class='ocrx_word' id='word_1_109' title='bbox 103 1300 367 1368; x_wconf 80' lang='grc' dir='ltr'><strong><em>“ταυ’τας·</em></strong></span> <span class='ocrx_word' id='word_1_110' title='bbox 411 1301 558 1375; x_wconf 84' lang='grc' dir='ltr'><strong><em>πλὴν</em></strong></span> <span class='ocrx_word' id='word_1_111' title='bbox 596 1297 697 1358; x_wconf 74' lang='grc' dir='ltr'><strong><em>οὐκ</em></strong></span> <span class='ocrx_word' id='word_1_112' title='bbox 738 1304 846 1359; x_wconf 88' lang='grc' dir='ltr'><strong><em>εἰσὶ</em></strong></span> <span class='ocrx_word' id='word_1_113' title='bbox 888 1308 1094 1374; x_wconf 88' lang='grc' dir='ltr'><strong><em>στίχων</em></strong></span> <span class='ocrx_word' id='word_1_114' title='bbox 1133 1298 1439 1374; x_wconf 79' lang='grc' dir='ltr'><strong><em>ἀμφότεραι</em></strong></span> <span class='ocrx_word' id='word_1_115' title='bbox 1481 1298 1723 1358; x_wconf 82' lang='grc' dir='ltr'><strong><em>ἑκατόν.”</em></strong></span> 
     </span>
     <span class='ocr_line' id='line_1_16' title="bbox 115 1381 1790 1461; baseline 0 -18"><span class='ocrx_word' id='word_1_116' title='bbox 115 1388 201 1443; x_wconf 90' lang='grc'><strong><em>11.</em></strong></span> <span class='ocrx_word' id='word_1_117' title='bbox 239 1392 316 1443; x_wconf 80' lang='grc' dir='ltr'><strong><em>ἔτι</em></strong></span> <span class='ocrx_word' id='word_1_118' title='bbox 347 1385 482 1459; x_wconf 88' lang='grc' dir='ltr'><strong><em>πρὸς</em></strong></span> <span class='ocrx_word' id='word_1_119' title='bbox 513 1385 724 1451; x_wconf 81' lang='grc' dir='ltr'><strong><em>τούτοις</em></strong></span> <span class='ocrx_word' id='word_1_120' title='bbox 755 1389 882 1459; x_wconf 86' lang='grc' dir='ltr'><strong><em>περὶ</em></strong></span> <span class='ocrx_word' id='word_1_121' title='bbox 912 1389 1007 1458; x_wconf 80' lang='grc' dir='ltr'><strong><em>τῆς</em></strong></span> <span class='ocrx_word' id='word_1_122' title='bbox 1038 1383 1173 1458; x_wconf 80' lang='grc' dir='ltr'><strong><em>πρὸς</em></strong></span> <span class='ocrx_word' id='word_1_123' title='bbox 1191 1381 1479 1461; x_wconf 81' lang='grc' dir='ltr'><strong><em>Ἐβραίους</em></strong></span> <span class='ocrx_word' id='word_1_124' title='bbox 1512 1389 1724 1444; x_wconf 86' lang='grc' dir='ltr'><strong><em>ἐπιστο-</em></strong></span> <span class='ocrx_word' id='word_1_125' title='bbox 1748 1403 1790 1435; x_wconf 79' lang='lat'><strong><em>15</em></strong></span> 
     </span>
     <span class='ocr_line' id='line_1_17' title="bbox 85 1469 1723 1544; baseline 0.001 -17"><span class='ocrx_word' id='word_1_126' title='bbox 85 1475 210 1542; x_wconf 74' lang='grc' dir='ltr'><strong><em>’λῆς</em></strong></span> <span class='ocrx_word' id='word_1_127' title='bbox 263 1474 323 1527; x_wconf 83' lang='grc' dir='ltr'><strong><em>ἐν</em></strong></span> <span class='ocrx_word' id='word_1_128' title='bbox 373 1484 492 1539; x_wconf 83' lang='grc' dir='ltr'><strong><em>ταῖς</em></strong></span> <span class='ocrx_word' id='word_1_129' title='bbox 535 1476 612 1538; x_wconf 87' lang='grc' dir='ltr'><strong><em>εἰς</em></strong></span> <span class='ocrx_word' id='word_1_130' title='bbox 654 1469 831 1543; x_wconf 78' lang='grc' dir='ltr'><strong><em>αὐτὴν</em></strong></span> <span class='ocrx_word' id='word_1_131' title='bbox 870 1470 1108 1543; x_wconf 85' lang='grc' dir='ltr'><strong><em>ὁμιλίαις</em></strong></span> <span class='ocrx_word' id='word_1_132' title='bbox 1148 1476 1319 1527; x_wconf 84' lang='grc' dir='ltr'><strong><em>ταῦτα</em></strong></span> <span class='ocrx_word' id='word_1_133' title='bbox 1359 1469 1723 1544; x_wconf 78' lang='grc' dir='ltr'><strong><em>διαλαμβάνει</em></strong></span> 
     </span>
     <span class='ocr_line' id='line_1_18' title="bbox 107 1551 1727 1629; baseline 0.001 -18"><span class='ocrx_word' id='word_1_134' title='bbox 107 1551 224 1612; x_wconf 62' lang='lat' dir='ltr'><strong><em>“gn</em></strong></span> <span class='ocrx_word' id='word_1_135' title='bbox 263 1553 291 1611; x_wconf 88' lang='grc' dir='ltr'>ὁ</span> <span class='ocrx_word' id='word_1_136' title='bbox 331 1555 610 1628; x_wconf 85' lang='grc' dir='ltr'><strong><em>χαρακτὴρ</em></strong></span> <span class='ocrx_word' id='word_1_137' title='bbox 650 1561 746 1626; x_wconf 85' lang='grc' dir='ltr'><strong><em>τῆς</em></strong></span> <span class='ocrx_word' id='word_1_138' title='bbox 777 1557 972 1622; x_wconf 80' lang='grc' dir='ltr'><strong><em>λέξεως</em></strong></span> <span class='ocrx_word' id='word_1_139' title='bbox 1002 1557 1098 1626; x_wconf 85' lang='grc' dir='ltr'><strong><em>τῆς</em></strong></span> <span class='ocrx_word' id='word_1_140' title='bbox 1129 1552 1263 1629; x_wconf 83' lang='grc' dir='ltr'><strong><em>πρὸς</em></strong></span> <span class='ocrx_word' id='word_1_141' title='bbox 1287 1554 1574 1628; x_wconf 85' lang='grc' dir='ltr'><strong><em>Ἑβραίους</em></strong></span> <span class='ocrx_word' id='word_1_142' title='bbox 1607 1559 1727 1612; x_wconf 89' lang='grc' dir='ltr'><strong><em>ἐπι-</em></strong></span> 
     </span>
     <span class='ocr_line' id='line_1_19' title="bbox 107 1635 1723 1716; baseline 0 -20"><span class='ocrx_word' id='word_1_143' title='bbox 107 1635 524 1713; x_wconf 74' lang='grc' dir='ltr'><strong><em>“γεγραμμένης</em></strong></span> <span class='ocrx_word' id='word_1_144' title='bbox 568 1642 857 1713; x_wconf 86' lang='grc' dir='ltr'><strong><em>ἐπιστολῆς</em></strong></span> <span class='ocrx_word' id='word_1_145' title='bbox 896 1637 998 1697; x_wconf 79' lang='grc' dir='ltr'><strong><em>οὐκ</em></strong></span> <span class='ocrx_word' id='word_1_146' title='bbox 1039 1645 1145 1712; x_wconf 82' lang='grc' dir='ltr'><strong><em>ἔχει</em></strong></span> <span class='ocrx_word' id='word_1_147' title='bbox 1187 1636 1246 1695; x_wconf 87' lang='grc' dir='ltr'>τὸ</span> <span class='ocrx_word' id='word_1_148' title='bbox 1289 1642 1349 1696; x_wconf 84' lang='grc' dir='ltr'><strong><em>ἐν</em></strong></span> <span class='ocrx_word' id='word_1_149' title='bbox 1389 1637 1533 1716; x_wconf 78' lang='grc' dir='ltr'><strong><em>λόγῳ</em></strong></span> <span class='ocrx_word' id='word_1_150' title='bbox 1567 1645 1723 1696; x_wconf 85' lang='grc' dir='ltr'><strong><em>ἰδιω-</em></strong></span> 
     </span>
     <span class='ocr_line' id='line_1_20' title="bbox 106 1721 1729 1797; baseline -0.001 -15.978"><span class='ocrx_word' id='word_1_151' title='bbox 106 1723 294 1781; x_wconf 82' lang='grc' dir='ltr'><strong><em>“τικὸν</em></strong></span> <span class='ocrx_word' id='word_1_152' title='bbox 317 1727 415 1781; x_wconf 86' lang='grc' dir='ltr'><strong><em>τοῦ</em></strong></span> <span class='ocrx_word' id='word_1_153' title='bbox 443 1721 772 1797; x_wconf 85' lang='grc' dir='ltr'><strong><em>ἀποστόλου,</em></strong></span> <span class='ocrx_word' id='word_1_154' title='bbox 805 1722 1245 1797; x_wconf 84' lang='grc' dir='ltr'><strong><em>ὁμολογήσαντος</em></strong></span> <span class='ocrx_word' id='word_1_155' title='bbox 1271 1722 1473 1781; x_wconf 80' lang='grc' dir='ltr'><strong><em>ἑαυτὸν</em></strong></span> <span class='ocrx_word' id='word_1_156' title='bbox 1497 1723 1729 1796; x_wconf 79' lang='grc' dir='ltr'><strong><em>ἰδιώτην</em></strong></span> 
     </span>
     <span class='ocr_line' id='line_1_21' title="bbox 108 1804 1792 1886; baseline 0 -21"><span class='ocrx_word' id='word_1_157' title='bbox 108 1804 287 1866; x_wconf 75' lang='grc' dir='ltr'><strong><em>“εἷναι</em></strong></span> <span class='ocrx_word' id='word_1_158' title='bbox 329 1811 405 1884; x_wconf 78' lang='grc' dir='ltr'><strong><em>τῷ</em></strong></span> <span class='ocrx_word' id='word_1_159' title='bbox 447 1807 621 1886; x_wconf 90' lang='grc' dir='ltr'><strong><em>λόγω,</em></strong></span> <span class='ocrx_word' id='word_1_160' title='bbox 664 1811 909 1866; x_wconf 85' lang='grc' dir='ltr'><strong><em>τουτέστι</em></strong></span> <span class='ocrx_word' id='word_1_161' title='bbox 949 1812 1018 1882; x_wconf 82' lang='grc' dir='ltr'><strong><em>τῇ</em></strong></span> <span class='ocrx_word' id='word_1_162' title='bbox 1057 1806 1286 1880; x_wconf 89' lang='grc' dir='ltr'><strong><em>φράσει,</em></strong></span> <span class='ocrx_word' id='word_1_163' title='bbox 1328 1805 1467 1864; x_wconf 86' lang='grc' dir='ltr'><strong><em>ἀλλά</em></strong></span> <span class='ocrx_word' id='word_1_164' title='bbox 1510 1812 1660 1865; x_wconf 90' lang='grc' dir='ltr'><strong><em>ἐστιν</em></strong></span> <span class='ocrx_word' id='word_1_165' title='bbox 1692 1806 1724 1879; x_wconf 85' lang='grc' dir='ltr'><em>ἡ</em></span> <span class='ocrx_word' id='word_1_166' title='bbox 1748 1825 1792 1856; x_wconf 82' lang='lat'><strong><em>20</em></strong></span> 
     </span>
     <span class='ocr_line' id='line_1_22' title="bbox 108 1888 1725 1966; baseline -0.001 -16"><span class='ocrx_word' id='word_1_167' title='bbox 108 1889 403 1964; x_wconf 77' lang='grc' dir='ltr'><strong><em>“ἐπιστολὴ</em></strong></span> <span class='ocrx_word' id='word_1_168' title='bbox 439 1896 706 1951; x_wconf 82' lang='grc' dir='ltr'><strong><em>συνθέσει</em></strong></span> <span class='ocrx_word' id='word_1_169' title='bbox 729 1897 824 1966; x_wconf 84' lang='grc' dir='ltr'><strong><em>τῆς</em></strong></span> <span class='ocrx_word' id='word_1_170' title='bbox 855 1896 1052 1961; x_wconf 83' lang='grc' dir='ltr'><strong><em>λέξεως</em></strong></span> <span class='ocrx_word' id='word_1_171' title='bbox 1077 1891 1527 1966; x_wconf 80' lang='grc' dir='ltr'><strong><em>Ελληνικωτέρα,</em></strong></span> <span class='ocrx_word' id='word_1_172' title='bbox 1561 1898 1667 1959; x_wconf 84' lang='grc' dir='ltr'><strong><em>πᾶς</em></strong></span> <span class='ocrx_word' id='word_1_173' title='bbox 1696 1888 1725 1948; x_wconf 89' lang='grc' dir='ltr'>ὁ</span> 
     </span>
     <span class='ocr_line' id='line_1_23' title="bbox 108 1973 1727 2052; baseline -0.001 -18"><span class='ocrx_word' id='word_1_174' title='bbox 108 1973 503 2050; x_wconf 71' lang='grc' dir='ltr'><strong><em>“ἐπιστάμενος</em></strong></span> <span class='ocrx_word' id='word_1_175' title='bbox 542 1985 756 2052; x_wconf 81' lang='grc' dir='ltr'><strong><em>κρίνειν</em></strong></span> <span class='ocrx_word' id='word_1_176' title='bbox 794 1976 1057 2051; x_wconf 89' lang='grc' dir='ltr'><strong><em>φράσεων</em></strong></span> <span class='ocrx_word' id='word_1_177' title='bbox 1090 1975 1359 2052; x_wconf 77' lang='grc' dir='ltr'><strong><em>διαφοράς</em></strong></span> <span class='ocrx_word' id='word_1_178' title='bbox 1390 1973 1727 2050; x_wconf 82' lang='grc' dir='ltr'><strong><em>ὁμολογήσαι</em></strong></span> 
     </span>
     <span class='ocr_line' id='line_1_24' title="bbox 107 2058 1728 2134; baseline 0.001 -17"><span class='ocrx_word' id='word_1_179' title='bbox 107 2058 231 2118; x_wconf 78' lang='grc' dir='ltr'><strong><em>“αν.</em></strong></span> <span class='ocrx_word' id='word_1_180' title='bbox 298 2065 378 2118; x_wconf 82' lang='grc'><strong><em>12.</em></strong></span> <span class='ocrx_word' id='word_1_181' title='bbox 415 2060 583 2119; x_wconf 89' lang='grc' dir='ltr'><strong><em>πάλιν</em></strong></span> <span class='ocrx_word' id='word_1_182' title='bbox 623 2087 681 2121; x_wconf 91' lang='grc' dir='ltr'><strong><em>τε</em></strong></span> <span class='ocrx_word' id='word_1_183' title='bbox 722 2086 794 2118; x_wconf 92' lang='grc' dir='ltr'><strong><em>αυ</em></strong></span> <span class='ocrx_word' id='word_1_184' title='bbox 825 2087 910 2119; x_wconf 92' lang='grc' dir='ltr'><strong><em>οτι</em></strong></span> <span class='ocrx_word' id='word_1_185' title='bbox 940 2087 1006 2119; x_wconf 92' lang='grc' dir='ltr'><strong><em>τα</em></strong></span> <span class='ocrx_word' id='word_1_186' title='bbox 1037 2062 1283 2134; x_wconf 88' lang='grc' dir='ltr'><strong><em>νοήματα</em></strong></span> <span class='ocrx_word' id='word_1_187' title='bbox 1314 2064 1410 2133; x_wconf 78' lang='grc' dir='ltr'><strong><em>τῆς</em></strong></span> <span class='ocrx_word' id='word_1_188' title='bbox 1443 2065 1728 2132; x_wconf 87' lang='grc' dir='ltr'><strong><em>ἐπιστολῆς</em></strong></span> 
     </span>
     <span class='ocr_line' id='line_1_25' title="bbox 108 2143 1729 2220; baseline -0.001 -17"><span class='ocrx_word' id='word_1_189' title='bbox 108 2143 440 2219; x_wconf 79' lang='grc' dir='ltr'><strong><em>“θανμάσιά</em></strong></span> <span class='ocrx_word' id='word_1_190' title='bbox 486 2150 626 2220; x_wconf 89' lang='grc' dir='ltr'><strong><em>ἐστι,</em></strong></span> <span class='ocrx_word' id='word_1_191' title='bbox 680 2148 771 2204; x_wconf 83' lang='grc' dir='ltr'><strong><em>καὶ</em></strong></span> <span class='ocrx_word' id='word_1_192' title='bbox 816 2145 882 2204; x_wconf 83' lang='grc' dir='ltr'><strong><em>οὐ</em></strong></span> <span class='ocrx_word' id='word_1_193' title='bbox 927 2146 1159 2219; x_wconf 81' lang='grc' dir='ltr'><strong><em>δεύτερα</em></strong></span> <span class='ocrx_word' id='word_1_194' title='bbox 1198 2152 1311 2204; x_wconf 77' lang='grc' dir='ltr'><strong><em>τῶν</em></strong></span> <span class='ocrx_word' id='word_1_195' title='bbox 1349 2145 1729 2203; x_wconf 83' lang='grc' dir='ltr'><strong><em>ἀποστολικων</em></strong></span> 
     </span>
     <span class='ocr_line' id='line_1_26' title="bbox 111 2225 1791 2333; baseline -0.001 -45"><span class='ocrx_word' id='word_1_196' title='bbox 111 2225 605 2305; x_wconf 35' lang='grc' dir='ltr'><strong><em>ε’ὁμολογουμένων</em></strong></span> <span class='ocrx_word' id='word_1_197' title='bbox 634 2232 989 2305; x_wconf 89' lang='grc' dir='ltr'><strong><em>γραμμάτων,</em></strong></span> <span class='ocrx_word' id='word_1_198' title='bbox 1023 2233 1115 2288; x_wconf 85' lang='grc' dir='ltr'><strong><em>καὶ</em></strong></span> <span class='ocrx_word' id='word_1_199' title='bbox 1145 2237 1305 2289; x_wconf 85' lang='grc' dir='ltr'><strong><em>τοῦτο</em></strong></span> <span class='ocrx_word' id='word_1_200' title='bbox 1336 2229 1406 2287; x_wconf 74' lang='grc' dir='ltr'><strong><em>ἂν</em></strong></span> <span class='ocrx_word' id='word_1_201' title='bbox 1437 2229 1726 2333; x_wconf 82' lang='grc' dir='ltr'><strong><em>συμφήσαι</em></strong></span> <span class='ocrx_word' id='word_1_202' title='bbox 1749 2244 1791 2277; x_wconf 82' lang='lat'><strong><em>25</em></strong></span> 
     </span>
     <span class='ocr_line' id='line_1_27' title="bbox 111 2313 1730 2422; baseline -0.001 -50"><span class='ocrx_word' id='word_1_203' title='bbox 111 2313 293 2372; x_wconf 80' lang='grc' dir='ltr'><strong><em>“εἶναι</em></strong></span> <span class='ocrx_word' id='word_1_204' title='bbox 323 2313 530 2388; x_wconf 73' lang='grc' dir='ltr'><strong><em>ἀληθές</em></strong></span> <span class='ocrx_word' id='word_1_205' title='bbox 560 2321 665 2383; x_wconf 79' lang='grc' dir='ltr'><strong><em>πᾶς</em></strong></span> <span class='ocrx_word' id='word_1_206' title='bbox 696 2316 725 2374; x_wconf 88' lang='grc' dir='ltr'>ὁ</span> <span class='ocrx_word' id='word_1_207' title='bbox 755 2318 1042 2389; x_wconf 87' lang='grc' dir='ltr'><strong><em>προσέχων</em></strong></span> <span class='ocrx_word' id='word_1_208' title='bbox 1072 2318 1141 2389; x_wconf 80' lang='grc' dir='ltr'><strong><em>τῇ</em></strong></span> <span class='ocrx_word' id='word_1_209' title='bbox 1169 2314 1484 2422; x_wconf 72' lang='grc' dir='ltr'><strong><em>ἀναγνώσει</em></strong></span> <span class='ocrx_word' id='word_1_210' title='bbox 1506 2318 1574 2389; x_wconf 79' lang='grc' dir='ltr'><strong><em>τῇ</em></strong></span> <span class='ocrx_word' id='word_1_211' title='bbox 1597 2314 1730 2372; x_wconf 88' lang='grc' dir='ltr'><strong><em>ἀπο-</em></strong></span> 
     </span>
     <span class='ocr_line' id='line_1_28' title="bbox 112 2397 1731 2506; baseline -0.001 -48"><span class='ocrx_word' id='word_1_212' title='bbox 112 2397 388 2472; x_wconf 80' lang='grc' dir='ltr'><strong><em>“στολικῇ.</em></strong></span> <span class='ocrx_word' id='word_1_213' title='bbox 389 2397 417 2419; x_wconf 85' lang='grc'>”</span> <span class='ocrx_word' id='word_1_214' title='bbox 505 2405 586 2457; x_wconf 80' lang='lat'><strong><em>13.</em></strong></span> <span class='ocrx_word' id='word_1_215' title='bbox 626 2399 840 2467; x_wconf 83' lang='grc' dir='ltr'><strong><em>τούτοις</em></strong></span> <span class='ocrx_word' id='word_1_216' title='bbox 884 2399 1014 2474; x_wconf 81' lang='grc' dir='ltr'><strong><em>μεθ’</em></strong></span> <span class='ocrx_word' id='word_1_217' title='bbox 1063 2403 1222 2473; x_wconf 83' lang='grc' dir='ltr'><strong><em>ε’τερα</em></strong></span> <span class='ocrx_word' id='word_1_218' title='bbox 1246 2402 1522 2506; x_wconf 85' lang='grc' dir='ltr'><strong><em>ἐπιφέρει</em></strong></span> <span class='ocrx_word' id='word_1_219' title='bbox 1554 2401 1731 2472; x_wconf 85' lang='grc' dir='ltr'><strong><em>λέγων</em></strong></span> 
     </span>
     <span class='ocr_line' id='line_1_29' title="bbox 113 2479 1732 2558; baseline 0.001 -19"><span class='ocrx_word' id='word_1_220' title='bbox 113 2479 257 2556; x_wconf 80' lang='grc' dir='ltr'><strong><em>“ἐγώ</em></strong></span> <span class='ocrx_word' id='word_1_221' title='bbox 304 2486 365 2541; x_wconf 88' lang='grc' dir='ltr'><strong><em>δε</em></strong></span> <span class='ocrx_word' id='word_1_222' title='bbox 406 2482 851 2558; x_wconf 82' lang='grc' dir='ltr'><strong><em>ἀποφαινόμενος</em></strong></span> <span class='ocrx_word' id='word_1_223' title='bbox 894 2481 1098 2557; x_wconf 78' lang='grc' dir='ltr'><strong><em>εἴποιμ’</em></strong></span> <span class='ocrx_word' id='word_1_224' title='bbox 1131 2509 1202 2542; x_wconf 86' lang='grc' dir='ltr'><strong><em>αν</em></strong></span> <span class='ocrx_word' id='word_1_225' title='bbox 1243 2483 1324 2541; x_wconf 80' lang='grc' dir='ltr'><strong><em>ὅτι</em></strong></span> <span class='ocrx_word' id='word_1_226' title='bbox 1365 2508 1433 2540; x_wconf 87' lang='grc' dir='ltr'><strong><em>τα</em></strong></span> <span class='ocrx_word' id='word_1_227' title='bbox 1462 2509 1569 2557; x_wconf 85' lang='grc' dir='ltr'><strong><em>μεν</em></strong></span> <span class='ocrx_word' id='word_1_228' title='bbox 1598 2482 1732 2555; x_wconf 79' lang='grc' dir='ltr'><em>νοή-</em></span> 
     </span>
     <span class='ocr_line' id='line_1_30' title="bbox 114 2564 1730 2643; baseline -0.001 -18"><span class='ocrx_word' id='word_1_229' title='bbox 114 2566 290 2641; x_wconf 75' lang='grc' dir='ltr'><strong><em>“ματα</em></strong></span> <span class='ocrx_word' id='word_1_230' title='bbox 330 2572 431 2626; x_wconf 83' lang='grc' dir='ltr'><strong><em>τοῦ</em></strong></span> <span class='ocrx_word' id='word_1_231' title='bbox 460 2566 769 2627; x_wconf 79' lang='grc' dir='ltr'><strong><em>ἀποστόλου</em></strong></span> <span class='ocrx_word' id='word_1_232' title='bbox 802 2571 978 2642; x_wconf 85' lang='grc' dir='ltr'><strong><em>ἐστὶν,</em></strong></span> <span class='ocrx_word' id='word_1_233' title='bbox 1020 2565 1052 2641; x_wconf 82' lang='grc' dir='ltr'><em>ἡ</em></span> <span class='ocrx_word' id='word_1_234' title='bbox 1086 2568 1147 2626; x_wconf 91' lang='grc' dir='ltr'><strong><em>δε</em></strong></span> <span class='ocrx_word' id='word_1_235' title='bbox 1178 2567 1381 2643; x_wconf 89' lang='grc' dir='ltr'><strong><em>φράσις</em></strong></span> <span class='ocrx_word' id='word_1_236' title='bbox 1413 2570 1504 2625; x_wconf 82' lang='grc' dir='ltr'><strong><em>καὶ</em></strong></span> <span class='ocrx_word' id='word_1_237' title='bbox 1535 2564 1568 2641; x_wconf 80' lang='grc' dir='ltr'>ἡ</span> <span class='ocrx_word' id='word_1_238' title='bbox 1599 2566 1730 2624; x_wconf 82' lang='grc' dir='ltr'><strong><em>σύν-</em></strong></span> 
     </span>
    </p>
   </div>
   <div class='ocr_carea' id='block_1_3' title="bbox 122 2680 458 2686">
    <p class='ocr_par' dir='ltr' id='par_1_3' title="bbox 122 2680 458 2686">
     <span class='ocr_line' id='line_1_31' title="bbox 122 2680 458 2686; baseline 0 0"><span class='ocrx_word' id='word_1_239' title='bbox 122 2680 458 2686; x_wconf 95' lang='lat' dir='ltr'><strong><em> </em></strong></span> 
     </span>
    </p>
   </div>
   <div class='ocr_carea' id='block_1_4' title="bbox 125 2733 1728 2900">
    <p class='ocr_par' dir='ltr' id='par_1_4' title="bbox 125 2733 1728 2900">
     <span class='ocr_line' id='line_1_32' title="bbox 234 2733 1728 2787; baseline -0.002 -11"><span class='ocrx_word' id='word_1_240' title='bbox 234 2738 259 2776; x_wconf 87' lang='grc'><strong><em>3</em></strong></span> <span class='ocrx_word' id='word_1_241' title='bbox 289 2736 453 2776; x_wconf 73' lang='lat' dir='ltr'><strong>Matth.</strong></span> <span class='ocrx_word' id='word_1_242' title='bbox 488 2737 552 2784; x_wconf 88' lang='grc'><strong><em>16,</em></strong></span> <span class='ocrx_word' id='word_1_243' title='bbox 591 2737 656 2776; x_wconf 88' lang='grc'><strong><em>18.</em></strong></span> <span class='ocrx_word' id='word_1_244' title='bbox 789 2735 814 2774; x_wconf 92' lang='grc'>8</span> <span class='ocrx_word' id='word_1_245' title='bbox 846 2735 1004 2775; x_wconf 80' lang='lat' dir='ltr'>Ioann.</span> <span class='ocrx_word' id='word_1_246' title='bbox 1039 2736 1105 2784; x_wconf 82' lang='lat'><strong><em>21,</em></strong></span> <span class='ocrx_word' id='word_1_247' title='bbox 1138 2736 1205 2776; x_wconf 79' lang='lat'><strong><em>25.</em></strong></span> <span class='ocrx_word' id='word_1_248' title='bbox 1333 2736 1384 2774; x_wconf 85' lang='lat'><strong><em>10</em></strong></span> <span class='ocrx_word' id='word_1_249' title='bbox 1415 2734 1554 2787; x_wconf 86' lang='lat' dir='ltr'>Apoc.</span> <span class='ocrx_word' id='word_1_250' title='bbox 1591 2735 1656 2783; x_wconf 87' lang='lat'><strong><em>10,</em></strong></span> <span class='ocrx_word' id='word_1_251' title='bbox 1688 2733 1728 2773; x_wconf 85' lang='lat'><strong><em>4.</em></strong></span> 
     </span>
     <span class='ocr_line' id='line_1_33' title="bbox 238 2789 1726 2846; baseline -0.003 -15"><span class='ocrx_word' id='word_1_252' title='bbox 238 2793 289 2832; x_wconf 89' lang='grc'><strong><em>16</em></strong></span> <span class='ocrx_word' id='word_1_253' title='bbox 321 2792 546 2846; x_wconf 86' lang='lat' dir='ltr'>Origenes</span> <span class='ocrx_word' id='word_1_254' title='bbox 587 2791 755 2832; x_wconf 88' lang='lat' dir='ltr'>Comm.</span> <span class='ocrx_word' id='word_1_255' title='bbox 798 2790 867 2830; x_wconf 87' lang='lat' dir='ltr'><strong><em>ed.</em></strong></span> <span class='ocrx_word' id='word_1_256' title='bbox 909 2791 1045 2831; x_wconf 84' lang='lat' dir='ltr'>Huet.</span> <span class='ocrx_word' id='word_1_257' title='bbox 1086 2790 1176 2831; x_wconf 90' lang='lat' dir='ltr'><strong>vol.</strong></span> <span class='ocrx_word' id='word_1_258' title='bbox 1209 2791 1254 2830; x_wconf 92' lang='lat'><strong><em>11</em></strong></span> <span class='ocrx_word' id='word_1_259' title='bbox 1292 2804 1335 2843; x_wconf 89' lang='lat' dir='ltr'><strong><em>p.</em></strong></span> <span class='ocrx_word' id='word_1_260' title='bbox 1369 2792 1452 2832; x_wconf 84' lang='lat'><strong><em>430</em></strong></span> <span class='ocrx_word' id='word_1_261' title='bbox 1485 2789 1542 2842; x_wconf 91' lang='lat' dir='ltr'><strong><em>(V</em></strong></span> <span class='ocrx_word' id='word_1_262' title='bbox 1575 2803 1617 2841; x_wconf 91' lang='lat' dir='ltr'><strong><em>p.</em></strong></span> <span class='ocrx_word' id='word_1_263' title='bbox 1649 2790 1726 2829; x_wconf 80' lang='lat'><strong><em>301</em></strong></span> 
     </span>
     <span class='ocr_line' id='line_1_34' title="bbox 125 2846 866 2900; baseline 0 -13"><span class='ocrx_word' id='word_1_264' title='bbox 125 2846 329 2900; x_wconf 84' lang='lat' dir='ltr'>Lomm.).</span> <span class='ocrx_word' id='word_1_265' title='bbox 450 2850 500 2888; x_wconf 84' lang='lat'><strong><em>19</em></strong></span> <span class='ocrx_word' id='word_1_266' title='bbox 533 2851 556 2887; x_wconf 75' lang='lat'><strong>2</strong></span> <span class='ocrx_word' id='word_1_267' title='bbox 590 2848 692 2891; x_wconf 87' lang='lat' dir='ltr'><strong>Cor.</strong></span> <span class='ocrx_word' id='word_1_268' title='bbox 728 2849 793 2899; x_wconf 90' lang='grc'><strong><em>11,</em></strong></span> <span class='ocrx_word' id='word_1_269' title='bbox 826 2848 866 2887; x_wconf 90' lang='grc'><strong><em>6.</em></strong></span> 
     </span>
    </p>
   </div>
  </div>
 </body>
</html>
