2032 3174
623 118 780 160 HIST
810 117 1059 160 ECCLES
1090 119 1126 162 1
1162 121 1198 158 1.
1690 118 1722 169 3

112 241 203 295 καὶ
230 233 626 309 ωφελιμωτοὶτη
646 248 760 301 τοῖς
782 239 1082 334 φιλοτίμως
1109 234 1234 305 περὶ
1260 230 1318 289 τὸ
1341 237 1722 306 χρηστομαθες

110 328 204 394 τῆς
237 326 480 395 ἱστορίας
511 323 734 392 ἔχουσιν
764 315 1198 392 αναφανήσεται.
1265 321 1312 374 G.
1344 315 1458 390 ἤδη
1487 341 1590 390 μεν
1620 321 1722 376 οὐν

110 404 319 464 τούτων
350 406 443 461 καὶ
472 403 742 477 πρότερον
774 405 833 461 ἐν
862 400 943 468 οἷς
990 398 1416 473 διετυπωσοὲμην
1446 418 1722 475 χρονικοις

109 487 340 547 κανόσιν
373 487 635 562 ἐπιτομὴν
665 485 1100 559 κατεστησάμην,
1133 483 1514 558 πληρεστάτην
1538 485 1587 542 δ’
1618 489 1722 544 οὖν

109 571 256 647 ὅμως
286 570 469 631 αὐτῶν
501 575 588 630 ἐπὶ
619 577 716 631 τοῦ
756 569 1027 646 παρόντος
1059 568 1331 643 ὡρμήθην
1369 569 1473 641 τὴν
1502 566 1722 643 αφήγη-

110 677 200 716 σιν
230 656 584 730 ποιήσασθαι.
659 661 702 713 7.
737 658 828 713 καὶ
869 653 1094 729 ἅρξεταί
1128 656 1196 726 γε’
1232 678 1321 726 μοι
1350 652 1378 710 ὃ
1412 652 1603 728 λόγος,
1646 655 1722 723 ὡς

110 750 281 815 ὲφην,
345 739 452 798 ἀπὸ
511 745 606 813 τῆς
667 764 804 797 κατα
865 738 961 796 τὸν
1027 737 1268 813 Χριστὸν
1328 740 1722 814 ἐπινοουμένης

107 825 448 899 ὑψηλοτέρας
472 849 531 882 τε
555 826 647 881 καὶ
679 830 990 899 κρείττονος
1021 820 1057 895 ἢ
1081 822 1218 881 κατὰ
1239 819 1547 895 ἄνθρωπον
1578 831 1722 882 οἰκο-

107 917 301 984 νομίας
331 933 389 967 τε
428 913 520 966 καὶ
550 915 858 981 θεολογίας.
921 914 967 966 8.
1002 910 1095 964 καὶ
1123 905 1230 982 γὰρ
1261 898 1364 964 οῦν
1402 906 1500 964 τὸν
1531 912 1722 982 γραφῇ

105 996 372 1068 μέλλοντα
420 996 515 1066 τῆς
577 995 1025 1066 ἐκκλησιαστικῆς
1075 990 1410 1064 ὑφηγήσεως
1461 992 1720 1064 παραδώ-

107 1099 226 1137 σειν
275 1076 376 1151 τὴν
437 1082 719 1151 ἱστορίαν,
783 1075 1009 1135 ἄνωθεν
1065 1080 1124 1134 έκ
1177 1074 1397 1150 πρώτης
1449 1081 1544 1148 τῆς
1598 1075 1719 1134 κατ’

106 1161 276 1221 αὐτὸν
315 1161 414 1221 τὸν
442 1164 712 1236 Χριστὸν,
756 1160 838 1219 ὅτι
868 1185 973 1237 περ
1006 1165 1060 1229 ἐξ
1102 1158 1276 1218 αὐτοῦ
1305 1161 1398 1218 καὶ
1430 1178 1720 1233 προσωνυ-

105 1253 232 1321 μίας
271 1245 619 1320 ἠξιώθημεν,
660 1249 946 1320 θειοτέρας
987 1243 1023 1319 ἢ
1063 1244 1201 1304 κατὰ
1245 1243 1305 1302 τὸ
1362 1249 1566 1301 δοκοῦν
1605 1261 1720 1313 τοῖς

105 1339 328 1397 πολλοῖς
359 1337 674 1404 οἰκονομίας
704 1327 1011 1403 ἀναγκαῖον
1041 1324 1112 1387 ‹321›
1143 1339 1229 1402 εἴη
1260 1327 1656 1403 κατάρξασθαι.

192 1420 292 1475 ’.ΙΙ
338 1421 543 1472 Διττοῦ
575 1412 696 1472 δε”
665 1438 822 1482 οντος
853 1419 950 1471 τοῦ
981 1413 1100 1472 κατ’
1136 1411 1307 1472 αὐτὸν
1346 1413 1582 1486 τρόπον,
1625 1418 1719 1472 καὶ

107 1506 202 1558 τοῦ
229 1500 333 1571 μὲν
363 1497 610 1572 σώματος
643 1497 879 1565 ἐοικότος
909 1504 1143 1572 κεφαλῇ,
1176 1490 1214 1571 ᾗ
1240 1497 1374 1562 θεὸς
1398 1501 1717 1571 ἐπινοειται,

104 1587 201 1641 τοῦ
226 1583 287 1639 δε
310 1585 438 1640 ποσὶ
462 1586 977 1659 παραβαλλομένου,
1002 1584 1036 1657 ᾖ
1059 1581 1157 1640 τὸν
1181 1586 1241 1639 ἐν
1256 1578 1390 1655 ημῖν
1411 1579 1719 1655 ανθρωπον

105 1667 416 1741 ὁμοιοπαθῆ
449 1671 544 1739 τῆς
574 1663 732 1740 ἡμῶν
764 1666 954 1748 αὐτῶν
986 1670 1178 1725 ἕνεκεν
1206 1665 1391 1724 ὑπέδυ
1422 1673 1714 1765 σωτηρίας,

37 1768 39 1770 ’
109 1747 311 1825 γένοιτ’
345 1775 415 1809 αν
445 1747 578 1824 ἡμῖν
610 1755 878 1810 ἐντεῦθεν
909 1750 1135 1825 έντελης
1166 1750 1200 1824 ἡ
1240 1754 1353 1809 τῶν
1383 1747 1716 1809 ακολοῦθων

102 1835 398 1908 ὑπόθεσις,
441 1842 494 1894 εἰ
530 1838 625 1908 τῆς
663 1832 787 1893 κατ’
828 1833 999 1894 αὐτὸν
1052 1841 1297 1910 ιστορίας
1348 1829 1565 1908 ἆποὶσης
1605 1834 1713 1893 απὸ

103 1926 214 1991 τῶν
253 1919 822 1992 κεφαλαιωδεστοῖτων
864 1924 955 1978 καὶ
995 1918 1353 1995 κυριωτάτων
1395 1922 1498 1978 τοῦ
1541 1916 1714 1990 λόγου

103 2003 203 2078 τὴν
242 2000 524 2077 ὑφήγησιν
563 2012 954 2078 ποιησαίμεθα.
1026 2005 1197 2078 ταύτῃ
1240 2004 1301 2060 δὲ
1339 1999 1448 2078 ἤδη
1488 2008 1580 2062 καὶ
1615 2010 1713 2077 τῆς

102 2094 450 2163 Χριστιανῶν
489 2086 843 2164 ἀρχαιότητος
880 2088 942 2148 τὸ
982 2090 1221 2150 παλαιὸν
1257 2086 1401 2162 ὁμοῦ
1449 2092 1542 2146 καὶ
1583 2097 1714 2147 θεο-

101 2173 446 2244 πρεπὲςτοῖς
474 2176 611 2232 νέαν
639 2171 816 2247 αὐτὴν
836 2177 928 2232 καὶ
952 2177 1438 2249 ἐκτετοπισμένην,
1468 2176 1603 2246 χθὲς
1621 2177 1715 2231 καὶ

103 2254 169 2314 αὖ
207 2255 479 2330 πρότερον
517 2271 795 2332 φανεῖσαν
834 2259 1333 2333 ὑπολαμβάνουσιν
1373 2255 1715 2332 ἀναδειχθή-

103 2360 271 2400 σεται.

228 2429 278 2481 2.
310 2427 519 2493 Γένους
549 2428 649 2499 μὲν
679 2419 781 2485 οῦν
804 2430 896 2486 καὶ
917 2426 1092 2501 ἀξίας,
1126 2424 1297 2501 αὐτῆς
1320 2453 1379 2486 τε
1399 2426 1593 2493 οὐσίας
1617 2430 1713 2500 τῆς

102 2511 202 2573 τοῦ
232 2513 474 2580 Χριστοῦ
506 2513 598 2567 καὶ
627 2510 850 2582 φύσεως
881 2510 1034 2580 οὔτις
1075 2510 1145 2570 ἂν
1187 2519 1264 2579 εἰς
1293 2519 1578 2587 ·ἔκφρασιν
1610 2509 1712 2568 αῦ-

101 2591 302 2666 τάρκης
332 2595 546 2665 γένοιτο
576 2593 750 2667 λόγος.
820 2588 859 2670 ᾗ
888 2600 980 2656 καὶ
1009 2597 1070 2654 τὸ
1110 2600 1328 2671 πνεῦμα
1369 2595 1429 2654 τὸ
1458 2607 1620 2654 θεῖον
1651 2599 1712 2652 ἐν

103 2684 461 2750 προφητείαις
494 2677 635 2752 ’(τὴν
686 2679 887 2752 γενεὰν
927 2678 1134 2739 αῦτοῦ”
1191 2683 1327 2754 φησὶ
1362 2677 1480 2747 “z-153
1516 2677 1711 2753 διηγή-

216 2871 268 2909 30
298 2870 386 2910 Ies.
412 2871 478 2918 53,
501 2873 540 2914 8.

1301 2943 1325 2990 1
1348 2943 1374 2973 >se

1745 1014 1785 1045 10

1743 1434 1783 1466 15

1738 1854 1779 1886 20

1738 2274 1778 2306 25

1734 2688 1774 2719 30
