1986 3152
632 89 794 130 Hls'r.
826 84 1077 132 ECCLES.
1112 89 1163 132 V.
1195 89 1261 128 28.
1646 87 1747 139 237

127 205 334 264 τεδοτον
372 202 469 262 τὸν
507 209 603 276 τῆς
645 206 906 278 αἱρέσεως
946 202 1147 276 ταύτης
1199 201 1498 277 εὑρετήν;”
1555 206 1646 261 καὶ
1685 204 1751 261 τὰ

139 291 239 363 μὲν
280 288 416 346 κατὰ
455 287 552 346 τὸν
593 294 831 362 Βίκτορα
871 291 1109 346 τοιαῦτα.
1175 293 1219 346 7.
1263 286 1464 345 τούτου
1506 290 1566 345 δὲ
1607 294 1751 346 ἔτεσι

135 375 273 431 δέκα
313 371 650 447 προστάντος
689 377 784 446 τῆς
825 378 1167 446 λειτουργίας
1201 371 1454 445 διάδοχος
1485 379 1750 430 καθίστα-

134 482 226 515 ται
257 466 599 532 Ζεφυρῖνος,
644 455 785 531 ἀμφὶ
827 456 887 514 τὸ
931 463 1125 515 ἔνατον
1165 459 1260 529 τῆς
1290 455 1551 531 Σεβήρου
1594 464 1750 530 βασιή

136 547 288 608 λείας
330 547 462 609 ἔτος.
524 548 859 614 προστίθησι
905 542 965 597 δὲ
1006 537 1034 597 ὁ
1075 539 1134 597 τὸ
1177 542 1579 615 προειρημένον
1611 559 1792 599 συν-5

136 624 302 694 τάξας
332 627 458 698 περὶ
483 630 580 682 τοῦ
604 624 972 698 κατάρξαντος
996 627 1090 697 τῆς
1117 630 1465 698 δηλωθείσης
1490 628 1752 701 αἱρέσεως

139 715 359 782 βιβλίον
387 712 477 766 καὶ
501 707 676 781 ἄλλην
701 708 838 766 κατὰ
862 717 1180 781 Ζεφυρῑνον
1202 712 1509 781 γενομένην
1532 713 1749 782 πρᾶξιν,

59 806 64 813 ’
141 785 254 850 οἶδέ
290 815 404 860 πως
447 791 635 860 αὐτοῖς
667 791 872 866 ῥήμασι
903 790 1135 865 γράφων
1167 797 1213 848 8.
1239 788 1581 865 “ὑπομνη’σω
1612 796 1752 865 γοῦν

131 875 410 944 “πολλούς
440 881 552 934 τῶν
582 874 846 950 ἀδελφῶν
876 879 1100 950 πρᾶγμα
1133 875 1218 949 ἐφ’
1249 874 1408 949 ἡμῶν
1431 876 1751 950 γενόμενον,

130 958 198 1018 “ὂ
242 969 443 1035 νομίζω
488 959 571 1018 ὅτι
617 967 667 1019 εἰ
713 964 771 1018 ἐν
816 959 1091 1034 Σοδόμοις
1138 961 1409 1033 ἐγεγόνει,
1463 961 1631 1034 τυχὸν
1682 959 1752 1018 ἂν
1777 979 1815 1009 10

132 1042 461 1112 “κάκείνους
503 1048 853 1118 ἐνουθέτησε.
931 1044 1209 1112 Νατάλιος
1251 1037 1322 1118 ἦν
1361 1069 1442 1111 τις
1483 1042 1752 1119 ὁμολογη-

131 1127 292 1236 ἶῖτὴς,
335 1127 401 1188 οὐ
442 1129 639 1203 πάλαι,
683 1129 806 1187 ἀλλ’
857 1132 945 1187 ἐπὶ
986 1154 1099 1187 των
1136 1128 1419 1203 ἡμετέρων
1456 1130 1754 1203 γενόμενος

131 1211 391 1290 “καιρων.
454 1220 501 1272 9
536 1207 696 1282 οὗτος
721 1211 982 1317 ἠπατήθη
1008 1237 1139 1271 ποτε
1161 1212 1268 1271 ὑπὸ
1290 1211 1752 1287 Ἀσκληπιοδότου

131 1295 261 1356 “acal
310 1301 499 1373 ἑτέρου
549 1299 827 1356 Θεοδότου
872 1299 1020 1366 τινὸς
1071 1304 1414 1371 τραπεζίτου.
1496 1299 1638 1371 ἦσαν
1691 1299 1752 1356 δε
1832 1338 1843 1347 -

131 1376 322 1441 “οὗτοι
373 1382 537 1456 ἄμφω
581 1382 858 1440 Θεοδότου
906 1408 1003 1440 του
1045 1386 1285 1450 σκυτέως
1326 1385 1598 1455 μαθηταὶ,
1651 1386 1752 1440 τοῦ
1775 1401 1815 1432 15

132 1466 391 1541 “πρω’του
435 1470 524 1546 ἐπὶ
562 1466 734 1542 ταύτῃ
774 1471 842 1542 τῇ
881 1466 1175 1541 φρονήσει,
1222 1470 1433 1540 μᾶλλον
1476 1468 1536 1524 δὲ
1576 1466 1754 1541 ἀφρο-

131 1548 343 1626 “‹512'2237²
394 1550 797 1625 ἀφορισθέντος
848 1552 942 1624 τῆς
984 1557 1278 1617 κοινωνίας
1318 1550 1427 1608 ὑπὸ
1472 1557 1752 1623 Βίκτορος,

134 1633 242 1701 “ὦς
286 1642 458 1708 ἔφην,
499 1641 597 1692 τοῦ
637 1635 757 1693 τότε
798 1635 1111 1693 ἐπισκόπου.
1177 1641 1255 1693 1Ο.
1290 1633 1600 1709 ἀνεπείσθη
1634 1637 1692 1693 δὲ
1724 1634 1752 1692 ὁ

133 1717 444 1788 “Νατάλιος
484 1716 580 1776 ὑπ’
629 1719 817 1777 αὐτῶν
858 1723 946 1777 ἐπὶ
992 1726 1239 1797 σαλαρίῳ
1284 1724 1579 1786 ἐπίσκοπος
1620 1729 1753 1792 κλη-

133 1803 428 1909 Σρωθῆναι
457 1803 660 1877 ταύτης
683 1807 780 1877 τῆς
804 1807 1088 1877 αἱρέσεως,
1121 1822 1260 1862 ωστε
1284 1803 1591 1878 λαμβάνειν
1615 1803 1745 1877 παρ’
1774 1823 1816 1854 20

133 1885 361 1946 “αὐτων
390 1903 618 1962 μηνιαῖα
652 1887 888 1963 δηνάρια
922 1888 1118 1946 ἑκατὸν
1142 1890 1498 1961 πεντήκοντα.
1559 1894 1637 1946 11.
1665 1913 1752 1961 γε·

135 1971 402 2076 ἶνόμενος
426 1975 529 2031 οὐν
552 1992 658 2031 συν
682 1971 868 2041 αυτοῖς
893 1972 966 2031 δι’
997 1969 1290 2047 ὁραμάτων
1313 1972 1574 2041 πολλάκις
1600 1977 1752 2030 ἐνου-

136 2054 391 2115 “θετεῖτο
431 2056 539 2114 υπὸ
582 2061 678 2115 τοῦ
719 2065 933 2131 κυρίου.
1003 2056 1032 2115 ὁ
1069 2055 1173 2130 γάρ
1216 2055 1593 2131 εύσπλαγχνος
1624 2057 1754 2124 θεὸς

135 2141 265 2198 “acal
309 2140 493 2215 κύριος
534 2138 693 2215 ἡμῶν
718 2139 922 2215 Ἰησοῦς
954 2139 1186 2217 Χριστὸς
1217 2139 1324 2198 οὐκ
1363 2141 1622 2214 ἐβούλετο
1655 2145 1754 2210 ἔξω

137 2223 467 2299 “ε’κκλησίας
498 2225 804 2300 γενόμενον
833 2224 1143 2285 ἀπολέσθαι
1174 2227 1425 2300 μάρτυρα
1455 2230 1568 2284 τῶν
1593 2232 1754 2284 ἰδίων
1776 2243 1816 2273 ‘25

137 2309 393 2368 “παθῶν.
488 2316 569 2369 12.
633 2314 750 2368 ἐπεὶ
804 2312 864 2368 δὲ
917 2310 1306 2388 ῥᾳθυμότερον
1355 2327 1468 2379 τοῖς
1519 2309 1754 2385 ὁράμασι

137 2391 460 2469 ε’προσεῖχε,
515 2394 898 2469 δελεαζόμενος
937 2401 1003 2470 τῇ
1045 2420 1104 2453 τε
1144 2394 1274 2468 παρ’
1321 2392 1506 2463 αὐτοῖς
1547 2418 1752 2470 πρωτο-

139 2477 454 2555 “καθεδρίᾳ
496 2482 587 2536 καὶ
624 2486 690 2554 τῇ
722 2487 1012 2548 πλείστους
1044 2477 1400 2554 ἀπολλυούσῃ
1433 2485 1755 2555 αἰσχροκερ-

143 2559 332 2639 “δείᾳ,
372 2571 697 2622 τελευταῖον
731 2563 841 2620 ὑπὸ
881 2564 1057 2636 ἁγίων
1095 2563 1346 2637 ἀγγέλων
1382 2562 1751 2638 ἐμαστιγώθη,

140 2644 256 2703 “δι’
300 2644 429 2721 ὅλης
483 2654 578 2720 τῆς
629 2646 828 2715 νυκτὸς
868 2645 935 2705 οὗ
977 2651 1219 2723 σμικροῖς
1259 2651 1560 2721 αἰκισθεὶς,
1615 2645 1754 2704 ὥστε
1777 2662 1815 2692 3v

143 2727 361 2790 “ἕωθεν
392 2729 717 2806 ἀναστῆναι,
749 2735 840 2789 καὶ
867 2733 1247 2806 ἐνδυσάμενον
1270 2732 1478 2791 σάκκον
1501 2735 1592 2789 καὶ
1623 2750 1752 2789 σπο-

142 2807 282 2873 “δὸν
319 2816 778 2890 καταπασάμενον
818 2817 951 2890 μετὰ
995 2820 1199 2890 πολλῆς
1242 2822 1490 2889 σπουδῆς
1530 2818 1618 2872 καὶ
1654 2821 1752 2871 δα-
