2032 3174
306 98 378 152 54
995 101 1241 142 EUSEBH

302 210 461 284 οὗτος
494 220 554 274 ἐν
581 218 826 292 δευτέρῳ
849 218 949 273 τοῦ
971 213 1284 274 Ἰουδαϊκοῦ
1302 219 1544 292 πολέμου
1569 217 1762 287 αὐταῖς
1787 227 1918 278 συλ-

303 309 498 374 λαβαῖς
540 306 702 372 δηλοῖ
738 302 916 372 λέγων
938 297 1258 374 “πεμφθεὶς
1286 302 1348 359 δὲ
1390 309 1466 368 εἰς
1492 300 1770 362 Ἰουδαίαν
1802 307 1916 362 ἐπί·

292 385 533 460 ((τροπος
563 382 675 441 ὑπὸ
708 390 967 456 Τιβερίου
991 390 1232 452 Πιλᾶτος
1255 384 1476 459 νύκτωρ
1500 391 1916 462 κεκαλυμμένας

292 468 410 538 “ει’ς
434 467 788 543 Ἱεροσόλυμα
812 476 1219 543 παρεισκομίζει
1243 471 1338 536 τὰς
1357 477 1637 545 Καίσαρος
1670 472 1888 540 εἰκόνας
1904 489 1914 499 ’

235 572 256 604 5
292 553 557 630 “σημαϊαι
597 557 912 612 καλοῦνται.
994 560 1154 612 τοῦτο
1206 551 1334 628 μεθ’
1393 554 1603 631 ἡμέραν
1653 564 1917 630 μεγίστην

290 635 574 716 “ταραχὴν
614 636 802 712 ἤγειρε
841 653 954 705 τοῖς
979 637 1283 706 Ἰουδαίοις.
1356 645 1413 698 οἱ
1438 640 1543 715 γὰρ
1588 641 1750 714 ἐγγὺς
1781 639 1917 715 πρὸς

288 721 428 799 “τὴν
458 723 589 793 ὅφιν
623 721 1027 797 ἐξεπλάγησαν,
1062 721 1134 790 ὡς
1165 726 1569 799 πεπατημένων
1594 723 1783 792 αὐτοῖς
1807 728 1919 784 τῶν

288 805 529 884 “νόμων.
601 805 775 867 οὐδὲν
815 807 920 882 γάρ
966 806 1215 876 ἀξιοῦσιν
1258 812 1318 866 ἐν
1358 816 1423 885 τῇ
1469 809 1624 868 πόλει
1659 816 1918 884 δείκηλον

289 889 645 953 “τίθεσθαι.”
719 898 766 951 5.
800 897 972 951 ταῦτα
1005 893 1066 950 δε
1097 900 1398 967 συγκρίνας
1430 898 1495 968 τῇ
1538 901 1649 952 τῶν
1691 894 1918 967 εὐαγγε-

235 1000 276 1032 10
298 987 437 1038 λίων
467 982 657 1054 γραφῇ
681 988 803 1052 εἴσῃ
837 975 909 1044 ὥς
932 974 1035 1035 οὐκ
1060 984 1136 1045 εἰς
1157 979 1369 1053 μακρὸν
1393 976 1597 1045 αὐτους
1620 982 1924 1053 μετῆλθεν,

296 1061 368 1139 ἣν
409 1068 643 1139 ἔρρηξαν
688 1059 776 1121 ἐπ’
821 1062 994 1120 αὐτοῦ
1036 1062 1287 1120 Πιλάτου
1329 1062 1556 1137 φωνὴν,
1606 1061 1683 1121 δι’
1718 1065 1781 1136 ἦς
1812 1062 1917 1121 οὐκ

296 1148 467 1207 άλλον
506 1144 540 1221 ἢ
578 1147 750 1221 μόνον
792 1154 938 1220 ἔχειν
981 1147 1231 1219 ἐπεβόων
1264 1156 1518 1222 Καίσαρα
1550 1151 1796 1222 βασιλέα
1862 1154 1910 1206 6.

298 1234 415 1292 εἶτα
449 1234 509 1290 δε
539 1235 630 1289 καὶ
670 1230 844 1304 άλλην
888 1235 1008 1304 ἑξῆς
1049 1228 1077 1289 ὁ
1110 1229 1274 1298 αὐτὸς
1305 1232 1662 1306 συγγραφεὺς
1712 1238 1922 1306 ιστορεῖ

297 1326 593 1391 μετελθεῖν
617 1315 818 1383 αὐτούς
842 1314 1139 1390 συμφοράν
1164 1319 1222 1373 ἐν
1234 1316 1445 1382 τούτοις
1466 1313 1636 1389 “μετα
1663 1318 1724 1374 δὲ
1747 1320 1920 1373 ταῦτα

237 1429 278 1461 15
293 1399 525 1477 (Ἑτέραν
554 1399 797 1474 ταραχὴν
830 1404 1028 1473 ἐκίνει,
1061 1401 1156 1457 τὸν
1189 1401 1340 1475 ἱερὸν
1369 1401 1692 1475 θησαυρὸν,
1737 1409 1921 1458 καλεῖ·

287 1487 415 1546 “voca
460 1489 521 1544 δὲ
561 1488 865 1561 κορβανας,
921 1491 998 1551 εἰς
1030 1484 1357 1559 καταγωγὴν
1399 1485 1623 1543 ὑδάτων
1665 1489 1918 1554 ἐξαναλί-

288 1569 495 1631 “σκων.
567 1570 755 1646 κατῄει
807 1571 870 1627 δὲ
915 1568 1021 1627 ἀπὸ
1070 1578 1405 1642 τριακοσίων
1448 1576 1708 1628 σταδίων.
1784 1569 1921 1644 πρὸς

291 1654 492 1715 “τοῦτο
524 1660 622 1714 τοῦ
654 1654 907 1727 πλήθους
938 1652 1307 1727 ἀγανάκτησις
1338 1647 1423 1726 ἦν.
1483 1660 1526 1712 7.
1562 1656 1654 1711 καὶ
1684 1658 1780 1711 τοῦ
1812 1663 1921 1711 Πι-

296 1740 507 1799 “λάτου
539 1737 809 1813 παρόντος
839 1745 916 1805 εἰς
934 1734 1284 1811 Ἱεροσόλυμα
1307 1738 1663 1813 περιστάντες
1688 1737 1747 1795 τὸ
1772 1742 1921 1811 βῆμα

244 1852 285 1884 20
302 1824 640 1897 “κατεβόων.
705 1819 733 1881 ὁ
767 1824 829 1880 δὲ
862 1821 1118 1897 (προῄδει
1158 1824 1263 1896 γὰρ
1295 1820 1481 1880 αὐτῶν
1520 1821 1621 1895 τὴν
1651 1821 1920 1896 ταραχὴν)

301 1907 412 1988 “τῷ
446 1907 653 1982 πλήθει
677 1909 804 1974 τοὺς
829 1906 1163 1980 στρατιώτας
1186 1906 1472 1980 ἐνόπλους,
1508 1910 1741 1980 ἐσθῆσιν
1767 1912 1924 1964 ἰδιω-

317 1994 515 2061 τικαΐς
556 1995 1003 2066 κεκαλυμμένους
1046 1995 1434 2065 ἐγκαταμίξας,
1489 1994 1579 2049 καὶ
1633 1995 1779 2065 ξίφει
1822 1991 1924 2065 μὲν

301 2078 656 2185 Ξχρήσασθαι
698 2076 978 2149 κωλύσας,
1022 2076 1206 2145 ξύλοις
1249 2078 1309 2134 δὲ
1340 2083 1529 2134 παίειν
1558 2076 1685 2142 τοὺς
1725 2100 1926 2150 κεκρα-

303 2158 504 2239 “γότας
545 2160 1033 2235 ἐγκελευσάμενος,
1089 2159 1352 2233 σύνθημα
1407 2166 1640 2217 διδωσιν
1679 2158 1787 2216 ἀπὸ
1827 2161 1925 2216 τοῦ

250 2275 292 2308 25
306 2247 600 2324 “βήματος.
655 2244 987 2318 τυπτόμενοι
1021 2245 1082 2301 δε
1105 2247 1157 2301 οὶ
1180 2243 1442 2302 Ἰουδαῖοι
1473 2246 1666 2301 πολλοὶ
1690 2267 1792 2316 μεν
1817 2240 1923 2300 ἀπὸ

303 2335 453 2393 “τῶν
483 2334 728 2403 πληγῶν,
762 2331 952 2386 πολλοὶ
978 2330 1038 2385 δὲ
1061 2324 1170 2385 ὑπὸ
1202 2334 1362 2401 σφῶν
1386 2326 1570 2386 αὐτῶν
1596 2332 1656 2386 ἐν
1681 2334 1745 2402 τῇ
1771 2332 1925 2402 φυγῇ

308 2416 823 2488 τεκαταπατηθέντες
866 2411 1182 2484 ἀπώλοντο,
1226 2411 1360 2486 πρὸς
1394 2414 1454 2470 δὲ
1499 2406 1602 2486 τὴν
1633 2411 1927 2487 συμφορὰν

310 2504 457 2561 “τῶν
481 2499 848 2576 ἀνῃρημένων
872 2498 1220 2570 καταπλαγὲν
1242 2497 1300 2554 τὸ
1325 2501 1536 2571 πλῆθος
1563 2493 1922 2570 ἐσιώπησεν.”

319 2594 366 2647 8.
403 2588 490 2645 ἐπὶ
522 2582 735 2651 τούτοις
774 2589 974 2656 μυρίας
1016 2580 1185 2648 ἄλλας
1218 2585 1278 2640 ἐν
1316 2579 1506 2648 αὐτοῖς
1529 2580 1927 2656 Ἱεροσολύμοις

255 2696 297 2729 30
319 2675 649 2744 κεκινῆσθαι
672 2673 1092 2742 νεωτεροποιίας
1115 2666 1143 2723 ὁ
1166 2663 1328 2733 αὐτὸς
1354 2670 1628 2740 ἐμφαίνει,
1661 2662 1929 2740 παριστὰς

438 2870 464 2910 2
495 2864 675 2919 Ioseph.
696 2862 749 2905 B.
772 2862 806 2902 1.
830 2862 891 2916 11,
916 2863 956 2914 9,
980 2863 1004 2902 2
1028 2864 1074 2902 et
1093 2863 1134 2902 4.
