1986 3152
0 91 2 142 k

0 216 2 253 ι

0 260 1 282 η

572 87 726 130 HIST.
757 87 1006 130 ECCLES.
1043 91 1118 130 VI.
1150 93 1174 130 3
1587 87 1691 142 245

0 200 1 209 ¹
80 209 291 280 γένοιτο
331 207 425 276 τῆς
456 201 587 276 παρ’
629 205 833 275 ἑτέρων
867 206 1181 274 ἐπικουρίας
1215 202 1435 277 ἐνδεὴς,
1481 202 1691 278 ὅσαπερ

79 282 150 362 ἦν
190 285 341 364 αὐτῷ
381 286 651 360 πρότερον
682 286 864 360 λόγων
894 286 1139 361 ἀρχαίων
1171 288 1571 362 συγγράμματα
1602 314 1691 362 φι-

80 371 321 439 λοκοὲλως
348 375 769 445 ἐσπουδασμένα
793 371 1063 445 μεταδοὺς
1079 418 1093 444 ,
1131 387 1243 439 τοῖς
1267 370 1375 430 ὑπὸ
1399 378 1497 430 τοῦ
1521 378 1692 431 ταῦτα

81 459 396 530 ε’ωνημένου
450 458 774 532 φερομένοις
817 455 966 533 αὐτῷ
1010 459 1296 531 τέτταρσιν
1337 455 1554 530 ὀβολοῖς
1595 463 1692 530 τῆς

79 538 280 615 ἡμέρας
311 538 549 614 ἠρκεῖτο,
583 547 858 606 πλείστοις
890 565 946 598 τε
980 548 1123 598 ἔτεσι
1147 548 1344 599 τοῦτον
1367 545 1692 615 φιλοσοφῶν
1715 560 1736 592 5

81 629 309 683 διετέλει
340 624 441 682 τὸν
470 624 706 696 τρόπον,
739 624 917 691 πάσας
947 623 1086 691 ὕλας
1116 631 1464 698 νεωτερικῶν
1498 631 1693 684 ἐπιθυ-

77 713 223 783 μιῶν
255 711 457 766 ἑαυτοῦ
486 706 961 781 περιαιρούμενος,
993 711 1085 765 καὶ
1119 709 1207 766 διὰ
1239 709 1416 782 πάσης
1443 712 1544 783 μὲν
1567 709 1694 784 ἡμέ-

80 818 177 864 ρας
219 789 286 850 οὐ
328 792 591 866 σμικροὺς
632 789 915 863 ἀσκήσεως
956 791 1231 865 καμάτους
1271 792 1552 865 ἀνατλῶν,
1601 797 1693 850 καὶ

77 881 171 950 τῆς
212 877 412 943 νυκτὸς
457 877 517 933 δὲ
555 874 652 933 τὸν
693 882 924 934 πλείονα
964 876 1165 950 χρόνον
1204 891 1323 944 ταῖς
1362 883 1475 935 τῶν
1517 885 1695 935 θείων

78 964 311 1035 γραφῶν
354 960 554 1018 ἑαυτὸν
594 957 885 1027 ἀνατιθεὶς
924 962 1204 1035 μελέταις,
1246 968 1352 1038 βίῳ
1394 985 1452 1019 τε
1497 961 1570 1029 ὡς
1609 969 1692 1019 ἔνι
1720 981 1755 1012 10

79 1044 313 1120 μάλιστα
368 1048 715 1118 ἐγκαρτερῶν
755 1045 1222 1123 φιλοσοφωτάτςο,
1276 1047 1397 1103 τοτὲ
1438 1047 1541 1120 μὲν
1581 1059 1694 1114 τοῖς

81 1134 141 1188 ἐν
183 1128 418 1196 ἀσιτίαις
449 1135 778 1203 γυμνασίοις
812 1129 1243 1204 ἐνασκούμενος,
1286 1132 1405 1188 τοτὲ
1437 1132 1498 1188 δὲ
1528 1154 1696 1204 μεμε-

79 1217 367 1289 τρημένοις
397 1228 510 1281 τοῖς
542 1211 679 1271 κατὰ
710 1212 806 1272 τὸν
837 1211 1018 1272 ὕπνον
1049 1230 1261 1285 καιροῖς
1280 1260 1293 1287 ,
1326 1208 1394 1272 οὗ
1423 1223 1694 1289 μεταλαμ-

79 1297 275 1371 βάνειν
314 1297 439 1356 οὐδ’
477 1297 617 1365 ὅλως
652 1300 740 1354 ἐπὶ
774 1302 1093 1372 στρωμνῆς,
1136 1296 1260 1356 ἀλλ’
1300 1302 1389 1356 ἐπὶ
1419 1297 1695 1373 τοῦδαφος

82 1382 172 1440 διὰ
216 1386 464 1456 σπουδῆς
509 1385 760 1440 ἐποιεῖτο.
827 1387 907 1440 10.
951 1381 1177 1442 πάντων
1223 1385 1285 1441 δὲ
1323 1382 1560 1456 μάλιστα
1599 1384 1693 1450 τὰς
1722 1401 1758 1433 ¹5

81 1465 438 1540 εὐαγγελικόις
498 1471 596 1524 τοῦ
652 1469 894 1541 σωτῆρος
946 1466 1136 1540 φωνὰς
1189 1471 1500 1541 φυλακτέας
1554 1469 1697 1526 εἶναι

81 1550 215 1628 ᾧέτο
271 1556 422 1623 δεῖν,
475 1549 569 1617 τοὶς
621 1573 680 1607 τε
722 1554 846 1626 περὶ
887 1557 985 1610 τοῦ
1028 1550 1102 1625 μὴ
1146 1552 1246 1611 δύο
1284 1558 1520 1626 χιτῶνας
1559 1551 1688 1626 μηδ’

79 1631 396 1708 ὑποδήμασι
457 1639 699 1709 χρῆσθαι
751 1635 1159 1711 παραινούσας,
1219 1638 1359 1711 μηδὲ
1416 1635 1527 1710 μὴν
1578 1652 1696 1704 ταῖς

81 1722 207 1792 περὶ
247 1726 344 1777 τοῦ
389 1722 682 1793 μέλλοντος
721 1719 923 1793 χρόνου
956 1728 1212 1795 φροντίσι
1243 1728 1694 1797 κατατρίβεσθαι.

82 1809 164 1861 11.
199 1802 338 1861 ἄλλα
370 1807 461 1862 καὶ
491 1811 700 1878 μείζονι
723 1808 818 1876 τῆς
842 1801 1058 1878 ἡλικίας
1083 1813 1371 1882 προθυμία
1394 1830 1692 1907 χρωμενος,
1714 1824 1756 1857 20

81 1893 143 1946 ἐν
185 1889 348 1962 ψύχει
389 1891 480 1946 καὶ
521 1887 820 1963 γυμνότητι
862 1895 1273 1965 διακαρτερῶν,
1318 1897 1394 1958 εἰς
1435 1888 1606 1964 ἀκρον
1636 1913 1696 1947 τε

83 1966 584 2052 [υπερβαλλούσης]
631 1971 1019 2048 ἄκτημοσύνης
1061 1973 1343 2048 ἐλαύνων,
1384 1999 1511 2041 τους
1552 1971 1688 2048 αμφ’

81 2055 253 2114 αὐτὸν
285 2064 362 2124 εἰς
392 2058 457 2114 τὰ
489 2056 723 2132 μάλιστα
755 2062 1115 2132 κατέπλησσε,
1148 2065 1382 2161 μυρίους
1405 2060 1507 2133 μὲν
1531 2058 1695 2126 ὅσους

81 2145 274 2198 λυπῶν
307 2140 638 2247 εὐχομένους
669 2139 820 2220 αυτῷ
853 2157 1148 2202 κοινωνεῖν
1174 2167 1286 2201 των
1308 2140 1695 2253 υπαρχόντων,

84 2222 159 2282 δι’
213 2250 313 2293 ους
370 2226 560 2301 ἑώρων
613 2225 785 2286 αυτόν
837 2231 1165 2302 εἰσφέροντα
1212 2230 1338 2303 περὶ
1382 2226 1484 2300 τὴν
1529 2234 1696 2286 θείαν
1718 2245 1759 2277 ‘25

83 2314 449 2369 διδασκαλίαν
494 2336 799 2386 καματους,
854 2338 918 2371 ου
966 2312 1077 2386 μὴν
1122 2311 1285 2380 αυτός
1330 2337 1394 2385 γε
1443 2313 1696 2380 ἐνδιδοὺς

83 2408 202 2462 ταῖς
234 2402 560 2470 καρτερίαις.
626 2401 706 2454 12.
740 2401 958 2470 λέγεται
981 2402 1121 2470 γοῦν
1143 2400 1236 2454 καὶ
1259 2395 1534 2456 πλειόνων
1559 2401 1697 2455 ἐτι-ὄν

82 2480 187 2550 γῆν
228 2483 632 2553 πεπατηκέναι,
675 2484 875 2554 μηδενὶ
905 2485 1169 2555 μηδαμῶς
1200 2483 1532 2556 κεχρημένος
1561 2478 1695 2539 ὑπο-

85 2561 302 2635 δήματι,
334 2560 472 2620 ἀλλὰ
503 2567 596 2622 καὶ
626 2573 783 2622 οἴνου
816 2565 1059 2640 χρήσεως
1086 2568 1177 2624 καὶ
1201 2570 1312 2624 τῶν
1335 2564 1521 2624 ἄλλων
1547 2563 1694 2640 παρα

82 2645 184 2718 τὴν
214 2644 525 2720 ἀναγκαίαν
554 2647 769 2725 τροφὴν
792 2656 1071 2718 πλείστοις
1095 2657 1275 2708 ἔτεσιν
1297 2649 1693 2724 ἀπεσχημένος,
1718 2664 1760 2697 30

200 2843 250 2880 17
281 2842 446 2884 Matth.
484 2845 556 2894 10,
594 2846 657 2885 10.
