2032 3174
530 101 685 143 H[ST.
717 101 962 142 ECCLES.
998 103 1056 142 11.
1090 104 1156 143 20,
1182 104 1247 142 21.
1625 101 1690 152 73

78 214 629 293 “ἐν,οἰπροστατεύτῳ
661 215 817 273 πόλει
847 215 1002 274 ταῦτ’
1040 215 1341 292 ἐπράσσετο
1382 213 1502 290 μετ’
1539 220 1693 286 ἐξου-

83 299 256 367 “σίας.
317 305 364 357 3.
400 298 636 372 τοσαύτη
669 302 728 358 δὲ
759 300 884 368 τοὺς
915 298 1185 375 ἀρχιερεῖς
1209 303 1511 373 κατέλαβεν
1535 300 1690 359 ἀναί-

79 383 240 442 “deta
281 387 372 442 καὶ
411 383 582 459 τόλμα
623 383 762 443 ὥστε
813 387 1109 458 ἐκπέμπειν
1163 384 1395 452 δούλους
1450 384 1706 459 ἐτόλμων

77 467 208 526 “ἐπὶ
239 467 334 536 τὰς
365 467 609 541 ἅλωνας,
641 468 768 536 τοὺς
799 471 1144 543 ληψομένους
1174 468 1267 535 τάς
1299 484 1411 536 τοῖς
1444 474 1691 542 ἱερεῦσιν

80 551 477 627 “ὀφειλομένας
523 552 767 619 δεκάτας.
842 555 934 609 καὶ
965 555 1260 625 συνέβαινε
1296 552 1422 619 τοὺς
1453 552 1689 628 άπορου-
1715 576 1735 608 5

79 635 317 710 ε(μένους
348 643 460 695 τῶν
492 639 684 709 ἱερέων
724 633 822 694 ὑπ’
859 639 1071 704 ἐνδείας
1106 634 1520 711 ἀπολλυμένους
1551 648 1691 696 θεω-

79 720 263 794 “ρεῖν·
305 720 477 787 οὕτως
511 719 722 792 ἐκράτει
754 723 851 777 τοῦ
884 726 1102 778 δικαίου
1134 722 1337 788 παντὸς
1370 720 1532 793 ἡτῶν
1567 742 1691 780 στα-

77 803 414 873 “σιαζόντων
450 801 598 876 βία.”
675 811 723 862 4.
758 802 926 861 πάλιν
970 805 1031 861 δὲ
1071 801 1098 861 ὁ
1132 803 1293 870 αὐτὸς
1336 805 1692 879 συγγραφεὺς

86 888 222 946 κατὰ
241 885 368 955 τούς
389 885 589 954 αὐτούς
613 887 843 962 χρόνους
869 891 929 946 ἐν
951 886 1347 963 Ἱεροσολύμοις
1370 888 1694 962 ὑποφυῆναι

86 977 304 1048 λῃστῶν
334 996 384 1029 τι
420 972 562 1038 εἶδος
596 977 826 1047 ἱστορεῖ,
869 979 924 1030 οἳ
945 969 1112 1046 “μεθ’
1160 969 1409 1047 ἡμέραν”
1454 971 1525 1039 ὥς
1557 993 1694 1046 φησι
1720 998 1758 1029 10

79 1055 209 1114 “καὶ
243 1059 301 1113 ἐν
332 1059 470 1131 μέσῃ
501 1059 569 1131 τῇ
611 1055 767 1114 πόλει
809 1056 1078 1130 ἐφόνευον
1119 1056 1245 1124 τούς
1286 1061 1690 1123 συναντῶντας.

86 1146 132 1198 5.
166 1139 399 1214 μάλιστα
429 1140 533 1214 γὰρ
568 1145 626 1198 ἐν
657 1155 774 1208 ταῖς
809 1143 1021 1214 ἑορταῖς
1051 1145 1422 1215 μιγνυμένους
1453 1145 1527 1218 τῷ
1559 1141 1693 1214 πλή-

87 1235 208 1298 θει,
243 1227 334 1282 καὶ
364 1238 483 1292 ταῖς
517 1228 751 1299 ἐσθῆσιν
781 1224 1237 1298 ὑποκρύπτοντας
1262 1226 1428 1300 μικρὰ
1458 1229 1693 1298 ξιφίδια,

86 1307 297 1376 τούτοις
339 1308 559 1366 νύττειν
603 1309 729 1376 τοὺς
773 1309 1099 1382 διαφόρους·
1159 1318 1345 1367 ἔπειτα
1385 1309 1691 1383 πεσόντων,

85 1394 247 1466 μέρος
285 1399 545 1464 γίνεσθαι
586 1396 698 1450 τῶν
739 1392 1269 1465 ἐπαγανακτούντων
1322 1391 1522 1459 αὐτοὺς
1566 1393 1692 1460 τούς
1718 1416 1758 1448 15

87 1476 522 1550 πεφονευκότας’
582 1477 665 1534 διὸ
707 1479 797 1535 καὶ
841 1475 1191 1535 παντάπασιν
1221 1474 1320 1535 ὑπ’
1356 1475 1692 1546 ἀξιοπιστίας

85 1558 414 1633 ἀνευρέτους
445 1562 721 1634 γενέσθαι.
785 1567 830 1618 6.
866 1566 1085 1634 πρῶτον
1114 1564 1215 1635 μὲν
1244 1554 1345 1619 οὖν
1375 1558 1471 1618 ὑπ’
1509 1561 1695 1620 αὐτῶν

78 1640 350 1716 Ἰωνάθην
379 1645 474 1702 τὸν
504 1642 757 1719 ἀρχιερέα
789 1649 1237 1719 κατασφαγῆναι,
1270 1644 1403 1719 μετὰ
1437 1642 1489 1701 δ’
1524 1643 1695 1703 αὐτὸν

30 1757 35 1760 ·
85 1727 214 1785 καθ’
252 1729 462 1803 ἡμέραν
503 1728 858 1802 άναιρεισθαι
900 1729 1164 1802 πολλους,
1212 1732 1303 1787 καὶ
1334 1754 1446 1787 των
1476 1749 1694 1803 συμφο-

89 1836 203 1887 ρων
233 1811 330 1871 τὸν
360 1811 538 1887 φόβον
572 1813 712 1871 εἶναι
742 1812 1153 1887 χαλεπώτερον,
1179 1813 1411 1872 ἑκάστου
1436 1813 1758 1885 καθάπερῡο

87 1899 147 1954 ἐν
177 1898 396 1975 πολέμω
427 1894 560 1955 καθ’
596 1896 746 1970 ω’ραν
777 1897 874 1955 τὸν
904 1896 1152 1955 θάνατον
1194 1895 1692 1973 προσδεχομένου

214 1993 335 2041 XXI.
392 1990 521 2059 [Nic
552 1993 608 2042 H.
637 1994 691 2042 E.
722 1993 779 2047 11,
808 1990 922 2058 26]
979 1984 1130 2055 Ἑξῆς
1167 1983 1225 2039 δε
1256 1981 1469 2049 τούτοις
1504 1984 1694 2055 ἐπιφέ-

87 2087 170 2137 ρει
201 2063 330 2137 μεθ’
369 2069 526 2141 ἕτερα
557 2069 735 2139 λέγων
759 2062 1002 2139 “μείζονι
1027 2068 1086 2123 δὲ
1117 2065 1328 2125 τούτων
1352 2072 1532 2140 πληγῇ
1559 2063 1696 2124 'Iov-

77 2146 311 2216 “δαίους
338 2148 614 2208 ἐκάκωσεν
637 2149 664 2208 ὁ
686 2147 993 2222 Ἀἰγύπτιος
1011 2150 1487 2225 ψευδοπροφήτης.
1523 2175 1695 2225 παρα-

77 2230 411 2307 “γενόμενος
452 2233 556 2307 γὰρ
598 2241 676 2302 εἰς
715 2233 817 2306 τὴν
846 2233 1032 2309 χώραν
1062 2233 1359 2309 ἅνθρωπος
1400 2234 1559 2308 γόης,
1602 2237 1692 2292 καὶ
1716 2254 1758 2286 25

78 2314 405 2390 “noomn'tov
448 2325 634 2376 πίστιν
675 2322 887 2385 ἐπιθεὶς
919 2323 1123 2396 ἑαυτῷ,
1167 2322 1293 2394 περὶ
1335 2326 1694 2394 τρισμυρίους

77 2397 217 2473 τεμὲν
246 2399 492 2475 ἀθροίζει
531 2407 643 2460 τῶν
674 2402 1070 2477 ἠπατημένων,
1111 2403 1464 2478 περιαγαγὼν
1507 2402 1554 2459 δ’
1594 2400 1696 2459 αύ-

77 2482 244 2551 “tofis
276 2487 334 2542 ἐκ
364 2489 459 2557 τῆς
493 2489 714 2561 ἐρημίας
747 2494 823 2555 εἰς
852 2487 911 2545 τὸ
955 2491 1153 2546 ἐλαιῶν
1184 2487 1530 2561 καλούμενον
1569 2486 1694 2561 ὅρος

78 2566 339 2627 “ἐκεῖθ”εν
379 2567 491 2637 οἶός
532 2594 590 2626 τε
631 2563 700 2644 ἦν
742 2578 817 2639 εἰς
841 2570 1193 2646 Ἰεροσόλυμα
1233 2580 1538 2646 παρελθεῖν
1570 2570 1695 2643 βιά-

79 2650 335 2725 “ζεσθαι,
370 2656 458 2710 καὶ
493 2653 764 2728 κρατήσας
795 2659 890 2729 τῆς
914 2680 972 2713 τε
997 2655 1297 2731 Ῥωμαϊκῆς
1322 2659 1569 2729 φρουράς
1602 2656 1691 2710 καὶ
1717 2679 1756 2709 30

81 2733 216 2794 “1013
247 2736 425 2811 δήμου
455 2750 782 2812 τυραννεῖν,
816 2738 1095 2814 χρώμενος
1126 2754 1238 2807 τοῖς
1266 2743 1693 2797 συνεισπεσοῦσι

211 2862 235 2900 9
266 2861 446 2914 Ioseph.
473 2862 520 2902 B.
549 2863 664 2914 1.11‚
691 2864 754 2911 13,
779 2866 816 2904 3.
992 2866 1044 2904 23
1078 2863 1258 2914 Ioseph.
1282 2863 1332 2902 B.
1354 2863 1386 2902 1.
1411 2863 1470 2911 ΙΙ,
1499 2863 1563 2913 13,
1589 2862 1627 2901 5.
