1986 3152
533 114 688 155 HIST.
719 114 968 158 ECCLES.
998 115 1077 156 1v.
1103 117 1168 156 15.
1194 117 1261 155 16.
1602 114 1700 166 163

92 229 355 303 τελευτὴν
384 232 729 303 πληρέστατα
769 237 865 302 τῆς
904 233 1031 303 περὶ
1062 229 1235 288 αὐτοῦ
1266 236 1481 304 γραφῆς
1512 253 1701 305 περιε-

90 314 312 390 χούσης,
342 313 470 382 τοὺς
499 312 581 380 οἷς
605 321 771 387 φίλον
796 316 884 371 ἐπὶ
908 313 1114 387 ταύτην
1137 312 1554 389 ἄναπέμψομεν,
1584 329 1699 382 τοῖς

89 405 200 457 τῶν
240 398 488 474 ἀρχαίων
526 409 895 472 συναχθεῖσιν
934 395 1068 472 ἡμῖν
1106 406 1428 474 μαρτυρίοις
1481 403 1700 457 ἐντετα-

88 485 314 558 γμένην.
373 488 476 541 48.v
501 486 622 555 ἑξῆς
668 484 729 540 δὲ
771 485 863 539 καὶ
905 481 1089 540 ἄλλων
1134 487 1193 541 ἐν
1224 482 1502 560 Περγάμῳ
1543 482 1699 540 πόλει

87 574 182 640 τῆς
231 565 410 634 Ἀσίας
463 566 832 640 ὑπομνήματα
890 566 1393 641 μεμαρτυρηκότων
1451 569 1741 641 φέρεται,5

88 651 323 726 Κάρπου
347 653 439 709 καὶ
462 649 738 708 Παπύλου
763 653 854 708 καὶ
877 649 1138 723 γυναικὸς
1157 649 1539 725 Ἀγαθονίκης,
1564 650 1699 725 μετὰ

87 744 348 801 πλείστας
400 738 490 791 καὶ
547 740 869 808 διαπρεπεῖς
910 730 1203 808 ὁμολογίας
1245 735 1509 803 ἐπιδόξως
1548 759 1700 793 τετε-

86 821 419 892 λειωμένων.

211 915 332 964 XVI.
385 913 511 980 [Nic.
541 913 598 962 H.
627 914 681 962 E.
710 913 802 970 ΙΙΙ,
831 910 941 979 32]
1004 900 1160 959 Kato}
1191 900 1420 969 τούτους
1454 903 1516 959 δὲ
1546 905 1637 959 καὶ
1668 899 1695 960 ὁ

84 994 259 1064 μικρῷ
300 985 552 1061 πρόσθεν
590 986 725 1061 ἡμῖν
766 989 1040 1059 δηλωθεὶς
1072 985 1392 1059 Ἰουστῐνος,
1436 985 1698 1062 δεύτερον

83 1070 225 1146 ὑπὲρ
255 1074 368 1128 τοῖν
399 1067 535 1128 καθ’
566 1071 707 1145 ἡμᾶς
741 1069 1033 1145 δογμάτων
1063 1077 1286 1144 βιβλίον
1315 1070 1559 1138 ἀναδοὺς
1583 1086 1697 1138 τοῖς

87 1157 489 1230 δεδηλωμένοις
529 1153 792 1230 ἄρχουσι,
841 1162 981 1232 θείῳ
1024 1170 1447 1229 κατακοσμεϊται
1487 1180 1698 1229 μαρτυ-

84 1247 219 1317 ρίςο,
261 1239 575 1313 φιλοσόφου
606 1247 945 1314 Κρίσκεντος
988 1238 1109 1313 (τὸν
1138 1238 1474 1315 φερώνυμον
1508 1240 1569 1296 δὲ
1599 1232 1696 1296 οὖ-

81 1349 171 1390 τος
200 1329 266 1400 τῇ
299 1330 518 1398 Κυνικῇ
559 1332 904 1400 προσηγορία
946 1330 1072 1396 βίον
1112 1348 1171 1381 τε
1210 1327 1303 1380 καὶ
1341 1322 1544 1397 τρόπον
1579 1322 1696 1396 ἐζή-

82 1408 208 1482 λου)
250 1409 352 1482 τὴν
395 1408 698 1481 ἐπιβουλὴν
740 1407 892 1465 αὐτω
942 1406 1412 1482 καταρτύσαντος,
1468 1411 1693 1483 ἐπείπερ

83 1492 376 1558 πλεονακις
409 1497 469 1550 ἐν
502 1492 777 1566 διαλόγοις
810 1491 896 1550 ἐπ’
934 1489 1221 1565 ἄκροατων
1254 1490 1500 1559 ευθύνας
1525 1490 1696 1550 αὐτὸν

79 1602 146 1634 τα
177 1575 466 1676 νικητήρια
497 1581 769 1635 τελευτῶν
798 1601 940 1651 υπερ
971 1578 1035 1649 ἧς
1067 1579 1405 1651 ἐπρέσβευεν
1427 1574 1695 1650 ἀληθείας

82 1659 174 1718 δια
197 1666 296 1719 τοῦ
319 1668 626 1763 μαρτυρίου
651 1664 748 1719 τοῦ
771 1660 888 1718 κατ’
914 1658 1086 1718 αυτὸν
1109 1659 1500 1734 ἀνεδήσατοἯ
1466 1695 1514 1718 a.
1533 1663 1695 1718 τοῦτο

54 1740 59 1754 ⁵
83 1747 143 1802 δε
175 1748 266 1802 καὶ
300 1742 466 1812 αυτὸς
497 1741 525 1802 ὁ
555 1759 676 1812 ταῖς
718 1743 1006 1817 ἀληθείαις
1034 1745 1498 1846 φιλοσοφώτατος
1515 1748 1599 1830 ,ἐν
1628 1749 1698 1820 τῇ

1722 1009 1761 1039 10

1719 1427 1759 1459 15

81 1832 438 1904 δεδηλωμένῃ
470 1828 740 1931 ἀπολογία
771 1849 961 1903 σαφως
993 1829 1197 1902 οὕτως,
1240 1848 1425 1903 ωσπερ
1466 1854 1570 1887 ουν
1599 1832 1691 1886 καὶ
1714 1847 1756 1879 20

82 1921 311 1988 ἔμελλεν
351 1913 483 1972 ὅσον
522 1912 677 1972 οὔπω
719 1916 845 1988 περὶ
888 1911 1058 1971 αυτὸν
1096 1913 1520 1988 συμβήσεσθαι,
1560 1937 1692 1986 προ-

81 1996 271 2071 λαβων
321 1997 688 2072 ἀποσημαίνει
739 1998 951 2066 τούτοις
993 1995 1178 2065 αυτοῖς
1218 2012 1333 2064 τοῖς
1374 1997 1581 2072 ῥήμασι
1640 2002 1688 2054 3.

88 2081 260 2155 “κοἰγω
312 2084 417 2140 οὐν
456 2086 752 2157 προσδοκω
791 2082 902 2140 ὑπό
939 2106 1087 2148 τινος
1128 2086 1241 2140 τῶν
1282 2080 1692 2183 ωνομασμένων

70 2162 107 2187 ‘
117 2170 618 2241 ἐπιβουλευθῆναι,
649 2192 755 2225 καν
786 2167 931 2245 ξύλω
966 2171 1347 2240 ἐντιναγῆναι,
1384 2162 1414 2240 ἢ
1446 2191 1551 2224 καν
1581 2163 1690 2223 υπὸ

69 2248 443 2355 ΞΚρίσκεντος
473 2256 572 2310 τοῦ
602 2249 951 2326 αφιλοσόφου
990 2249 1024 2324 ἢ
1064 2254 1156 2308 καὶ
1196 2251 1560 2353 φιλοκόμπου
1622 2275 1689 2307 ου

71 2333 212 2409 “γαρ
243 2335 552 2410 φιλόσοφον
584 2343 764 2395 εἰπεῖν
794 2335 949 2405 ἄξιον
988 2361 1017 2393 τ
1051 2362 1085 2394 ν
1125 2334 1332 2410 ανδρα,
1373 2334 1432 2403 ὅς
1471 2360 1534 2408 γε
1564 2338 1691 2407 περὶ

73 2412 189 2479 ’Ἑν
219 2420 292 2494 μὴ
327 2424 608 2478 ἐπίσταται
642 2426 878 2498 δημοσία
918 2435 1356 2495 καταμαρτυρεῖ,
1398 2445 1470 2487 ως
1501 2418 1690 2477 ἀθέων

71 2499 200 2608 :nal
231 2504 451 2576 ἆσεβων
474 2510 827 2578 Χριστιανῶν
856 2504 1054 2578 όντων,
1086 2503 1221 2580 πρὸς
1252 2529 1414 2579 χαριν
1445 2506 1535 2561 καὶ
1562 2500 1688 2576 ηδο-

71 2585 216 2688 :miv
266 2614 380 2647 των
431 2596 654 2648 πολλων
703 2593 1138 2663 πεπλανημένως
1189 2594 1352 2647 τοῦτο
1411 2611 1684 2661 πραττων.

73 2665 158 2729 “4.
195 2683 302 2731 εἴτε
330 2672 434 2746 γὰρ
465 2672 539 2747 μὴ
572 2673 819 2748 ἐντυχών
848 2688 961 2741 τοῖς
990 2677 1089 2732 τοῦ
1112 2677 1356 2749 Χριστοῦ
1387 2671 1682 2745 διδάγμασι

190 2869 244 2907 ‘20
272 2868 432 2908 Iustin.
464 2867 597 2920 Apol.
620 2868 667 2908 II
700 2880 738 2910 e.
761 2871 800 2908 3.

1327 2934 1387 2983 11
1402 2932 1430 2962 ‘³‘

1712 2268 1753 2299 25

1709 2686 1750 2718 30
