1986 3152
256 139 360 191 390
928 140 1175 180 EUSEBH

258 255 613 326 ἐπιστραφεὶς
658 257 842 310 ἐλπίδι
883 255 979 310 καὶ
1025 260 1204 311 πίστει
1242 260 1313 329 τῇ
1334 261 1436 321 -εἰς
1475 256 1646 328 θεὸν,
1699 257 1863 329 ἤγετο

254 338 392 412 πρὸς
425 343 525 393 τοῦ
554 344 718 394 θείου
751 338 1066 411 πνεύματος
1097 339 1611 413 χειραγωγούμενος
1643 343 1732 397 ε’πὶ
1761 339 1866 412 τήν

255 423 587 494 Καισαρέων
617 422 808 494 πόλιν,
842 428 985 479 ἔνθα
1009 421 1311 496 ἡτοίμαστο
1336 422 1490 500 αὐτῷ
1523 422 1552 480 ὁ
1587 430 1689 482 τοῦ
1720 450 1866 498 μαρ-

254 513 453 579 τυρίου
494 511 591 578 τῆς
633 513 959 579 θεοσεβείας
1003 508 1294 580 στέφανος.
1369 513 1416 563 6.
1472 509 1772 582 γενόμενος
1803 510 1866 566 δὲ

208 590 388 664 ὃὴμῖν
430 589 621 656 αὐτοῖς
663 591 806 664 ἅμα,
859 593 953 647 καὶ
1007 589 1082 657 ὡς
1125 597 1207 648 ἔνι
1247 592 1484 665 μάλιστα
1534 606 1650 659 τοῖς
1690 600 1867 660 θείοις

250 676 435 747 λόγοις
469 673 554 732 ἐπ’
590 673 785 746 ὀλίγον
818 676 1255 748 συλλεξάμενος,
1289 675 1564 749 ἄσκήσεσί
1597 701 1655 734 τε
1688 697 1866 752 προσ-

250 760 511 831 ηκούσαις
587 760 941 833 ἐκθυμότατα
1011 762 1585 835 παρασκευασάμενος
1609 807 1622 833 ,
1708 764 1864 830 τέλος

251 841 372 900 οἷον
405 845 796 917 ἐπιδέδεικται,
830 852 913 911 τίς
934 845 1038 918 μὲν
1062 845 1394 903 πάλινκίδών
1421 846 1490 903 ού
1515 848 1864 920 κατεπλάγη;

254 933 299 984 7.
347 935 430 995 τίς
482 927 535 984 δ’
582 923 748 995 αὖθις
789 928 932 1003 ἀκοῇ
975 930 1318 1003 παραλαβών
1372 929 1477 987 οὐκ
1518 929 1590 987 ὂὶν
1634 934 1866 998 ἐνδίκως

190 1033 231 1064 10
252 1013 563 1085 θαυμάσειε
593 1013 651 1070 τὸ
687 1013 934 1087 θάρσος,
975 1013 1082 1086 την
1121 1022 1470 1088 παρρησίαν,
1524 1015 1627 1087 τὴν
1663 1021 1863 1072 ἔνστα-

251 1118 371 1168 σιν,
425 1098 517 1153 καὶ
569 1097 679 1169 πρό
724 1121 786 1168 γε
839 1099 1055 1154 τούτων
1095 1098 1198 1170 τὴν
1239 1099 1449 1171 τόλμαν
1488 1101 1580 1155 καὶ
1621 1098 1760 1156 αύτὸ
1803 1100 1863 1156 τὸ

253 1185 576 1254 ἐγχείρημα,
597 1181 775 1253 ’ζήλου
805 1189 1131 1254 θεοσεβείας
1163 1184 1255 1239 καὶ
1287 1183 1602 1256 πνεύματος
1628 1182 1700 1250 ὥς
1726 1182 1872 1256 ἆλη-’

249 1271 369 1332 θῶς
410 1261 561 1339 ὑπὲρ
594 1265 902 1339 ἄνθρωπον
931 1269 1246 1340 παρέχοντα
1277 1268 1571 1341 τεκμήρια;
1633 1273 1679 1323 8.
1727 1272 1864 1324 δευ-

249 1351 412 1424 τέρας
453 1350 561 1423 γάρ
607 1373 689 1406 τοι
728 1349 862 1406 καθ’
895 1346 1058 1424 ἡμῶν
1105 1353 1407 1424 γενομένης
1440 1352 1864 1418 ἐπαναστάσεως

186 1452 226 1484 15
249 1430 363 1491 ύπό
400 1437 751 1507 Μαξιμίνου,
783 1442 952 1511 τρίτῳ
983 1441 1084 1492 τοῦ
1115 1435 1253 1492 καθ’
1277 1435 1421 1508 ἡμᾶς
1455 1442 1561 1492 ἔτει
1593 1441 1862 1509 διωγμοῦ,

248 1519 589 1592 γραμμάτων
628 1542 687 1575 τε
727 1525 831 1576 τοῦ
874 1520 1162 1594 τυράννου
1205 1526 1371 1577 τοῦτο
1414 1526 1637 1593 πρῶτον
1668 1525 1863 1577 διαπε-

249 1603 623 1676 φοιτηκότων,
679 1599 752 1669 ὥς
805 1602 878 1659 ἂν
931 1607 1208 1678 πανδημεὶ
1263 1605 1466 1671 πάντες
1519 1600 1860 1672 ἁπαξαπλῶς

248 1686 368 1760 μετ’
408 1691 715 1760 ἐπιμελείας
757 1690 851 1743 καὶ
897 1695 1147 1762 σπουδῆς
1192 1695 1306 1746 τῶν
1349 1689 1486 1746 κατὰ
1529 1690 1713 1755 πόλεις
1754 1687 1859 1762 άρ-

249 1773 464 1845 χόντων
507 1773 736 1844 θύοιεν,
781 1773 1047 1846 κηρύκων
1087 1798 1145 1831 τε
1188 1771 1320 1831 καθ’
1357 1773 1488 1846 ὅλης
1520 1779 1615 1845 τῆς
1645 1780 1861 1830 Καισα-

185 1874 227 1907 20
252 1859 396 1930 ρέων
437 1857 650 1922 πόλεως
691 1857 903 1931 ἄνδρας
953 1858 1066 1931 ἅμα
1115 1859 1332 1929 γυναιξὶ
1385 1859 1478 1913 καὶ
1517 1860 1731 1923 τέκνοις
1774 1858 1864 1913 ἐπὶ

248 1941 381 2007 τούς
414 1946 528 1997 τῶν
559 1942 810 1998 εἰδώλων
850 1952 1040 2008 οἴκους
1074 1945 1126 2010 ἐξ
1163 1941 1504 2015 ἡγεμονικοῦ
1547 1942 1862 2014 κελεύσμα-

247 2047 339 2090 τος
371 2024 818 2098 ἆναβοωμένων,
863 2028 957 2083 καὶ
997 2027 1139 2100 πρὸς
1170 2027 1386 2092 τούτοις
1419 2025 1688 2099 ὀνομαστὶ
1719 2033 1861 2099 χιλι-

249 2108 437 2182 άρχων
469 2107 577 2165 ἀπὸ
608 2116 828 2183 γραφῆς
862 2113 1096 2167 ἕκαστον
1127 2110 1631 2183 ἀνακαλουμένων,
1665 2109 1861 2186 οἷφάτῳ

248 2216 306 2248 τε
351 2192 600 2248 κλύδωνι
639 2217 831 2249 κακων
869 2218 985 2251 των
1039 2195 1352 2267 πανταχόσε
1404 2195 1859 2266 συγκεχυμένων,

185 2294 226 2326 25
250 2275 480 2348 αφόβως
511 2272 539 2332 ὁ
575 2279 986 2350 δεδηλωμένος,
1030 2278 1269 2350 μηδενὸς
1303 2279 1392 2334 ἐπὶ
1423 2302 1497 2334 τω
1532 2286 1861 2351 πραχθησο-

247 2361 399 2436 μένω
433 2361 753 2427 συνειδότος
786 2360 969 2437 αύτῷ,
1002 2361 1143 2435 ἡμᾶς
1163 2369 1340 2434 τε,οἳ
1358 2358 1479 2418 κατ’
1514 2362 1671 2419 οἷκον
1703 2361 1859 2418 αύτω

249 2450 530 2517 συνῆμεν,
564 2447 657 2500 καὶ
689 2452 767 2502 ἔτι
799 2467 912 2515 παν
942 2446 1003 2503 τὸ
1035 2448 1162 2520 περὶ
1184 2471 1285 2503 τον
1313 2446 1559 2520 ἡγεμόνα
1590 2464 1861 2520 στρατιω-

247 2528 399 2586 τικόν
453 2543 647 2602 στῖφος
698 2506 1054 2602 ύπόκλέψας,
1109 2533 1406 2588 σπένδοντι
1453 2537 1531 2607 τῷ
1579 2528 1861 2606 Οὐρβανῷ

251 2614 526 2687 πρόσεισι,
558 2616 651 2669 καὶ
681 2620 776 2687 τῆς
808 2618 989 2683 δεξιοῖς
1014 2613 1447 2688 ἀκαταπλήκτως
1472 2613 1650 2672 αὐτὸν
1682 2614 1862 2686 λαβό-

185 2713 226 2745 30
249 2721 416 2771 μενος
447 2699 759 2755 κατέπαυσε
780 2699 885 2772 μὲν
909 2706 1244 2774 παραχρῆμα
1269 2705 1370 2756 τοῦ
1391 2699 1559 2756 θύειν
1575 2743 1589 2770 ,
1622 2693 1689 2755 εὖ
1712 2699 1862 2771 μάλα

252 2783 314 2838 δὲ
346 2789 839 2856 συμβουλευτικοῖς
881 2785 1016 2856 μετά
1054 2808 1200 2851 τινος
1239 2791 1404 2840 θείου
1437 2783 1875 2858 παραστήματος·

1918 2749 1951 2766 κ’.

252 2867 506 2941 παρῄνει]
557 2868 885 2924 παύσασθαι
934 2874 1030 2941 τῆς
1084 2869 1322 2941 πλάνης·
1388 2867 1462 2940 μὴ
1515 2868 1622 2941 γάρ
1677 2872 1861 2932 καλῶς
1918 2914 1931 2932 ,
