1986 3152
255 151 361 206 354
881 148 1129 190 EUSEBII

256 290 366 324 των
407 263 485 331 εἷς
528 286 638 321 που
678 265 772 320 καὶ
813 264 1072 338 δεύτερος
1113 260 1180 320 οῦ
1222 264 1397 337 μόνον
1437 271 1533 338 τῆς
1575 265 1732 333 ἀξίας
1763 265 1867 338 τὴν

257 348 563 422 ἀποβολὴν,
595 347 736 405 ἀλλά
753 349 847 405 καὶ
870 348 1125 405 θάνατον
1147 354 1244 420 τῆς
1261 346 1532 421 εὐσεβοῦς
1556 349 1865 416 ένστάσεως

257 433 847 505 ἀντικατηλλάττοντο,
887 437 1125 507 μετρίως
1168 454 1284 500 πως
1322 432 1431 505 ἤδη
1472 432 1595 490 τότε
1625 439 1729 491 τοῦ
1758 434 1864 506 τὴν

260 517 524 590 ἐπιβολὴν
557 519 923 591 ἐνεργοῦντος
954 517 1047 573 καὶ
1087 518 1276 591 μέχρις
1308 521 1538 590 αἵματος
1573 516 1656 574 ἐπ’
1697 520 1866 575 ἐνίων

214 631 233 660 5
257 603 498 676 φθάνειν
530 603 958 674 ἐπιτολμῶντος,
990 606 1095 657 τοῦ
1118 601 1407 674 πλήθους,
1443 600 1515 668 ὠς
1547 606 1722 672 ἔοικε,
1753 607 1867 658 τῶν

255 692 468 744 πιστῶν
500 686 891 759 δεδιττομένου
931 709 990 742 τε
1021 683 1199 743 αὐτὸν
1231 689 1307 742 ε’τι
1338 687 1431 742 καὶ
1462 684 1867 751 ἀποκναίοντος

258 773 350 828 ἐπὶ
387 770 487 828 τὸν
527 770 666 827 κατὰ
707 770 935 826 πάντων
974 768 1197 842 ἀθρόως
1244 773 1552 845 ἐφορμῆσαι
1602 770 1866 843 πόλεμον.

256 860 306 913 5.
374 854 448 921 ὡς
508 855 571 911 δὲ
620 856 714 910 καὶ
764 855 1111 927 γυμνότερον
1165 855 1505 912 ἐπαπεδύετο
1560 854 1687 911 οὐδ’
1757 859 1871 911 ἔστι

257 940 407 1016 λόγῳ
439 937 686 996 δυνατὸν
717 938 1142 1011 ἀφηγήσασθαι,
1176 938 1346 1005 ὅσους
1377 940 1471 1012 καὶ
1502 938 1732 1005 ὁποίους
1765 944 1870 996 τοῦ

195 1051 235 1082 10
257 1029 401 1081 θεοῦ
452 1023 736 1097 μάρτυρας
788 1021 1104 1096 ὀφθαλμοῖς
1156 1029 1343 1097 παρῆν
1395 1022 1533 1096 ὁρᾶν
1593 1037 1707 1090 τοῖς
1759 1022 1869 1087 ἀνὰ

260 1108 444 1174 πάσας
475 1108 570 1174 τάς
602 1130 659 1164 τε
690 1107 876 1173 πόλεις
907 1109 1000 1162 καὶ
1031 1107 1129 1172 τάς
1159 1108 1345 1181 χώρας
1376 1113 1646 1164 οἰκοῦσιν.

400 1203 453 1251 V.
510 1201 638 1267 [Ni‘c.
679 1202 737 1250 H.
779 1201 833 1250 E.
874 1201 973 1258 VII,
1014 1199 1086 1266 5.]
1164 1190 1383 1248 Αὐτίκα
1429 1197 1573 1262 γοῦν
1612 1196 1726 1248 τῶν
1765 1190 1872 1248 οῦκ

258 1275 491 1349 ἀσήμων
520 1299 630 1347 τις,
685 1273 828 1331 ἀλλά
878 1276 972 1331 καὶ
1026 1271 1172 1346 ὅέγαν
1224 1275 1363 1332 κατὰ
1403 1273 1502 1342 τὰς
1544 1279 1604 1333 ἐν
1646 1281 1724 1352 τῷ
1765 1281 1873 1352 βίω

259 1360 660 1433 νενομισμένας
700 1358 982 1433 ὑπεροχάς
1029 1360 1437 1432 ἐνδοξοτάτων,
1490 1359 1603 1433 ἅμα
1653 1365 1731 1435 τῷ
1769 1359 1874 1432 τὴν

198 1472 236 1504 15
260 1445 396 1502 κατὰ
444 1449 559 1501 τῶν
603 1447 909 1516 ἐκκλησιῶν
951 1446 1012 1500 ἐν
1053 1449 1122 1518 τῇ
1154 1449 1502 1520 Νικομηδεία
1532 1450 1875 1519 προτεθῆναι

258 1529 518 1604 γραφήν,
551 1529 692 1606 ζήλῳ
723 1533 802 1605 τῷ
832 1528 972 1603 κατᾲ
1003 1528 1144 1586 θεὸν
1174 1528 1570 1602 ὑποκινηθεὶς,
1613 1529 1871 1606 διαπύρῳ

258 1637 317 1671 τε
350 1613 669 1687 ἐφορμήσας
711 1618 779 1686 τῇ
816 1619 1023 1685 πίστει,
1069 1616 1129 1670 ἐν
1170 1626 1454 1689 προφανεῖ
1489 1616 1582 1670 καὶ
1624 1618 1873 1690 δημοσίῳ

262 1700 522 1771 κειμένην
553 1697 627 1765 ὡς
659 1697 896 1755 ἀνοσίαν
937 1699 1033 1754 καὶ
1063 1697 1439 1772 ἀσεβεστάτην
1470 1697 1695 1755 ἀνελών
1726 1716 1872 1755 σπα-

262 1782 471 1857 ράττει,
528 1787 694 1839 δυοῖν
738 1782 1126 1856 έπιπαρόντων
1165 1783 1304 1840 κατὰ
1345 1783 1447 1855 τὴν
1487 1781 1670 1855 αὐτὴν
1711 1783 1876 1840 πόλιν

196 1892 238 1923 20
261 1868 563 1939 βασιλέων,
603 1869 709 1924 τοῦ
736 1891 793 1924 τε
824 1867 1212 1941 πρεσβυτάτου
1256 1874 1370 1925 τῶν
1412 1865 1599 1924 ἄλλων
1640 1868 1734 1923 καὶ
1774 1872 1876 1924 τοῦ

260 1952 360 2008 τὸν
390 1953 653 2026 τέταρτον
696 1950 805 2008 ἀπὸ
851 1951 1055 2009 τούτου
1095 1957 1192 2024 τῆς
1233 1950 1407 2027 ἀρχῆς
1450 1955 1876 2026 ἐπικρατοῦντος

260 2036 504 2108 βαθμόν.
565 2034 691 2093 ἀλλ’
726 2031 892 2103 οὗτος
921 2036 1026 2109 μὲν
1055 2043 1170 2094 τῶν
1199 2037 1460 2108 τηνικάδε
1491 2042 1710 2111 πρῶτος
1740 2039 1875 2092 τοῦ-

261 2142 359 2175 τον
391 2121 701 2193 διαπρέψας
731 2119 830 2176 τὸν
859 2120 1101 2194 τρόπον,
1134 2121 1248 2193 ἅμα
1277 2144 1336 2177 τε
1365 2125 1625 2191 τοιαῦτα,
1658 2117 1748 2176 οἷα
1781 2121 1875 2175 καὶ

263 2202 411 2269 εἰκὸς
452 2197 554 2276 ἦν,
594 2202 905 2276 ὑπομείνας
952 2203 1105 2260 ὦσάν
1148 2205 1239 2261 ἐπὶ
1278 2204 1510 2281 τοιούτω
1551 2203 1874 2277 τολμήματι,

199 2312 241 2343 25
263 2287 326 2344 τὸ
360 2286 580 2344 ἄλυπον
609 2288 703 2343 καὶ
734 2286 1010 2362 ἀτάραχον
1050 2294 1130 2355 εἰς
1171 2286 1350 2361 αὐτὴν
1390 2294 1717 2346 τελευταίαν
1762 2293 1876 2345 διε-

263 2372 503 2446 τήρησεν
536 2371 843 2444 ἀναπνοήν.

407 2467 486 2516 VI.
567 2467 692 2531 [Nic.
733 2467 791 2517 H.
832 2468 886 2517 E.
928 2467 1034 2525 VII,
1074 2466 1148 2534 5.]
1225 2457 1468 2516 Πάντων
1499 2458 1580 2530 δὲ,
1612 2457 1735 2514 ὅσοι
1763 2462 1879 2513 τῶν

263 2540 487 2597 πώποτε
539 2538 927 2614 ἀνυμνοῦνται
978 2541 1430 2615 θαυμάσιοικαὶ
1484 2539 1572 2599 ἐπ’
1641 2541 1876 2616 ἀνδρείᾳ

265 2625 624 2698 βεβοημένοι,
658 2635 768 2683 εἴτε
791 2622 926 2701 παρ’
945 2625 1211 2699 ’Ἕλλησιν
1242 2637 1351 2685 εἴτε
1381 2626 1531 2701 παρὰ
1555 2626 1877 2702 βαρβάροις,

203 2732 245 2765 30
267 2715 463 2777 θείους
514 2707 750 2782 ἤνεγκεν
793 2709 820 2768 ὁ
854 2711 1046 2785 καιρὸς
1086 2713 1181 2768 καὶ
1221 2716 1546 2786 διαπρεπεῖς
1591 2710 1877 2784 μάρτυρας
1939 2752 1943 2753 ff

267 2793 396 2861 τοῦς
427 2792 571 2867 ἀμφὶ
601 2793 699 2851 τὸν
729 2796 1039 2869 Δωρόθεον
1069 2796 1393 2868 βασιλικούς
1423 2800 1656 2868 παῖδας,
1699 2801 1758 2851 οἳ
1782 2794 1876 2850 καὶ
1913 2853 1921 2866 χ

270 2884 368 2950 τῆς
399 2878 665 2937 ἀνωτάτω
707 2877 857 2955 παρὰ
897 2892 1011 2947 τοῖς
1044 2881 1336 2948 δεσπόταις
1375 2878 1672 2954 ἠξιωμένοι
1701 2881 1877 2951 τιμῆς,
