1986 3152
268 121 370 174 326
949 120 1196 161 EUSEBII

260 236 510 307 “ε“ορταῑς
552 237 643 291 καὶ
685 241 914 302 θυσίαις
953 237 1046 292 καὶ
1089 239 1309 310 ἱερείων
1353 251 1607 310 σφαγαῖς.
1679 242 1727 296 4.
1771 237 1877 312 ἐγώ

261 316 362 376 “δὲ
407 317 677 391 ἀθετῆσαι
729 319 834 391 μὲν
875 317 979 376 οὐκ
1031 315 1103 376 ἂν
1147 317 1474 394 τολμήσαιμι
1525 320 1586 378 τὸ
1637 328 1877 396 βιβλίον,

260 403 518 460 “nostae-521
558 402 690 460 αὐτὸ
738 402 830 460 δια
861 406 1112 477 σπουδῆς
1153 403 1392 476 ἐχόντων
1428 403 1721 480 ἆδελφων,
1763 413 1879 481 μεί-

260 487 426 557 ζονα
460 488 519 544 δὲ
549 492 644 560 τῆς
687 490 927 561 ἐμαυτοῦ
971 486 1295 563 φρονήσεως
1326 487 1428 562 τὴν
1465 485 1747 563 ὑπόληψιν
1774 491 1880 563 τὴν

226 573 274 628 5‘
278 573 423 646 περὶ
456 570 628 629 αὐτοῦ
659 570 988 646 λαμβάνων,
1034 575 1423 646 κεκρυμμένην
1459 573 1609 631 εἷναί
1633 598 1757 632 τινα
1788 577 1880 632 καὶ

260 657 764 731 “θαυμασιωτέραν
793 656 896 728 τὴν
926 655 1060 714 καθ’
1103 659 1337 714 ἕκαστον
1370 656 1605 731 ἐκδοχὴν
1633 657 1880 732 ὑπολαμ-

259 740 467 813 “βα’νω.
529 743 620 797 καὶ
652 741 757 814 γὰρ
794 746 844 797 εἰ
873 740 946 814 μὴ
973 746 1220 814 συνίημι,
1253 738 1376 798 ἀλλ’
1400 741 1629 800 ὑπονοῶ
1649 765 1713 816 γε
1741 746 1884 801 νοῦν

259 825 420 884 “avda
466 823 786 898 βαθύτερον
833 829 1123 898 ἐγκεῖσθαι
1175 840 1289 894 τοῖς
1343 824 1597 900 ῥήμασιν.
1681 830 1729 885 5.
1779 826 1884 885 οῦκ

260 908 424 967 “wem
456 915 628 966 ταῦτα
658 912 876 984 μετρῶν
906 911 997 967 καὶ
1040 916 1252 983 κρίνων
1294 915 1567 988 λογισμῷ,
1606 917 1788 969 πίστει
1821 912 1880 969 δε

205 993 274 1051 10‘
279 991 358 1052 τὸ
389 995 559 1051 πλέον
589 995 792 1067 νέμων,
824 990 1139 1067 υψηλότερα
1171 989 1327 1065 ἢῦπ’
1358 998 1491 1068 ἐμοῦ
1521 1002 1882 1068 καταληφθῆ-

262 1078 394 1136 “vac
441 1076 736 1151 νενόμικα,
783 1079 876 1134 καὶ
925 1102 1028 1136 ουκ
1069 1077 1456 1151 ἀποδοκιμάζω
1496 1104 1701 1151 ταυτα,
1743 1103 1777 1135 α
1808 1079 1883 1153 μὴ

261 1161 652 1237 “συνεω’ρακα,
695 1162 962 1235 θαυμάζω
996 1163 1056 1218 δε
1084 1165 1296 1235 μᾶλλον
1326 1187 1409 1219 οτι
1449 1161 1522 1235 μὴ
1554 1165 1648 1220 καὶ
1680 1161 1878 1222 εἷδον.”

269 1253 316 1304 6.
365 1249 454 1303 ἐπὶ
496 1245 708 1312 τούτοις
739 1246 841 1318 τὴν
880 1243 1017 1319 ὅλην
1046 1249 1142 1318 τῆς
1180 1243 1606 1316 Ἀποκαλύψεως
1647 1253 1883 1319 βασανί-

270 1351 370 1398 σας
401 1330 642 1406 γραφὴν,
674 1327 958 1388 ἀδύνατον
990 1330 1051 1388 δὲ
1082 1327 1260 1404 αὐτὴν
1290 1329 1428 1388 κατα
1457 1331 1564 1405 τήν
1586 1330 1881 1406 πρόχειρον

206 1439 247 1471 15
269 1413 564 1484 ἀποδείξας
594 1425 851 1473 νοεῖσθαι
895 1414 1167 1487 διάνοιαν,
1211 1417 1461 1490 ἐπιφέρει
1503 1417 1682 1488 λέγων
1714 1415 1918 1474 “mm-⁴

262 1500 521 1567 “τελε’σας
565 1499 634 1573 δὴ
673 1506 859 1558 πᾶσαν
901 1499 972 1567 ὡς
1005 1506 1184 1558 εἰπεῖν
1216 1497 1317 1574 τὴν
1352 1506 1731 1575 προφητείαν,
1775 1525 1884 1573 μα-

263 1584 505 1656 “καρίζει
560 1583 589 1642 ὁ
635 1583 922 1658 προφήτης
977 1583 1107 1652 τούς
1156 1610 1215 1642 τε
1269 1583 1658 1656 φυλάσσοντας
1710 1583 1887 1658 αὐτὴν

264 1668 392 1726 ς’καὶ
427 1669 495 1742 δὴ
526 1671 619 1726 καὶ
651 1669 864 1727 ἑαυτόν.
925 1668 1193 1745 μακάριος
1232 1668 1367 1741 γὰρ,
1408 1672 1601 1743 φησὶν,
1643 1669 1671 1727 ὁ
1700 1673 1887 1771 τηρῶν

265 1751 431 1819 “τους
474 1752 673 1826 λόγους
716 1757 813 1826 τῆς
863 1762 1202 1828 προφητείας
1253 1778 1352 1811 του
1397 1760 1622 1827 βιβλίου
1666 1777 1887 1826 τουτου,

209 1835 455 1911 εο“κάγώ
480 1837 740 1911 Ἰωάννης
771 1834 800 1896 ὁ
831 1840 1057 1911 βλέπων
1086 1841 1178 1897 καὶ
1209 1835 1433 1896 ακούων
1462 1842 1649 1896 ταῦτα.
1714 1843 1759 1896 7.
1793 1861 1888 1895 κα-

265 1918 524 2023 ’ἱλεῐσθαι
555 1947 658 1996 μεν
687 1947 791 1980 ουν
822 1920 994 1981 αὐτὸν
1017 1922 1299 1997 Ἰωάννην,
1334 1924 1425 1980 καὶ
1459 1924 1602 1981 εἶναι
1632 1920 1734 1995 τὴν
1757 1946 1887 1994 γρα-

263 2003 417 2079 “φὴν
443 2004 704 2065 Ἰωάννου
735 2006 974 2081 ταύτην,
1019 2032 1124 2066 ουκ
1153 2007 1383 2080 άντερω.
1447 2005 1611 2081 ἁγίου
1648 2031 1753 2081 μεν
1783 2031 1887 2081 γαρ

267 2089 454 2147 “chous
489 2116 638 2159 τινος
678 2093 769 2147 καὶ
801 2093 1190 2150 θεοπνεύστου
1221 2113 1500 2164 συναινω,
1542 2089 1610 2148 οῦ
1641 2090 1754 2164 μὴν
1785 2095 1888 2166 ῥα-

268 2172 491 2240 “δίως
470 2173 540 2232 οὶν
570 2182 885 2248 συνθείμην
916 2180 1114 2234 τοῦτον
1139 2176 1283 2233 εἶναι
1313 2174 1413 2233 τὸν
1433 2172 1760 2246 ἀπόστολον,
1791 2172 1888 2230 τὸν

210 2258 279 2314 25‘
284 2257 431 2316 υιόν
462 2265 798 2332 Ζεβεδαίου,
842 2260 939 2317 τὸν
968 2257 1219 2333 ἀδελφὸν
1243 2257 1537 2332 Ἰακώβου,
1579 2261 1647 2317 οὐ
1687 2257 1748 2316 τὸ
1792 2254 1890 2314 εῦ-

265 2341 563 2416 “αγγε’λιον
602 2342 662 2400 τὸ
703 2368 839 2400 κατα
885 2342 1153 2417 Ἰωάννην
1195 2345 1675 2417 ἐπιγεγραμμένον
1715 2343 1808 2399 καὶ
1854 2368 1884 2415 η

266 2425 568 2499 “ε’πιστολὴ
612 2423 646 2500 ἡ
692 2430 979 2502 καθολική.
1066 2435 1112 2487 8.
1161 2435 1524 2503 τεκμαίρομαι
1569 2427 1674 2502 γάρ
1717 2433 1785 2503 Δἔκ
1829 2449 1889 2483 τε

268 2507 404 2569 “τοῦ
446 2509 623 2584 ἤθους
669 2514 946 2586 ἑκατέρων
999 2515 1090 2570 καὶ
1138 2517 1237 2571 τοῦ
1291 2517 1403 2570 τῶν
1457 2511 1639 2586 λόγων
1685 2516 1888 2582 εἴδους,

270 2587 399 2654 ’ἐκαὶ
429 2601 525 2668 τῆς
568 2599 664 2653 τοῦ
696 2603 916 2669 βιβλίου
962 2601 1298 2671 διεξαγωγῆς
1331 2599 1647 2671 λεγομένης,
1687 2594 1761 2669 μὴ
1792 2592 1891 2651 τὸν

212 2676 477 2739 εο“αὐτὸν
519 2681 677 2738 εἶναι.
745 2678 774 2738 ὁ
816 2683 918 2756 μὲν
959 2681 1064 2758 γὰρ
1106 2679 1496 2756 εὐαγγελιστὴς
1537 2678 1785 2753 οὐδαμοῦ
1825 2677 1886 2735 τὸ
1923 2756 1926 2757 ⁷

394 2879 444 2918 18
476 2877 613 2930 Apoc.
645 2878 713 2928 22,
745 2878 783 2917 7.
816 2876 856 2918 8.
