1986 3152
264 112 370 164 430
945 110 1191 152 EUSEBII

263 235 423 300 βειαν
454 227 544 283 διὰ
577 229 828 297 σπουδῆς
857 227 1227 327 ποιουμένους
1258 221 1287 282 ὁ
1319 227 1587 300 θεομισὴς
1618 229 1874 295 εἰδώλοις

261 311 428 368 θύειν
467 311 557 366 καὶ
600 315 863 382 δαίμοσιν
913 309 1292 381 ἐπαναγκάσαι
1333 313 1730 418 πεπειραμένος
1777 315 1870 386 ἐχ-

260 394 442 469 θρους
494 393 621 451 ἀντὶ
669 400 853 467 φίλων
908 395 1001 449 καὶ
1054 399 1355 467 πολεμίους
1396 393 1521 450 ἀντὶ
1562 396 1872 469 συμμάχων

261 479 647 550 κατεστήσατο.
708 482 757 535 3.
805 476 1030 551 ἀθρόως
1075 477 1143 550 δὴ
1184 483 1362 534 ταῦτα
1401 477 1582 536 πάντα
1619 475 1723 552 ’ὑφ’
1770 483 1869 537 ἕνα

219 585 238 618 5
261 564 352 619 καὶ
383 561 484 620 τὸν
507 559 685 620 αύτόν
710 561 1099 636 συρρεύσαντα
1122 561 1315 636 καιρὸν
1336 569 1433 634 τῆς
1457 568 1560 620 τοῦ
1583 562 1866 638 τυράννου

258 647 614 720 θρασύτητος
654 646 758 719 τὴν
799 646 936 702 κατά
980 650 1081 702 τοῦ
1121 652 1286 703 θείου
1327 654 1713 720 μεγαλαυχίαν
1744 647 1868 720 διή-

259 735 482 803 λεγξεν,
524 731 606 788 ὅτι
653 731 719 802 δὴ
761 736 861 803 τῆς
902 732 1028 805 περὶ
1059 730 1125 786 τά
1159 735 1363 788 εἴδωλα
1404 730 1583 788 αὐτοῦ
1614 737 1868 804 σπουδῆς

259 817 353 871 καὶ
382 822 480 888 τῆς
511 814 644 872 καθ’
678 811 839 888 ἡμῶν
882 818 1044 872 ἕνεκα
1075 821 1394 888 πολιορκίας
1424 815 1498 889 μῆ
1533 815 1697 888 λιμὸν
1724 817 1868 889 μηδὲ

258 900 455 973 λοιμὸν
484 900 626 973 μηδὲ
655 899 766 973 μὴν
806 899 1047 973 πόλεμον
1090 901 1180 956 ἐπὶ
1221 905 1336 956 τῶν
1377 899 1555 957 αὐτοῦ
1587 906 1868 973 συμβῆναι

197 1006 238 1038 10
259 989 470 1058 καιρῶν
513 983 874 1057 ἐθρασύνετο.
944 990 1119 1040 ταῦτα
1163 981 1214 1039 δ’
1261 977 1368 1041 οὖν
1409 983 1553 1057 ὁμου
1591 986 1685 1042 καὶ
1725 984 1866 1041 κατά

259 1068 320 1124 τὸ
355 1065 491 1124 αυτὸ
529 1068 839 1125 ἐπελθόντα
869 1069 961 1123 καὶ
990 1073 1089 1139 τῆς
1121 1067 1300 1124 αὐτοῦ
1343 1075 1733 1141 καταστροφῆς
1764 1091 1865 1125 πε-

259 1151 527 1225 ριειλήφει
569 1152 635 1208 τὰ
667 1158 942 1225 προοίμια.
1012 1156 1063 1209 4.
1110 1149 1282 1217 αὐτὸς
1319 1176 1423 1224 μεν
1465 1156 1572 1210 οὐν
1612 1154 1740 1226 περὶ
1768 1153 1866 1209 τὸν

259 1236 399 1308 πρὸς
427 1235 753 1309 Ἀρμενίους
783 1236 1029 1339 πόλεμον
1058 1235 1170 1309 ἅμα
1200 1248 1317 1302 τοῖς
1348 1235 1525 1293 αυτοῦ
1540 1239 1866 1341 στρατοπέ-

257 1325 372 1387 δοις
403 1333 789 1392 κατεπονεῖτο,
832 1344 967 1387 τους
998 1321 1060 1377 δε
1091 1319 1318 1386 λοιπούς
1347 1326 1460 1378 τῶν
1491 1320 1588 1387 τοὶς
1617 1320 1719 1378 υπ’
1753 1321 1860 1379 αύ-

193 1426 232 1457 15
255 1405 354 1462 τόν
406 1403 596 1472 πόλεις
649 1405 958 1462 οἰκούντων
1011 1403 1277 1471 δεινώςὸ
1248 1405 1478 1478 ολιμός
1519 1429 1578 1462 τε
1617 1430 1729 1479 αμα
1770 1407 1866 1462 καὶ
1937 1413 1945 1426 “

255 1490 441 1562 λοιμὸς
473 1491 905 1562 κατετρυχέτην,
950 1489 1022 1556 ὡς
1067 1489 1191 1555 ἑνὸς
1221 1490 1425 1564 μέτρου
1457 1495 1657 1563 πυρῶν
1687 1495 1864 1564 δισχι-

256 1581 378 1640 λίας
419 1576 512 1631 καὶ
558 1580 925 1640 πεντακοσίας
959 1572 1207 1640 Ἀττικάς
1257 1573 1865 1632 ἀντικαταλλάττεσθαι.

260 1663 303 1715 3.
350 1665 540 1732 μυρίοι
578 1660 681 1732 μὲν
721 1653 828 1715 οὖν
872 1659 1179 1731 ἐτύγχανον
1224 1663 1282 1715 oc
1318 1659 1457 1715 κατὰ
1499 1659 1685 1726 πόλεις
1713 1658 1863 1732 θνή-

257 1760 514 1814 σκοντες,
558 1750 786 1810 πλείους
829 1744 892 1800 δὲ
929 1742 1147 1800 τούτων
1188 1747 1246 1799 οἱ
1281 1742 1406 1799 κατ’
1441 1742 1651 1817 ἀγρούς
1680 1766 1740 1800 τε
1769 1746 1867 1801 καὶ

191 1848 231 1878 20
255 1826 471 1900 κώμας,
522 1827 596 1894 ὠς
626 1828 734 1900 ἤδη
776 1829 871 1884 καὶ
900 1828 997 1894 τάς
1029 1828 1196 1884 πάλαι
1225 1834 1337 1885 τῶν
1370 1826 1652 1902 ἀγροίκων
1682 1836 1862 1885 πολυ-

253 1912 500 1986 άνδρους
552 1911 885 1987 ἀπογραφὰς
936 1918 1135 1987 μικροῦ
1186 1917 1308 1969 δεῖν
1358 1918 1602 1984 παντελῆ
1655 1921 1863 1970 παθεῖν

255 1997 557 2068 ἐξάλειψιν,
603 1995 830 2072 ἀθρόως
872 1997 1075 2070 σχεδὸν
1118 1995 1383 2054 ἁπάντων
1426 1999 1615 2054 ἐνδειά
1652 2003 1863 2104 τροφῆς

254 2082 346 2136 καὶ
378 2081 635 2153 λοιμώδει
663 2081 813 2138 νόσω
848 2084 1291 2155 διεφθαρμένων.
1352 2086 1399 2137 6.
1446 2105 1591 2147 τινες
1620 2105 1725 2154 μεν
1755 2084 1862 2138 οὐν

253 2163 318 2219 τά
354 2166 569 2221 ἑαυτῶν
610 2172 847 2237 φίλτατα
885 2165 1233 2238 βραχυτάτης
1271 2170 1483 2237 τροφῆς
1527 2177 1644 2232 τοῖς
1685 2186 1860 2222 ευπο-

189 2267 229 2299 25
255 2251 512 2322 ρωτέροις
554 2247 880 2322 ἀπεμπολᾶν
924 2249 1152 2322 ἠξίουν,
1207 2249 1363 2306 άλλοι
1405 2249 1468 2305 δε
1510 2249 1606 2315 τὰς
1646 2249 1860 2322 κτήσεις

253 2333 391 2389 κατὰ
442 2332 622 2405 βραχυ
680 2334 1174 2405 διαπιπράσκοντες
1230 2339 1308 2400 εἰς
1355 2333 1592 2406 ἐσχάτην
1645 2336 1860 2400 ἐνδείας

255 2413 497 2489 ἀπορίαν
529 2415 810 2490 ῆλαυνον
857 2415 964 2491 ἤδη
996 2420 1065 2475 δέ
1088 2441 1232 2485 τινες
1264 2412 1466 2492 σμικρά
1497 2417 1703 2492 χόρτου
1735 2423 1858 2475 δια-

253 2501 574 2575 μασώμενοι
616 2502 1014 2576 σπαράγματα,
1064 2509 1163 2559 καί
1195 2527 1348 2570 τινας
1390 2502 1599 2576 ἀνέδην
1638 2511 1859 2577 φθορο-

255 2586 451 2653 ποιούς
495 2590 778 2653 ἐσθίοντες
810 2585 980 2660 πόας,
1021 2587 1124 2661 τὴν
1153 2594 1268 2645 τῶν
1309 2588 1579 2660 σωμάτων
1610 2590 1722 2655 ἕξιν
1752 2595 1857 2644 λυ-

194 2691 234 2722 30
257 2671 579 2744 μαινόμενοι
610 2671 931 2729 διώλλυντο.
996 2677 1040 2728 7.
1086 2673 1177 2729 καὶ
1208 2679 1461 2745 γυναίων
1486 2672 1548 2729 δὲ
1577 2677 1691 2729 τῶν
1720 2672 1859 2728 κατὰ
1927 2738 1945 2743 ,

253 2756 435 2822 πόλεις
475 2755 785 2828 εὐγενίδων
823 2758 998 2829 τινὲς,
1053 2763 1131 2824 εἰς
1182 2756 1566 2830 ἀναίσχυντον
1606 2755 1861 2829 ἀνάγκην
1931 2768 1934 2778 ¹

252 2841 390 2913 πρὸς
420 2847 514 2914 τῆς
546 2840 781 2915 ἀπορίας
814 2844 1132 2915 ἐλαθεῖσαι,
1163 2855 1435 2915 μεταιτεῖν
1462 2843 1686 2899 ἐπὶτῶν
1718 2839 1856 2913 ἀγο-
