1986 3152
269 122 371 175 388
952 119 1199 160 EUSEBII

270 239 364 294 καὶ
397 235 554 310 αὐτῷ
577 235 754 306 ὄνομα
786 228 886 306 ἦν,
919 239 1023 290 τοῦ
1055 235 1118 290 δὲ
1139 234 1238 301 τὰς
1272 241 1373 292 τοῦ
1405 235 1658 308 σώματος
1682 232 1874 300 αὐτοῖς

269 326 455 394 χρείας
497 319 966 391 διακονουμένου,
1009 317 1187 392 ὄνομα
1229 319 1415 376 δὲκαὶ
1446 319 1626 395 τούτῳ
1660 318 1869 376 Διονύ--

271 423 419 474 σιος,
475 408 532 460 οἱ
579 402 780 468 πάντες
833 399 980 478 ὀκτῴ
1035 404 1324 477 γενόμενοι
1373 403 1472 460 τὸν
1523 401 1770 476 ἀριθμὸν
1815 405 1876 459 ἐν

268 485 448 562 ἡμέρα
478 493 576 562 μιᾷ
606 487 703 553 τὰς
733 486 979 559 κεφαλὰς
1010 482 1179 555 αὖθις
1211 487 1300 545 ἐπ’
1334 486 1507 559 αὐτῆς
1539 493 1876 560 Καισαρείας

229 572 709 645 ὀάποτέμνονται,
762 571 1029 646 Δύστρου
1079 572 1256 646 μηνὸς
1309 571 1488 646 ἡμέρα
1526 571 1744 645 τετράδι
1783 572 1878 627 καὶ

270 657 475 728 εἰκάδι,
517 654 554 728 ἣ
586 655 694 730 πρὸ
730 657 891 712 ἐννέα
922 662 1238 714 Καλανδῶν
1257 655 1590 731 Ἀπριλλίων
1612 657 1706 713 καὶ
1736 653 1879 726 αὐτὴ

270 735 415 798 οὖσα
470 741 788 813 ἐτύγχανεν.
873 745 922 796 5.
993 743 1053 798 ἐν
1104 742 1284 818 τούτῳ
1335 740 1610 814 μεταβολή
1648 763 1727 806 τις
1765 744 1881 796 τῶν

269 825 657 899 κρατούντων,
714 823 891 881 αὐτοῦ
944 825 1014 898 δὴ
1056 832 1159 882 τοῦ
1199 826 1428 882 πάντων
1480 823 1747 882 ἀνωτάτω
1787 825 1879 880 καὶ

269 915 371 966 τοῦ
413 908 536 982 μετ’
581 908 757 966 αὐτὸν
797 911 1096 983 δευτέρου,
1143 911 1233 966 ἐπὶ
1276 910 1336 967 τὸ
1381 908 1659 966 ἰδιωτικὸν
1701 913 1883 981 σχῆμα

208 1018 249 1050 10
271 1002 505 1067 γίνεται,
537 1007 727 1050 νοσεῖν
751 1017 810 1050 τε
834 992 1026 1060 αὐτοῖς
1050 991 1274 1067 ἄρχεται
1295 994 1361 1050 τὰ
1385 992 1560 1050 κοινά.
1604 998 1652 1049 6.
1683 991 1883 1065 μικρὸν

272 1078 325 1135 δ’
359 1078 597 1150 ὕστερον
639 1077 937 1150 διαστάσης
979 1083 1055 1144 εἰς
1098 1077 1304 1151 ἑαυτὴν
1345 1083 1439 1150 τῆς
1465 1073 1748 1150 Ῥωμαίων
1778 1075 1882 1149 ἀρ-

271 1168 370 1234 χῆς
413 1162 650 1234 πόλεμος
693 1161 975 1227 ἄσπονδος
1020 1168 1100 1228 εἰς
1145 1161 1354 1228 αὐτούς
1397 1165 1768 1234 ἐπεγείρεται,
1812 1159 1880 1216 οὐ

272 1247 547 1320 πρότερόν
585 1269 644 1302 τε
685 1245 751 1302 τά
792 1251 891 1318 τῆς
933 1246 1270 1313 διαστάσεως
1317 1247 1553 1302 καὶτῶν
1587 1246 1678 1302 ἐπὶ
1707 1244 1881 1318 ταύτῃ

270 1331 541 1404 θορύβων
583 1330 918 1392 κατάστασιν
962 1338 1191 1404 εἴληφεν
1234 1327 1269 1403 ἢ
1313 1331 1415 1402 τὴν
1446 1329 1580 1386 καθ’
1613 1329 1758 1403 ἡμᾶς
1802 1333 1884 1385 εἰ-

209 1439 249 1471 15
273 1415 450 1489 ρήνην
489 1414 621 1471 καθ’
655 1415 789 1487 ὅλης
828 1421 1292 1489 πρυτανευθῆναι
1330 1420 1428 1488 τῆς
1468 1413 1582 1471 ὑπὸ
1625 1413 1728 1486 τὴν
1751 1408 1885 1470 Ῥω-

272 1505 454 1573 μαίων
485 1498 665 1573 ἀρχὴν
695 1501 1045 1572 οἰκουμένης.
1121 1505 1164 1556 7.
1213 1498 1326 1574 ἅμα
1365 1523 1424 1557 τε
1460 1499 1568 1572 γὰρ
1600 1498 1740 1570 αὕτη
1770 1510 1886 1563 τοῖς

273 1589 411 1641 πᾶσι
441 1589 606 1656 δίκην
635 1583 821 1657 φωτὸς
853 1580 1009 1641 ωσάν
1041 1587 1099 1641 ἐκ
1130 1590 1363 1659 ζοφερᾶς
1395 1585 1489 1640 καὶ
1534 1582 1886 1641 σκοτεινοτά-

271 1691 368 1740 της
397 1692 604 1734 νυκτος
635 1667 1002 1740 ἀνατέταλκε,
1049 1671 1143 1725 καὶ
1183 1694 1255 1726 αυ
1299 1667 1467 1725 πάλιν
1505 1691 1573 1724 τα
1602 1691 1760 1724 κοινα
1789 1671 1888 1738 τῆς

266 1752 552 1825 Ρωμαίων
601 1752 904 1827 ἡγεμονίας
958 1748 1126 1820 αὖθις
1166 1752 1415 1826 εὐσταθῆ
1456 1754 1550 1809 καὶ
1594 1758 1751 1825 φίλια
1794 1752 1887 1806 καὶ

211 1861 253 1893 20
278 1843 535 1911 εἰρηναῖα
563 1842 664 1910 ἠν,
698 1862 802 1911 την
827 1841 887 1895 ἐκ
910 1838 1208 1912 προγόνων
1240 1844 1319 1905 εἰς
1351 1837 1628 1910 ἀλλήλους
1661 1835 1889 1893 εὔνοιαν

276 1920 759 1995 ἀπολαμβάνοντα.
821 1921 964 1980 ἀλλά
995 1923 1213 1980 τούτων
1243 1947 1348 1996 μεν
1377 1946 1515 1979 κατα
1545 1921 1643 1978 τὸν
1673 1919 1883 1995 προσή-

276 2029 445 2062 κοντα
489 2007 688 2081 καιρὸν
729 2010 1115 2082 ἐντελέστερον
1156 2006 1522 2080 ἀποδώσομεν
1567 2005 1668 2062 τὸν
1700 2005 1892 2077 λόγον,

276 2091 411 2146 νυνὶ
441 2091 504 2146 δὲ
537 2093 626 2147 ἐπὶ
655 2091 763 2164 τήν
792 2097 911 2148 τῶν
945 2094 1068 2164 ἑξῆς
1100 2091 1353 2165 ἀπίωμεν
1396 2090 1760 2148 ἀκολουθίαν.

405 2185 483 2233 lv.
548 2178 864 2248 Μαξιμῖνος
896 2185 1118 2250 Καῖσαρ
1162 2175 1412 2233 αὐτόθεν
1457 2175 1547 2231 ἐπὶ
1576 2172 1679 2245 τὴν
1710 2171 1890 2247 ἀρχὴν

215 2282 257 2315 25
279 2258 584 2332 παρελθών
637 2258 823 2332 ὥσπερ
873 2265 972 2331 τῆς
1026 2260 1276 2333 ἐμφύτου
1325 2264 1661 2332 θεοεχθρίας
1714 2256 1891 2315 αὐτοῦ

279 2344 372 2400 καὶ
395 2346 727 2415 δυσσεβείας
747 2343 814 2400 τοὶ
841 2342 1095 2417 σύμβολα
1117 2357 1232 2410 τοῖς
1259 2349 1429 2401 πᾶσιν
1447 2341 1890 2415 ἐνδεικνύμενος,

280 2427 684 2501 γεννικώτερον
725 2426 759 2500 ἢ
791 2433 851 2484 οἱ
887 2429 1142 2502 πρόσθεν
1181 2434 1258 2503 τῷ
1301 2426 1432 2485 καθ’
1478 2424 1641 2500 ἡμῶν
1683 2429 1892 2483 ἐπαπε-

282 2512 447 2569 δύετο
480 2517 722 2589 διωγμῷ.
794 2517 842 2568 2.
902 2518 1040 2570 πᾶσι
1070 2518 1211 2585 δῆτα
1243 2513 1567 2586 συγχύσεως
1598 2511 1666 2568 οὐ
1698 2515 1894 2584 μικρᾶς

284 2598 708 2671 ἐπῃωρημένης,
762 2599 856 2653 καὶ
907 2595 1096 2654 ἄλλων
1149 2597 1350 2654 ἄλλοσε
1401 2597 1892 2670 διασπειρομένων,

219 2705 261 2738 30
286 2685 591 2754 διαδρᾶναί
622 2704 681 2737 τε
710 2681 772 2738 τὸ
806 2681 996 2739 δεινὸν
1029 2682 1276 2755 ἐπιμελὲς
1308 2682 1686 2755 ποιουμένων,
1727 2687 1893 2752 χαλε-

283 2771 389 2839 πῆς
420 2788 478 2822 τε
508 2765 568 2822 τὸ
602 2771 716 2822 πᾶν
758 2766 1060 2839 ἐπεχούσης
1091 2767 1387 2839 κινήσεως,
1429 2773 1509 2832 τίς
1555 2761 1626 2821 ἀν
1668 2765 1894 2838 ἐξαρκέ-

286 2868 432 2908 σειεν
460 2848 594 2923 ἡμῖν
626 2849 788 2921 λόγος
821 2857 900 2917 εἰς
931 2850 1033 2923 τὴν
1067 2854 1298 2920 ἐπαξίαν
1322 2850 1578 2922 διήγησιν
1599 2854 1705 2906 τοῦ
1729 2854 1893 2905 θείου

1915 2757 1951 2765 x<
