1986 3152
272 98 374 150 398
952 95 1194 136 EUSEBn

275 214 642 285 ἐφρυάττετο,
687 211 841 267 ὦσαν
887 211 1264 283 διαφερόντως
1307 210 1484 267 αὐτὸν
1514 217 1627 268 τῶν
1659 212 1878 285 δρωμέ-

268 321 386 353 νων
428 295 584 372 αὐτῷ
627 293 767 352 καθ’
810 294 972 368 ἡμῶν
1027 298 1191 351 ἕνεκα
1238 296 1551 368 στέργοντι,
1606 294 1880 367 δικαστὴν

272 380 457 452 ἀπηνῆ
511 382 603 436 καὶ
658 378 943 452 ὠμότατον
998 377 1086 435 ἐπ’
1142 376 1315 450 αὐτῆς
1377 384 1476 451 τῆς
1547 385 1880 453 Καισαρείας

269 465 690 537 καταστήσασα,
741 462 813 529 ῶς
853 464 948 519 καὶ
987 461 1089 535 τῆν
1140 464 1230 518 ἐπὶ
1260 463 1491 539 θανάτῳ
1532 460 1654 520 κατ’
1684 461 1880 520 καὐτοῦ

226 573 247 605 5
275 554 467 621 ψῆφον
501 551 836 619 ἐξενεγκεῖν,
870 546 1006 620 μετὰ
1038 546 1251 619 πολλὴν
1281 546 1384 618 τὴν
1416 545 1503 619 ἐφ’
1541 544 1624 612 οἷς
1656 549 1874 619 ἐξηλέγ-

269 656 391 705 χετο
424 633 772 705 ατοπῆμασιν
804 631 1095 704 αἰσχύνην.
1155 636 1203 688 8.
1237 629 1379 687 αλλα
1403 637 1569 688 τοῦτο
1600 655 1704 704 μεν
1736 627 1880 689 ὁδοῦ

270 716 553 791 πάρεργον
593 715 728 789 ἡμῖν
781 716 1057 788 εἰρήσθω
1113 716 1328 787 γένοιτο
1373 713 1426 771 δ’
1469 713 1540 771 ἄν
1583 716 1881 789 προσήκων

269 801 487 875 καιρὸς,
524 804 585 858 ἐν
620 804 662 857 ῶ
694 805 809 856 τῶν
841 805 1166 872 δυσσεβῶν,
1200 806 1259 856 οὶ
1282 797 1520 872 μαλιστα
1551 797 1686 857 καθ’
1719 795 1880 874 ἡμῶν

271 886 734 957 ἐστρατεύσαντο,
788 883 966 940 αὐτοῦ
1008 908 1066 940 τε
1108 889 1210 940 τοῦ
1252 887 1582 956 Μαξιμίνου
1626 886 1721 940 καὶ
1765 889 1880 941 τῶν

205 995 245 1026 10
269 968 407 1042 ἄμφ’
442 968 615 1026 αὐτὸν
647 968 712 1025 τα
745 970 873 1040 τέλη
906 970 996 1024 καὶ
1041 973 1155 1024 τῶν
1185 974 1329 1040 βίων
1365 968 1462 1034 τὰς
1494 967 1879 1042 καταστροφάς

268 1049 296 1109 ὁ
330 1053 494 1124 λόγος
526 1050 663 1125 ἡμῖν
695 1054 785 1108 ἐπὶ
817 1058 1016 1124 σχολῆς
1047 1051 1419 1125 περιλήψεται.

393 1149 513 1196 vlu.
581 1139 691 1207 Καὶ
732 1143 809 1202 είς
852 1139 1012 1192 ἕκτον
1055 1136 1118 1192 δὲ
1150 1141 1269 1201 ἔτος
1300 1136 1649 1202 πνεύσαντος
1683 1136 1873 1209 ἐπιμό-

266 1245 375 1286 νως
405 1227 506 1277 τοῦ
539 1219 671 1276 καθ’
705 1216 866 1293 ἡμῶν
905 1225 1170 1293 χειμῶνος
1226 1218 1338 1292 εἶχε
1379 1220 1484 1292 μὲν
1526 1219 1633 1292 πρὸ
1675 1221 1876 1277 τούτου

267 1305 328 1361 τό
362 1305 712 1378 καλούμενον
761 1307 821 1361 ἐν
854 1309 1092 1376 Θηβαΐδι
1133 1302 1482 1377 φερωνύμως
1513 1299 1584 1361 οὗ
1615 1310 1877 1376 γεννᾶται

205 1413 245 1446 15
269 1396 625 1463 πορφυρίτου
658 1395 827 1445 λίθου
859 1390 1144 1461 μέταλλον
1176 1395 1445 1460 πλείστην
1477 1389 1618 1461 ὅσην
1648 1389 1878 1460 πληθύν

263 1479 378 1530 τῶν
421 1479 517 1545 τῆς
557 1479 879 1545 θεοσεβείας
923 1471 1310 1546 ὁμολογητῶν,
1357 1476 1429 1540 ἐξ·
1445 1467 1552 1541 ῶν,
1594 1474 1739 1546 τρισὶ
1781 1475 1877 1530 δέ-

265 1576 390 1614 ουσι
420 1557 520 1614 τὸν
561 1556 840 1631 ἀριθμὸν,
889 1557 1085 1614 ἑκατὸν
1127 1557 1329 1631 ἄνδρες
1371 1557 1484 1630 ἅμα
1526 1559 1743 1629 γυναιξὶ
1784 1559 1876 1614 καὶ

263 1647 461 1715 κομιδῆ
497 1649 715 1715 νηπίοις
742 1642 881 1712 πρὸς
912 1641 1013 1698 τὸν
1042 1647 1139 1714 τῆς
1164 1648 1538 1714 Παλαιστίνης
1562 1641 1876 1715 ἡγούμενον

265 1728 698 1799 διαπέμπονται,
732 1724 831 1793 οὓς
861 1725 961 1783 τὸν
992 1731 1106 1782 τῶν
1137 1726 1285 1782 ὅλων
1314 1725 1454 1782 θεὸν
1483 1727 1577 1782 καὶ
1605 1725 1701 1782 τὸν
1733 1735 1874 1799 Χρι-

198 1836 241 1868 20
265 1810 399 1868 στὸν
430 1810 912 1884 ὁμολογήσαντας,
954 1815 1069 1867 τῶν
1101 1815 1313 1868 σκαιῶν
1343 1815 1534 1867 ποδῶν
1565 1809 1661 1877 τας
1694 1809 1874 1881 ἀγκύ-

262 1902 360 1961 λας
392 1893 585 1962 αὐτοῖς
615 1896 836 1969 νεύροις
867 1899 1172 1967 καυτῆρσιν
1203 1892 1593 1967 ἀποτμηθῆναι
1614 1939 1627 1966 ,
1670 1895 1764 1950 καὶ
1795 1889 1870 1951 αὖ

261 1980 428 2036 πάλιν
469 1985 583 2036 τῶν
627 1977 945 2053 ὀφθαλμῶν
984 1979 1112 2046 τοὺς
1145 1979 1360 2047 δεξιούς
1392 1985 1618 2052 πρῶτον
1647 1979 1752 2051 μὲν
1783 1985 1870 2046 ξί-

261 2080 427 2134 φεσιν
469 2061 665 2130 αὐτοῖς
710 2063 875 2136 ὑμέσι
914 2065 1007 2120 καὶ
1048 2065 1238 2136 κόραις
1282 2066 1609 2135 ἐκκοπῆναι,
1655 2062 1769 2119 εἶτα
1811 2063 1874 2119 δὲ

263 2148 400 2218 πυρὶ
431 2147 523 2203 δια
559 2148 855 2219 καυτήρων
885 2148 1117 2220 πάμπαν
1149 2153 1228 2213 εἰς
1260 2150 1409 2218 ῥίζας
1434 2145 1606 2212 αύτάς
1637 2144 1872 2220 ἆχρειω-

201 2255 243 2287 25
266 2235 467 2302 θῆναι,
530 2231 918 2304 Φιρμιλλιανός
943 2275 957 2302 ,
1012 2231 1041 2288 ὁ
1095 2236 1229 2305 τῇδε
1282 2231 1534 2303 διάδοχος
1593 2229 1872 2308 Οὐρβανῷ

261 2316 543 2387 πεμφθεὶς
575 2313 919 2387 ἡγούμενος,
970 2314 1042 2381 ὡς
1075 2313 1147 2372 ἂν
1181 2318 1237 2370 ἐκ
1274 2321 1562 2386 βασιλικοῦ
1601 2315 1872 2387 νεύματος

209 2423 213 2427 ·
263 2399 619 2472 προστάττει·
655 2398 889 2456 κᾶπειτα
921 2397 1129 2465 αύτούς
1161 2412 1276 2465 τοῖς
1309 2398 1446 2454 κατὰ
1476 2398 1579 2470 τὴν
1614 2399 1873 2473 ε’πάρχιον

259 2483 543 2556 μετάλλοις
574 2484 794 2556 μόχθου
839 2484 931 2540 καὶ
962 2490 1341 2550 κακοπαθείας
1373 2487 1563 2540 ἕνεκεν
1591 2491 1871 2540 ταλαιπω-

263 2576 484 2641 ρεῖσθαι
518 2572 920 2642 παραδίδωσιν.
991 2573 1040 2625 2.
1088 2567 1155 2625 ού
1195 2568 1431 2633 τούτους
1464 2567 1526 2623 δὲ
1557 2567 1666 2640 ἄρα
1695 2565 1872 2640 μόνον

195 2674 239 2707 30
259 2651 326 2707 τοὶ
365 2657 667 2723 τηλικαῦτα
708 2651 995 2719 παθόντας
1046 2652 1201 2725 ῆρκει
1251 2657 1595 2724 παραλαβεῖν
1647 2650 1869 2723 ὀφθαλ-

175 2747 416 2813 ῑωμοῖς,
470 2734 612 2792 ἄλλα
667 2738 759 2792 καὶ
802 2743 1189 2794 Παλαιστινῶν
1239 2736 1371 2802 τούς
1423 2737 1511 2791 ἐπὶ
1554 2741 1749 2809 πυγμῇ
1791 2741 1870 2802 εἰς

175 2831 196 2895 5
260 2826 599 2893 μονομαχίας
642 2827 1071 2893 κατακεκρίσθαι
1111 2826 1287 2897 μικρῷ
1332 2819 1586 2892 πρόσθεν
1616 2824 1862 2891 δεδηλω*

1923 2754 1959 2763 x.
