1986 3152
259 123 362 175 236
930 120 1178 161 EUSEBH

252 236 476 307 “δόνας,
510 241 797 308 ξυστῆρας,
830 234 1115 308 μάστιγας,
1148 237 1282 306 πυρὶ
1315 234 1564 313 ἀσβέστῳ
1597 240 1687 294 καὶ
1718 230 1871 295 οὗτοι

252 318 649 393 “διεχύθησαν.
714 324 794 377 18.
829 321 921 375 καὶ
947 317 1052 376 σὺν
1085 317 1273 385 αὐτοῖς
1297 333 1556 392 γυναῖκες
1581 324 1866 395 τέσσαρες·

252 401 674 477 “Ἀμμωνάριόν
718 427 776 460 τε
820 401 950 474 ἁγία
990 404 1301 476 παρθένος,
1353 402 1503 460 πάνυ
1541 412 1870 477 φιλονείκως

253 485 466 560 “αὐτὴν
527 490 613 543 ἐπὶ
663 495 926 544 πλεῖστον
974 491 1075 544 τοῦ
1129 491 1394 544 δικαστοῦ
1445 494 1870 562 βασανίσαντος,

214 568 386 629 5“ἅτε
418 572 967 644 προαποφηναμένην
997 569 1079 628 ὅτι
1110 572 1286 645 μηδὲν
1317 563 1396 628 ὦν
1425 575 1631 639 ἐκεῖνος
1655 573 1872 631 κελεύοι

250 654 619 729 “φθε’γξαιτο,
672 653 1033 729 άληθεύσασα
1085 654 1189 728 τὴν
1240 658 1574 728 ἐπαγγελίαν
1617 656 1868 730 ἀπήχθη·

247 739 350 797 “αί
389 741 447 797 δὲ
489 742 703 812 λοιπαὶ,
759 739 792 812 ἡ
835 738 1139 813 σεμνοτάτη
1180 743 1477 813 πρεσβῦτις
1522 747 1870 815 Μερκουρία,

249 823 380 881 “nal
419 821 452 897 ἡ
494 823 767 891 πολύπαις
810 825 939 897 μὲν,
983 823 1084 897 οὐχ
1123 824 1262 898 ὑπὲρ
1295 824 1391 882 τὸν
1421 823 1617 897 κύριον
1648 826 1709 882 δὲ
1739 825 1870 898 ἄγα-

251 905 512 981 “πη’σασα
543 912 741 981 ἑαυτῆς
771 909 836 966 τά
867 912 1033 966 τέκνα
1063 915 1369 981 Διονυσία,
1411 913 1870 986 καταιδεσθέντος

195 989 367 1059 10“ει’ς
426 991 705 1065 ἀνήνυτον
765 1000 843 1051 ἔτι
903 999 1220 1064 βασανίζειν
1278 995 1371 1049 καὶ
1423 992 1533 1050 ὑπὸ
1585 998 1871 1066 γυναικῶν

249 1073 557 1149 “ἡττᾶσθαι
607 1082 709 1134 τοῦ
753 1074 1050 1151 ἡγεμόνος,
1106 1075 1316 1153 σιδήρῳ
1363 1080 1625 1150 τεθνᾶσι,
1678 1081 1868 1151 μηκέτι

247 1159 553 1233 “βασάνων
596 1175 797 1235 πεῖραν
844 1166 1146 1234 λαβοῦσαι·
1201 1162 1298 1226 τὰς
1341 1159 1447 1232 γὰρ
1488 1160 1633 1234 ὑπὲρ
1675 1165 1870 1219 πασῶν

244 1243 317 1316 “ἡ
378 1244 654 1318 πρόμαχος
710 1243 1090 1320 Ἀμμωνάριον
1157 1242 1494 1302 άναδέδεκτο
1570 1244 1866 1317 βασάνους.

247 1325 578 1402 “19.”Ήρων
620 1330 681 1386 δὲ
711 1332 803 1386 καὶ
830 1328 990 1402 Ἀτὴρ
1022 1333 1113 1386 καὶ
1141 1326 1415 1403 Ἰσίδωρος
1447 1328 1743 1401 Αἰγύπτιοι
1775 1332 1868 1387 καὶ

193 1432 234 1463 15
250 1411 399 1471 ’(σῦν
439 1412 625 1480 αὐτοῖς
656 1413 956 1487 παιδάριον
987 1412 1060 1480 ὡς
1091 1416 1612 1486 πεντεκαιδεκαέτης
1642 1410 1670 1470 ὁ
1703 1413 1870 1472 Διόσ-

244 1494 442 1571 “κορος
511 1497 937 1572 παρεδόθησαν·
1010 1500 1102 1555 καὶ
1171 1501 1393 1572 πρῶτον
1459 1497 1518 1555 τὸ
1578 1497 1868 1572 μειράκιον

244 1579 463 1656 ηλόγοις
503 1607 561 1640 τε
600 1581 818 1640 ἀπατᾶν
860 1579 932 1648 ὦς
980 1581 1406 1657 εὐπαράγωγον,
1460 1585 1552 1640 καὶ
1601 1581 1869 1655 βασάνοις

246 1662 713 1739 ε(καταναγκάζειν
738 1667 809 1735 ὡς
843 1665 1137 1724 εὐένδοτον
1168 1669 1532 1740 πειρωμένου,
1563 1665 1692 1725 οὔτε
1724 1670 1867 1725 ἐπεί-

249 1746 399 1824 “σθη
439 1749 567 1808 οὔτε
609 1751 751 1819 εἶξεν
792 1752 819 1809 ὁ
852 1751 1173 1825 Λιόσκορος.
1237 1757 1320 1807 20.
1365 1751 1493 1817 τούς
1537 1751 1598 1808 δὲ
1638 1751 1868 1834 λοιπούς

193 1853 233 1885 20
249 1833 596 1907 “o’cyptm'ww
647 1835 982 1910 καταξήνας,
1037 1833 1542 1909 ἐγκαρτερήσαντας
1592 1838 1728 1909 πυρὶ
1772 1837 1865 1892 καὶ

248 1915 515 1985 “του’τους
556 1923 947 1993 παραδέδωκε,
989 1919 1086 1978 τὸν
1121 1921 1183 1977 δὲ
1215 1919 1526 1993 Διόσκορον
1559 1924 1867 1993 ἐλλαμπρυ·

246 2001 529 2076 “νάμενόν
570 2029 627 2062 τε
669 2011 937 2081 δημοσίᾳ,
980 2007 1071 2061 καὶ
1105 2003 1397 2078 σοφώτατα
1427 2003 1563 2075 πρὸς
1593 2004 1688 2071 τὰς
1723 2010 1867 2071 ἰδίας

249 2082 510 2155 “πεύσεις
551 2085 998 2162 ἀποκρινάμενον
1037 2088 1332 2161 θαυμάσας
1375 2095 1652 2161 παρῆκεν,
1694 2084 1869 2162 ὑπέρ-

248 2166 449 2227 “θεσιν
497 2171 678 2244 φήσας
730 2179 807 2239 εἰς
846 2171 1143 2244 μετάνοιαν
1183 2172 1333 2248 αὐτῷ
1374 2171 1466 2229 διά
1505 2172 1607 2244 τὴν
1646 2170 1868 2245 ἡλικίαν

193 2250 614 2328 25“ε’πιμετρεῖν.
698 2259 791 2313 καὶ
839 2262 945 2314 νῦν
987 2254 1015 2312 ὁ
1060 2263 1534 2329 θεοπρεπέστατος
1584 2255 1689 2314 σὺν
1733 2252 1868 2330 ἡμῖν

248 2334 405 2396 “t-³61⁶
435 2337 758 2413 Διόσκορος,
793 2346 869 2406 εἰς
899 2339 1238 2414 μακρότερον
1267 2338 1362 2398 τὸν
1385 2340 1574 2413 ἀγῶνα
1598 2342 1690 2397 καὶ
1716 2346 1867 2411 διαρ-

249 2418 545 2496 “κε’στερον
583 2431 775 2498 μείνας
815 2422 914 2481 τὸν
953 2417 1147 2482 ἆθλον.
1209 2429 1291 2481 21.
1325 2431 1622 2498 Νεμεσίων
1665 2427 1733 2482 δέ
1765 2449 1866 2496 τις,

250 2502 541 2574 “κοῖ·κεῑνος
566 2508 896 2580 Αἰγύπτιος,
931 2507 1359 2581 ἐσυκοφαντήθη
1390 2510 1492 2582 μὲν
1525 2505 1597 2576 ώς
1631 2507 1699 2581 δὴ
1731 2508 1867 2566 σύν-

249 2589 433 2658 “οικος
491 2595 738 2666 λῃστῶκ,
790 2589 1206 2667 ἀπολυσάμενος
1250 2593 1558 2666 δὲ’ταύτην
1598 2591 1748 2666 παρὰ
1787 2595 1866 2668 τῷ

193 2692 234 2723 30
250 2671 666 2753 “ἑκατοντάρχῳ
710 2675 814 2748 τὴν
843 2673 1285 2752 άλλοτριωτάτην
1315 2675 1435 2735 κατ’
1469 2674 1640 2734 αὐτοῦ
1673 2682 1865 2748 διαβο-

247 2758 417 2832 “λὴν,
470 2762 882 2833 καταμηνυθεὶς
935 2757 1006 2828 ὥς
1049 2762 1378 2833 Χριστιανὸς
1428 2753 1527 2834 ἧκε
1584 2760 1863 2833 δεσμώτης

248 2839 376 2900 “ε’πὶ
407 2843 503 2901 τὸν
534 2843 856 2918 ἡγούμενον.
919 2843 946 2901 ὁ
983 2850 1042 2902 δὲ
1073 2843 1407 2913 ἀδικώτατος
1440 2852 1660 2911 διπλαῖς
1695 2843 1864 2901 αὐτὸν
