2032 3174
490 117 646 159 HIST.
678 117 926 159 ECCLES.
957 119 1018 162 11.
1054 121 1119 160 14.
1153 121 1219 160 15.
1587 119 1658 172 63

45 233 417 310 ὑπερπόντιον
447 232 664 309 ἀπάρας
704 241 937 310 πορείαν
975 232 1078 308 τὴν
1119 231 1217 292 ἀπ’
1251 231 1536 294 ἀνατολῶν
1569 239 1658 294 ἐπὶ

48 317 258 393 δυσμάς
301 317 470 396 ᾤχετο
510 317 770 392 φεύγων,
811 317 992 392 μόνως
1044 318 1218 394 ταύτῃ
1259 320 1466 392 βιωτὸν
1507 318 1655 398 αὐτῷ

43 402 179 463 κατά
209 402 437 477 γνώμην
483 403 626 462 εἶναι
666 401 931 477 οἰόμενος.
993 408 1041 462 5.
1077 402 1269 476 ἐπιβὰς
1316 406 1376 462 δὲ
1415 408 1510 478 τῆς
1534 404 1656 463 Ῥω-

42 494 222 564 μαίων
264 487 502 561 πόλεως,
545 490 948 563 συναιρομένης
991 485 1141 564 αὐτῷ
1192 489 1260 546 τὰ
1300 487 1511 563 μεγάλα
1562 494 1658 562 τῆς

43 572 456 647 ἐφεδρευούσης
489 577 736 631 ἐνταῦθα
769 571 1077 646 δυνάμεως,
1112 576 1171 630 ἐν
1193 570 1363 650 ὀλίγῳ
1394 577 1658 632 τοσοῦτον
1680 598 1704 629 5

41 657 106 715 τὰ
135 663 231 731 τῆς
264 657 651 731 ἐπιχειρήσεως
681 654 915 729 ἤνυστο,
950 655 1023 722 ὡς
1047 659 1138 714 καὶ
1158 655 1490 732 ἀνδριάντος
1521 658 1659 716 ἀνα-

40 745 198 800 θέσει
229 741 364 815 πρὸς
394 746 505 799 τῶν
534 744 667 815 τῇδε
698 738 788 797 οἷα
817 740 956 798 θεὸν
985 745 1303 814 τιμηθῆναι.
1376 749 1423 802 6.
1457 741 1524 800 οὐ
1548 746 1659 817 μὴν

43 832 121 893 εἰς
149 825 361 900 μακρὸν
392 824 543 902 αὐτῷ
565 831 740 882 ταῦτα
764 824 1091 900 προυχώρει.
1148 825 1296 899 παρὰ
1321 826 1495 893 πόδας
1519 832 1658 900 γοῦν

44 912 130 968 ἐπὶ
159 913 255 983 τῆς
286 906 455 983 αὐτῆς
485 915 778 967 Κλαυδίου
818 916 1102 982 βασιλείας
1142 907 1175 983 ἡ
1208 910 1535 983 πανάγαθος
1567 915 1658 968 καὶ

45 993 551 1069 φιλανθρωποτάτη
582 1000 694 1052 τῶν
719 992 867 1053 ὅλων
889 993 1124 1069 πρόνοια
1146 993 1244 1053 τὸν
1266 993 1534 1069 καρτερὸν
1565 1000 1656 1053 καὶ
1682 1019 1725 1051 10

41 1081 214 1153 μέγαν
237 1083 350 1137 τῶν
380 1076 736 1151 ἀποστόλων,
768 1079 866 1137 τὸν
896 1077 1092 1154 ἀρετῆς
1126 1083 1288 1138 ἕνεκα
1312 1105 1424 1138 των
1448 1085 1658 1139 λοιπων

41 1162 302 1222 ἀπάντων
332 1163 676 1238 προήγορον,
709 1167 956 1239 Πέτρον,
990 1167 1079 1222 ἐπὶ
1105 1165 1207 1237 τὴν
1229 1164 1440 1267 Ῥώμην
1466 1190 1539 1233 ως
1572 1168 1659 1223 ἐπὶ

41 1253 365 1322 τηλικοῦτον
397 1253 654 1322 λυμεωνα
685 1256 815 1322 βίου
845 1265 1191 1323 χειραγωγει,
1224 1246 1283 1316 ὃς
1305 1249 1394 1308 οἱά
1424 1275 1505 1317 τις
1535 1274 1658 1322 γεν-

41 1348 196 1400 ναῖος
225 1336 367 1390 θεοῦ
397 1331 696 1406 στρατηγὸς
726 1347 841 1401 τοῖς
870 1340 1048 1402 θείοις
1090 1333 1278 1401 ὅπλοις
1309 1333 1659 1408 φραξάμενος

41 1416 145 1489 τὴν
177 1423 547 1490 πολυτίμητον
580 1421 849 1492 ἐμπορίαν
878 1422 976 1476 τοῦ
1003 1422 1208 1492 νοητοῦ
1226 1418 1408 1492 φωτὸς
1441 1423 1494 1487 ἐξ
1526 1418 1655 1476 ἀνα·
1680 1439 1725 1471 15

42 1506 222 1559 τολῶν
250 1515 366 1567 τοῖς
395 1501 532 1558 κατὰ
564 1500 729 1560 δυ’σιν
762 1501 1023 1576 ἐκόμιζεν,
1056 1507 1175 1576 φῶς
1206 1502 1340 1561 αὐτὸ
1370 1505 1461 1560 καὶ
1494 1502 1660 1576 λόγον

43 1589 240 1659 ψυχαῖν
270 1584 561 1658 σωτήριον,
593 1586 652 1643 τὸ
684 1585 939 1660 κήρυγμα
961 1592 1056 1660 τῆς
1080 1591 1193 1645 τῶν
1217 1587 1475 1660 οὐρανῶν
1499 1595 1661 1660 βασι-

47 1676 195 1737 λείας
228 1667 721 1743 εὐαγγελιζόμενος.

34 1768 36 1770 ’
168 1766 264 1815 XV.
322 1766 451 1832 [Nic.
481 1767 538 1815 H.
568 1767 621 1815 E.
652 1767 709 1822 Il,
743 1764 846 1830 15]
924 1752 1084 1812 Οὕτω
1129 1755 1197 1828 δὴ
1240 1747 1344 1813 οὖν
1390 1755 1661 1829 ἐπιδημή-

45 1858 240 1906 σαντος
286 1836 474 1906 αὐτοῖς
517 1843 614 1897 τοῦ
656 1845 821 1897 θείου
862 1837 1030 1912 λόγου
1072 1838 1239 1914 ἡμὲν
1267 1844 1366 1898 τοῦ
1398 1847 1658 1914 Σίμωνος
1680 1862 1726 1894 20

46 1919 258 1996 ἀπέσβη
290 1926 382 1981 καὶ
414 1928 748 1998 παραχρῆμα
780 1922 888 1982 σὺν
919 1927 1010 1981 καὶ
1034 1927 1114 2002 τῷ
1137 1921 1300 1998 ἀνδρὶ
1324 1928 1658 1982 καταλέλυτο

46 2006 310 2082 δύναμις,
350 2013 577 2067 τοσοῦτο
620 2007 676 2066 δ’
716 2012 1031 2083 ἐπέλαμψεν
1070 2023 1188 2077 ταῖς
1218 2014 1330 2067 τῶν
1371 2007 1659 2085 ἀκροατῶν

43 2096 141 2150 τοῦ
180 2094 400 2168 Πέτρου
442 2098 711 2160 διανοίαις
754 2090 1043 2166 εὐσεβείας
1093 2099 1297 2167 φέγγος
1350 2093 1423 2160 ὡς
1475 2092 1549 2168 μὴ
1589 2097 1658 2169 τῇ

47 2175 313 2246 εἰσάπαξ““
290 2201 490 2245 ικανως
514 2184 659 2253 ἔχειν
681 2177 978 2253 ἀρκεισθαι
998 2175 1156 2253 ἀκοῇ,
1175 2180 1316 2253 μηδε
1339 2182 1407 2254 τῇ
1427 2176 1660 2254 ἀγράφῳ

44 2264 141 2318 τοῦ
180 2268 343 2320 θείου
385 2262 731 2337 κηρύγματος
774 2269 1134 2340 διδασκαλία,
1176 2262 1554 2338 παρακλήσεσι
1599 2265 1658 2320 δε
1682 2283 1727 2315 25

46 2352 332 2413 παντοίαις
363 2346 737 2422 Μάρκον,οὑ
776 2347 835 2406 τὸ
869 2324 1192 2422 εὐαγγέλιον
1233 2351 1487 2422 φέρεται,
1529 2345 1661 2404 ἀκό-

46 2428 307 2488 λουθον”
279 2454 412 2488 οντα
423 2434 642 2506 Πέτρου
673 2438 992 2509 λιπαρῆσαι,
1026 2458 1098 2501 ως
1122 2429 1192 2491 ἀν
1215 2436 1306 2490 καὶ
1332 2433 1423 2490 διὰ
1444 2438 1661 2507 γραφῆς

45 2512 346 2589 ὑπόμνημα
374 2520 470 2589 τῆς
504 2517 595 2574 διὰ
626 2516 793 2591 λόγου
825 2524 1242 2594 παραδοθείσης
1275 2515 1462 2585 αὐτοῖς
1492 2541 1661 2574 κατα-

49 2605 228 2669 λείψοι
261 2606 639 2674 διδασκαλίας,
672 2601 745 2676 μὴ
777 2602 1049 2678 πρότερόν
1071 2628 1130 2661 τε
1155 2600 1372 2660 ἀνεῖναι
1402 2600 1437 2675 ἢ
1470 2624 1660 2671 κατερ-

47 2683 327 2756 γάσασθαι
357 2686 454 2744 τὸν
484 2684 682 2762 ἄνδρα,
718 2690 809 2744 καὶ
839 2687 1009 2763 ταύτῃ
1034 2694 1244 2754 αἰτίους
1267 2688 1534 2760 γενέσθαι
1564 2688 1660 2757 τῆς
1682 2704 1725 2735 30

47 2773 144 2825 τοῦ
175 2773 475 2844 λεγομένου
506 2769 644 2829 κατά
674 2770 912 2845 Μάρκον
945 2772 1273 2845 εὐαγγελίου
1315 2774 1547 2844 γραφῆς.
1609 2773 1656 2824 2.

51 2852 254 2924 γνόντα
287 2856 345 2912 δὲ
375 2854 435 2912 τὸ
467 2859 722 2931 πραχθέν
752 2875 890 2929 φασι
919 2856 1015 2914 τὸν
1046 2856 1354 2913 ἀπόστολον
1384 2850 1659 2911 ἀποκαλύ-
