1986 3152
618 99 779 142 HlsT.
814 98 1064 142 ECCLES.
1097 99 1182 141 1x.
1218 103 1285 146 10.
1641 99 1746 152 439

127 213 339 291 τε«ἔλθῃ,
400 216 723 290 διατάγματι
773 214 887 274 ὑπὸ
942 221 1047 273 σοῦ
1101 217 1429 291 προτεθέντι
1476 217 1537 274 τὸ
1586 240 1746 275 κεκε-

127 300 475 374 “λευσμένον
518 299 764 374 ὀφείλεις
796 299 1087 374 δηλώσαι.”
1163 305 1243 358 10.
1290 299 1461 358 ταῦθ’
1505 299 1618 359 ὑπὸ
1649 307 1746 376 τῆς

133 383 385 458 ἀνάγκης
418 386 867 458 ἐκβεβιασμένος,
910 383 1037 442 ἀλλ’
1082 383 1150 443 οὐ
1196 385 1334 442 κατά
1378 386 1609 460 γνώμην
1638 386 1744 459 τὴν

133 467 315 526 αὑτοῦ
362 470 886 543 διακελευσάμενος,
929 468 1116 527 οὐκέτ’
1166 468 1384 543 ἀληθὴς
1426 469 1555 528 οὐδ’
1590 469 1743 539 ἀξιό-

131 572 323 620 πιστος
355 553 507 627 παρὰ
545 567 661 621 τοῖς
691 556 862 612 πᾶσιν
893 548 993 627 ἧν,
1035 559 1132 627 τῆς
1173 554 1426 629 πρόσθεν
1467 553 1576 628 ἤδη
1606 554 1741 628 μετά
1765 578 1786 611 5

131 636 237 710 τὴν
268 636 467 711 ὁμοίαν
498 638 854 713 συγχώρησιν
895 638 1241 712 παλιμβόλου
1282 640 1378 696 καὶ
1408 640 1743 713 διεψευσμέ-

131 745 232 794 νης
274 720 454 779 αὐτοῦ
493 723 719 796 γνώμης
764 725 943 780 ἕνεκα.
1027 726 1108 781 11.
1166 722 1377 780 οὔκουν
1422 723 1623 797 ἐτόλμα
1662 747 1744 791 τις

130 811 247 863 τών
277 802 561 880 ἡμετέρων
592 807 839 863 σύνοδον
870 819 1232 880 συγκροτεῖν,
1275 804 1404 864 οὐδ’
1441 808 1642 865 ἑαυτὸν
1683 811 1744 865 ἐν

130 895 361 966 φανερῷ
390 890 875 962 καταστήσασθαι,
907 890 989 947 ὅτι
1017 890 1157 963 μηδὲ
1180 890 1332 947 τοῦτ’
1359 890 1565 963 ἤθελεν
1589 890 1744 968 αὐτῷ

129 973 194 1031 τὸ
226 974 477 1049 γράμμα,
522 973 661 1031 αὐτὸ
701 974 878 1048 μόνον
906 973 967 1031 τὸ
1000 973 1418 1049 ἀνεπηρέαστον
1447 974 1586 1048 ἡμῖν
1619 978 1738 1032 ἐπι-
1764 1000 1805 1033 10

128 1060 334 1132 τρέπον
375 1058 788 1132 φυλάττεσθαι,
830 1057 897 1116 ού
939 1058 1052 1132 μὴν
1092 1059 1373 1126 συνόδους
1418 1062 1742 1117 ἐπικελεῦον

129 1152 443 1215 ποιεῖσθαι,
488 1141 614 1200 οὐδ’
649 1153 839 1210 οἴκους
873 1145 1180 1216 ἐκκλησιῶν
1218 1148 1564 1217 οἰκοδομεῖν,
1607 1142 1736 1201 οὐδ’

129 1226 269 1284 ἀλλο
298 1251 350 1284 τι
381 1231 494 1284 τῶν
527 1228 798 1300 συνήθων
827 1226 962 1301 ἡμῖν
989 1227 1435 1303 διαπράττεσθαι.
1499 1232 1580 1285 12.
1613 1234 1742 1286 καί-

127 1335 211 1369 τοι
241 1335 305 1382 γε
334 1311 503 1369 ταῦθ’
538 1316 596 1369 οἱ
620 1317 718 1385 τῆς
743 1312 966 1386 εἰρήνης
997 1314 1092 1369 καὶ
1117 1310 1407 1385 εὐσεβείας
1440 1312 1743 1387 προήγοροι

130 1404 561 1464 Κωνσταντῖνος
614 1398 706 1454 καὶ
758 1402 1040 1464 Λικίννιος
1101 1395 1254 1473 αὐτῷ
1313 1420 1371 1454 τε
1431 1397 1739 1472 ἐπιτρέπειν
1765 1418 1806 1454 15

130 1481 537 1539 ἐπεστάλκεσαν
576 1483 669 1538 καὶ
707 1495 823 1548 τοῖς
863 1479 967 1538 ὑπ’
1002 1480 1210 1548 αὐτούς
1251 1479 1425 1539 ἅπασι
1465 1481 1557 1539 διά
1599 1503 1742 1557 προ-

130 1566 471 1640 γραμμάτων
511 1567 607 1622 καὶ
651 1566 843 1639 νόμων
874 1565 1385 1639 συγκεχωρήκεσαν.
1459 1564 1526 1623 ού
1559 1566 1673 1639 μὴν
1703 1562 1733 1623 ὁ

131 1651 569 1723 δυσσεβέστατος
598 1650 774 1725 ταύτῃ
809 1653 1070 1708 ἐνδοῦναι
1099 1650 1417 1726 προῄρητο,
1463 1656 1516 1708 εἰ
1542 1650 1616 1724 μὴ
1651 1651 1742 1708 ὅτε

127 1735 273 1809 πρὸς
303 1741 400 1807 τῆς
431 1741 592 1802 θείας
633 1736 971 1802 συνελαθεὶς
1013 1740 1171 1808 δίκης
1211 1733 1455 1792 ὕστατόν
1493 1758 1558 1807 γε
1588 1734 1741 1792 ἄκων

130 1821 222 1877 ἐπὶ
251 1816 406 1877 τοῦτ’
440 1819 607 1892 ἤχθη.
1763 1841 1806 1875 20

271 1915 329 1968 X.
406 1913 538 1981 [Nic.
577 1914 635 1964 H.
675 1915 731 1964 E.
774 1915 880 1971 VII,
920 1911 1005 1965 37.
1047 1912 1159 1980 38]
1263 1902 1627 1977 Ἐκπεριῆλθε
1680 1901 1736 1960 δ’

127 1985 309 2046 αὐτὸν
359 1988 584 2062 τοιαύτη
635 2012 715 2055 τις
767 1993 942 2046 αἰτία·
996 1986 1059 2045 τὸ
1101 1989 1340 2061 μέγεθος
1380 1993 1479 2061 τῆς
1511 1986 1578 2045 οὐ
1613 1986 1736 2044 κατ’

129 2071 297 2141 ἀξίαν
339 2075 726 2147 ἐπιτραπείσης
767 2068 1067 2146 ἡγεμονίας
1111 2071 1264 2147 αὐτῷ
1294 2071 1499 2146 μηκέθ’
1535 2068 1653 2138 οἷός
1683 2095 1742 2128 τε

128 2159 354 2232 φέρειν,
387 2153 530 2214 ἀλλά
572 2154 646 2214 δι’
681 2156 940 2232 ἀπειρίαν
982 2157 1274 2231 σώφρονος
1316 2158 1409 2213 καὶ
1450 2161 1740 2229 βασιλικοῦ

127 2247 398 2315 λογισμοῦ
428 2240 804 2317 ἀπειροκάλως
833 2255 950 2309 τοῖς
973 2241 1294 2316 πράγμασιν
1318 2243 1581 2319 ἐγχειρῶν
1598 2285 1613 2313 ,
1649 2242 1740 2298 ἐπὶ
1764 2261 1806 2295 25

127 2331 276 2383 πᾶσί
299 2348 360 2382 τε
382 2321 774 2400 ὑπερηφανίας
798 2332 1149 2402 μεγαλαυχίᾳ
1178 2326 1282 2398 τὴν
1306 2325 1494 2398 ψυχὴν
1526 2323 1741 2397 ἀλόγως

128 2409 359 2484 ἀρθεὶς,
402 2409 512 2482 ἤδη
543 2411 636 2467 καὶ
675 2409 813 2467 κατά
844 2415 959 2467 τών
988 2415 1086 2482 τῆς
1115 2415 1400 2483 βασιλείας
1430 2414 1738 2479 κοινωνῶν,

127 2494 195 2552 τά
242 2494 425 2552 πάντα
465 2493 642 2551 αὐτοῦ
684 2494 1071 2568 διαφερόντων
1115 2495 1264 2566 γένει
1302 2495 1397 2551 καὶ
1433 2499 1615 2569 τροφῇ
1647 2495 1740 2550 καὶ

128 2584 386 2655 παιδείᾳ,
429 2577 700 2652 ἀξιώματί
736 2602 794 2636 τε
833 2579 926 2635 καὶ
957 2579 1208 2651 συνέσει,
1254 2580 1347 2636 καὶ
1387 2584 1465 2656 τῷ
1497 2602 1560 2650 γε
1592 2575 1739 2635 πάν-

127 2688 242 2722 των
292 2663 746 2740 κορυφαιοτάτω,
808 2662 1151 2738 σωφροσύνῃ
1203 2664 1298 2720 καὶ
1349 2668 1417 2738 τῇ
1470 2663 1598 2736 περὶ
1638 2660 1739 2717 τὸν
1762 2681 1804 2715 3ο

129 2747 314 2822 ἀληθῆ
343 2748 484 2806 θεὸν
516 2746 801 2824 εὐσεβείᾳ,
833 2752 1044 2820 τολμᾶν
1077 2747 1298 2821 ὥρμητο
1327 2746 1736 2821 θρασύνεσθαι,

129 2834 220 2889 καὶ
252 2839 475 2908 πρῶτον
509 2832 711 2890 ἑαυτὸν
741 2844 861 2899 ταῖς
891 2844 1071 2905 τιμαῖς
1096 2830 1486 2907 ἀναγορεύειν.
1534 2833 1584 2887 2.
1619 2831 1735 2886 ἐπι-
