2032 3174
586 111 746 154 Hls'r.
779 110 1029 153 EcoLES.
1063 111 1123 152 11.
1158 113 1283 153 6-8.
1691 111 1762 164 55

130 229 214 296 ὡς
254 224 512 301 οὐδαμῶς
556 230 609 294 ἐξ
652 230 868 285 ἐκείνου
922 229 1170 285 διέλιπον
1208 226 1312 300 τήν
1360 251 1418 285 τε
1457 227 1621 286 πόλιν
1665 230 1758 285 καὶ

128 313 241 386 τὴν
263 310 544 370 Ἰουδαίαν
567 310 790 369 ἅπασαν
825 310 1043 379 στάσεις
1077 314 1170 370 καὶ
1192 311 1421 386 πόλεμοι
1452 315 1544 370 καὶ
1569 319 1762 371 κακῶν

139 395 435 469 ἐπάλληλοι
485 399 754 470 μηχαναὶ,
810 395 987 454 εἰσότε
1037 395 1096 454 τὸ
1152 395 1503 454 πανύστατον
1543 397 1576 470 ἡ
1619 395 1760 455 κατά

139 480 573 540 Οὐεσπασιανὸν
596 479 798 548 αὐτοὺς
822 486 1065 553 μετῆλθε
1088 487 1391 555 πολιορκία.
1451 478 1755 548 Ἰουδαίους

132 568 242 641 μὲν
271 557 405 638 οὖν,
438 558 518 624 ὦν
548 565 684 623 κατὰ
726 568 824 622 τοῦ
856 568 1102 638 Χριστοῦ
1141 565 1534 639 τετολμήκασι,
1576 564 1752 640 ταύτῃ
1780 590 1800 623 5

141 674 217 724 πη
248 649 313 708 τά
345 657 404 708 ἐκ
433 654 530 723 τῆς
561 656 720 715 θείας
751 647 939 722 μετῄει
973 655 1144 722 δίκης.

266 746 363 795 Vll.
417 745 542 811 [Nic.
573 745 629 793 H.
658 744 712 793 E.
741 745 799 801 11,
833 743 938 810 10.]
1008 731 1128 791 Οὐκ
1159 731 1384 807 ἀγνοεῖν
1411 737 1471 793 δὲ
1494 734 1649 804 ἄξιον
1683 734 1759 802 ὡς

127 820 230 875 ,καὶ
262 815 431 875 αὐτὸν
457 821 670 875 ἐκεῖνον
693 817 790 875 τὸν
815 820 904 875 ἐπὶ
926 820 1026 875 τοῦ
1049 823 1295 893 σωτῆρος
1319 822 1585 892 Πιλᾶτον,
1617 820 1756 877 κατά

137 900 341 974 Γάϊον,
384 893 454 959 οὖ
493 902 625 969 τούς
668 901 902 975 χρόνους
944 905 1212 976 διέξιμεν,
1267 903 1557 971 τοσαύταις
1598 926 1758 977 περι-

655 986 667 1003 e
1066 987 1419 1013 „„„„„
1646 985 1658 1006 2

125 1071 416 1145 φονευτὴν
455 1074 658 1130 ἑαυτοῦ
697 1073 788 1129 καὶ
828 1069 1070 1147 τιμωρὸν
1122 1071 1417 1147 αὐτόχειρα
1469 1077 1756 1146 γενέσθαι,

134 1162 230 1229 τῆς
269 1163 461 1227 θείας,
508 1155 580 1223 ὡς
619 1163 794 1230 ἔοικε,
851 1163 1007 1230 δίκης
1048 1154 1150 1215 οὐκ
1192 1164 1269 1224 εἰς
1319 1157 1532 1232 μακρὸν
1583 1156 1756 1215 αὐτὸν

124 1239 526 1314 μετελθούσης.
593 1246 907 1314 ιστορουσιν
930 1241 1213 1315 Ελλήνων
1255 1247 1312 1300 οἱ
1338 1241 1432 1308 τάς
1459 1241 1754 1315 Ὀλυμπιά-

135 1331 237 1392 δας
277 1322 389 1397 ἅμα
427 1338 543 1391 τοῖς
581 1324 716 1383 κατὰ
768 1325 1001 1399 χρόνους
1047 1330 1453 1400 πεπραγμένοις
1508 1325 1757 1400 αναγρά-

136 1422 356 1476 ψαντες.
1777 1432 1818 1465 15

262 1505 382 1553 v111.⁷
433 1504 559 1569 [Nic.
590 1506 647 1554 H.
676 1506 731 1554 E.
764 1506 816 1563 ιι,
850 1504 927 1555 11.
963 1504 1069 1572 12]
1115 1493 1279 1552 Ἀλλὰ
1303 1495 1407 1569 γὰρ
1431 1495 1604 1554 Γάιον
1635 1492 1755 1553 οὐδ’

124 1574 281 1643 ὅλοις
304 1579 592 1651 τέτταρσιν
616 1585 758 1635 ἔτεσι
783 1578 884 1650 τὴν
909 1578 1084 1652 ἀρχὴν
1112 1579 1548 1654 διακατασχόντα
1571 1579 1757 1638 Κλαύ-

132 1666 253 1727 διος
301 1659 655 1736 αὐτοκράτωρ
713 1666 1038 1736 διαδέχεται.
1125 1663 1260 1721 καθ’
1320 1663 1386 1722 ὃν
1440 1667 1604 1737 λιμοῦ
1653 1663 1757 1737 τὴν

130 1748 469 1819 οἰκουμένην
509 1750 832 1819 πιέσαντος,
866 1749 1052 1821 (τοῦτο
1108 1749 1169 1804 δὲ
1210 1751 1302 1805 καὶ
1343 1754 1400 1806 οὗ
1437 1747 1624 1822 πόρρω
1657 1755 1754 1807 τοῦ

125 1827 270 1888 καθ’
304 1827 446 1903 ἡμᾶς
488 1829 656 1904 λόγου
698 1837 1043 1906 συγγραφεῖς
1083 1846 1201 1900 ταῖς
1256 1830 1442 1891 αὐτῶν
1484 1838 1749 1907 ἱστορίαις
1774 1856 1819 1888 20

138 1915 500 1988 παρέδοσαν),
525 1915 560 1988 ἡ
583 1915 719 1973 κατά
743 1916 838 1983 τὰς
854 1916 1092 1990 Πράξεις
1115 1921 1227 1974 τῶν
1250 1916 1576 1975 ἀποστόλων
1594 1916 1756 1990 Ἀγάἲ

135 2004 242 2068 βου
283 1998 570 2072 προφήτου
615 2004 743 2075 περὶ
782 2007 880 2059 τοῦ
921 2004 1142 2075 μέλλειν
1184 2009 1412 2060 ἔσεσθαι
1454 2002 1614 2075 λιμόυ
1660 1999 1751 2076 ἐφ’

128 2081 271 2155 ’ὅλην
302 2082 404 2156 τὴν
434 2089 769 2158 οἰκουμένην
801 2090 970 2160 πέρας
1003 2084 1278 2159 ἐλάμβανε
1319 2085 1637 2161 πρόρρησις.
1700 2092 1749 2145 2.

124 2166 230 2224 τὸν
261 2168 322 2225 δὲ
352 2168 489 2226 κατὰ
519 2169 807 2228 Κλαύδιον
839 2169 1000 2244 λιμὸν
1032 2170 1510 2246 ἐπισημηνάμενος
1545 2175 1604 2230 ἐν
1634 2186 1753 2238 ταῖς

133 2251 416 2326 Πράξεσιν
445 2252 474 2310 ὁ
509 2258 753 2326 Λουκᾶς,
788 2254 1078 2329 ἱστορήσας
1109 2281 1167 2314 τε
1200 2255 1272 2323 ὡς
1314 2255 1420 2330 ἄρα
1464 2256 1555 2313 διά
1587 2255 1749 2314 Παύ-
1773 2277 1814 2310 25
1891 2328 1899 2335 ι

127 2343 232 2392 λου
272 2339 364 2394 καὶ
404 2338 670 2413 Βαρνάβα
708 2346 765 2398 οἰ
801 2339 937 2397 κατά
970 2339 1309 2414 Ἀντιόχειαν
1354 2341 1590 2414 ἀδελφοὶ
1635 2355 1749 2407 τοῖς

126 2417 270 2476 κατὰ
299 2420 400 2506 τῂν
423 2421 703 2483 Ἰουδαίαν
735 2428 786 2493 ἐξ
812 2416 891 2483 οἷν
914 2428 1137 2492 ἕκαστος
1169 2423 1401 2499 ηὐπόρει
1436 2423 1749 2500 διαπεμψώ

127 2526 291 2576 μενοι
322 2506 466 2577 ἦσαν
499 2509 747 2583 ἐπιφέρει
778 2513 980 2582 λέγων·

260 2601 340 2650 ΙΧ.
397 2588 569 2649 “Κατ’
612 2596 826 2651 ἐκεῖνον
859 2595 919 2651 δὲ
950 2592 1047 2652 τὸν
1078 2592 1303 2668 καιρὸν,
1340 2599 1511 2668 δῆλον
1540 2593 1622 2651 ὅτι
1656 2595 1744 2650 ἐπὶ

130 2679 453 2747 Κλαυδίου,
489 2679 756 2748 ἐπέβαλεν
787 2675 814 2735 ὁ
847 2678 1108 2750 βασιλεὺς
1132 2678 1382 2753 ”Ηρω’δης
1412 2677 1507 2745 τὰς
1538 2694 1742 2752 χεῖρας,
1772 2696 1816 2728 30

246 2868 297 2906 21
331 2869 431 2909 Aet.
453 2871 492 2921 2,
516 2872 582 2913 ⁴28.
756 2874 811 2913 29
843 2873 946 2914 Act.
972 2875 1036 2923 12,
1064 2874 1101 2913 1.
