1986 3152
578 103 738 147 HIST.
765 102 1018 148 EOCLES.
1050 104 1135 146 111.
1159 106 1226 145 31.
1249 107 1318 147 32.
1596 102 1696 155 125

87 245 190 280 νου
218 222 313 293 τῆς
344 217 516 277 αὐτοῦ
549 223 686 292 ζωῆς
716 218 1025 294 χριόμενος,
1070 222 1162 276 καὶ
1202 225 1277 296 τῷ
1325 218 1698 293 μνημονεύειν

86 303 189 376 τὴν
217 308 330 362 τῶν
360 302 699 377 εὐαγγελίων
728 302 952 377 γραφὴν
976 310 1200 378 Μαρίας
1223 307 1317 376 τῆς
1341 309 1439 361 τοῦ
1463 309 1695 376 Κλωπᾶ,

90 382 160 446 οὗ
189 390 478 494 γεγονέναι
508 387 678 446 αὐτὸν
707 391 798 445 καὶ
830 387 1100 461 πρότερον
1137 384 1166 445 ὁ
1208 387 1367 460 λόγος
1399 387 1694 490 ἐδήλωσεν.

88 478 137 530 5.
181 475 210 530 ὁ
253 471 303 529 δ’
351 469 514 539 αὐτὸς
554 471 911 545 συγγραφεύς
952 475 1044 529 καὶ
1085 474 1304 545 ἐτέρους
1345 469 1449 529 ἀπὸ
1478 495 1698 574 γενους

89 556 211 623 ἑνὸς
239 562 353 615 τῶν
382 559 707 630 φερομένων
737 555 999 629 ἀδελφων
1029 560 1127 613 τού
1158 563 1420 630 σωτῆρος,
1453 548 1498 633 ᾦ
1526 554 1699 629 όνομα
1721 588 1742 620 5

85 639 323 713 Ἰούδας,
367 644 541 714 φησὶν
584 647 662 707 εἰς
701 639 805 712 τὴν
844 637 1020 712 αὐτὴν
1061 643 1350 710 ἐπιβιῶναι
1390 648 1699 712 βασιλείαν,

89 725 224 798 μετὰ
253 723 356 796 τὴν
383 723 493 796 ἤδη
524 723 792 798 πρότερον
817 729 1212 796 ἱστορηθεῖσαν
1234 723 1420 782 αὐτῶν
1442 722 1581 797 ὑπερ
1605 728 1699 796 τῆς

91 815 169 875 εἰς
198 806 296 866 τὸν
326 807 566 882 Χριστὸν
597 814 831 873 πίστεως
865 811 953 864 ἐπὶ
985 811 1335 881 Δομετιανοῦ
1372 814 1697 905 μαρτυρίαν,

89 898 138 949 6.
171 891 373 966 γράφει
417 892 479 949 δε
519 890 692 959 οὕτως
723 888 1016 965 “ἔρχονται
1054 894 1155 949 οὐν
1195 895 1288 949 καὶ
1327 895 1701 966 προηγοῦνται

83 972 300 1081 Σπάσης
342 979 633 1048 ἐκκλησίας
675 1001 747 1043 ως
790 976 1063 1050 μάρτυρες
1105 978 1196 1033 καὶ
1238 975 1347 1033 ἀπὸ
1377 980 1574 1049 γένους
1604 982 1701 1034 τοῦ
1725 1005 1765 1037 10

83 1059 342 1134 “κυρίου,
375 1062 469 1116 καὶ
499 1064 797 1134 γενομένης
830 1059 1050 1133 εἰρήνης
1082 1067 1319 1133 βαθείας
1353 1064 1412 1118 ἐν
1442 1060 1592 1134 πάσῃ
1618 1064 1700 1118 ἐκ·

82 1143 322 1251 ἶκλησία
365 1147 595 1217 μένουσι
635 1149 792 1219 μέχρι
841 1148 1123 1217 Τραϊανοῦ
1164 1154 1476 1219 Καίσαρος,
1517 1148 1702 1218 μέχρις

86 1221 190 1285 “οὗ
218 1229 247 1286 ὁ
284 1233 342 1285 ἐκ
372 1236 537 1286 θείου
567 1233 667 1286 τοῦ
697 1236 923 1302 κύρι’,ου
964 1229 992 1286 ὁ
1034 1233 1430 1304 προειρημένος
1460 1227 1703 1302 Συμεων

82 1311 241 1379 “vods
293 1317 532 1385 Κλωπᾶ,
588 1316 1038 1387 συκοφαντηθεὶς
1089 1313 1199 1370 ὑπὸ
1250 1338 1362 1371 των
1414 1317 1702 1387 αιρέσεων,

84 1396 387 1464 “ὠσαύτως
418 1397 775 1472 κατηγορήθη
807 1401 899 1454 καὶ
931 1397 1097 1464 αὐτὸς
1138 1400 1227 1455 ἐπὶ
1268 1402 1344 1474 τῷ
1376 1395 1526 1474 αὐτῷ
1558 1396 1702 1475 λόγῳ
1727 1424 1767 1456 15

84 1478 115 1500 “
129 1484 218 1538 ἐπὶ
241 1480 488 1540 Ἀττικοῦ
519 1485 619 1539 τοῦ
646 1478 934 1540 ὑπατικοῦ.
989 1484 1082 1539 καὶ
1116 1484 1204 1539 ἐπὶ
1227 1490 1456 1550 πολλαῖς
1479 1482 1704 1557 ἡμέραις

85 1562 462 1638 (ἰιίκιζόμενος
504 1566 910 1641 ἐμαρτύρησεν,
965 1564 1038 1633 ὥς
1078 1565 1287 1633 πάντας
1337 1565 1707 1640 ὑπερθαυμά-

85 1649 238 1718 “ζειν
270 1652 360 1706 καὶ
391 1650 490 1707 τὸν
528 1647 799 1708 ὑπατικὸν
839 1654 955 1717 πῶς
988 1650 1183 1708 ἑκατὸν
1215 1660 1385 1708 εἴκοσι
1414 1650 1706 1724 τυγχάνων

50 1733 269 1791 “gu-521
310 1733 596 1807 ὑπέμεινε·
653 1738 745 1792 καὶ
788 1734 1092 1807 ἐκελεύσθη
1145 1733 1590 1808 σταυρωθῆναι.”
1657 1740 1702 1792 7.

97 1821 185 1875 ἐπὶ
214 1818 427 1886 τούτοις
458 1819 486 1875 ὁ
518 1816 684 1887 αὐτὸς
714 1818 855 1893 ἀνὴρ
890 1818 1256 1893 διηγούμενος
1296 1818 1362 1876 τὰ
1401 1819 1538 1876 κατὰ
1578 1817 1705 1886 τούς
1728 1846 1769 1878 20

104 1905 476 1976 δηλουμένους
518 1907 784 1977 ἐπιλέγει,
829 1901 902 1971 ὡς
943 1903 1050 1976 ἄρα
1090 1907 1247 1978 μέχρι
1286 1906 1398 1961 τῶν
1427 1903 1548 1961 τότε
1579 1902 1707 1978 χρό-

97 2011 217 2045 νων
247 1991 528 2060 παρθένος
558 1987 782 2062 καθαρά
822 1991 913 2045 καὶ
954 1987 1301 2061 ἀδιάφθορος
1332 1994 1528 2061 ἔμενεν
1556 1987 1589 2061 ἡ
1623 1990 1706 2044 ἐκ·

98 2077 314 2144 κλησία,
348 2075 408 2129 ἐν
438 2065 627 2150 ἆδήλςο
659 2096 767 2130 που
799 2072 980 2131 σκότει
1003 2071 1376 2145 φωλευόντων
1401 2075 1564 2130 εἰσέτι
1587 2070 1707 2130 τότε

97 2158 236 2228 τῶν,
293 2163 343 2213 εἰ
383 2165 481 2214 καί
516 2182 661 2224 τινες
701 2157 982 2230 ὑπῆρχον,
1039 2162 1453 2230 παραφθείρειν
1507 2161 1710 2230 ἐπιχει-

98 2238 351 2310 ρούντων
379 2241 476 2298 τὸν
504 2237 634 2314 ὑγιῆ
666 2241 874 2299 κανόνα
904 2246 1003 2299 τοῦ
1035 2247 1311 2315 σωτηρίου
1341 2240 1704 2315 κηρύγματος.
1731 2266 1772 2298 25

103 2328 149 2379 8.
185 2319 258 2390 ὦς
293 2321 348 2379 δ’
382 2320 411 2380 ὁ
445 2325 587 2399 ἱερὸς
617 2331 728 2383 τῶν
758 2323 1085 2384 ἀποστόλων
1123 2324 1282 2400 χορὸς
1326 2325 1599 2400 διάφορον
1631 2332 1710 2383 εἰ-

105 2405 269 2478 λήφει
297 2411 396 2464 τοῦ
426 2415 556 2480 βίου
586 2413 757 2483 τέλος,
790 2409 1169 2484 παρεληλύθει
1197 2406 1310 2483 τεὴ
1337 2409 1500 2483 γενεὰ
1525 2414 1708 2480 ἐκείνη

107 2494 219 2547 των
249 2487 442 2559 αὐταῖς
473 2490 662 2560 ἀκοαῖς
691 2500 786 2567 τῆς
819 2498 1021 2552 ἐνθέου
1053 2500 1250 2568 σοφίας
1284 2498 1584 2551 ἐπακοῦσαι
1616 2518 1708 2550 κα-

102 2578 481 2648 τηξιωμένων,
540 2582 844 2649 τηνικαῦτα
893 2585 988 2651 τῆς
1041 2576 1217 2636 ἀθέου
1270 2578 1483 2651 πλάνης
1534 2573 1710 2651 ἀρχὴν

104 2658 415 2731 ἐλάμβανεν
446 2658 479 2734 ἡ
511 2660 792 2735 σύστασις,
829 2661 919 2719 διὰ
949 2667 1043 2736 τῆς
1065 2670 1178 2721 τῶν
1202 2661 1709 2735 ἐτεροδιδασκάλων
1732 2686 1773 2716 3ο

217 2855 242 2892 3
272 2846 520 2908 πρότερον]
557 2858 604 2906 3,
628 2857 695 2897 20.
