2032 3174
599 105 1034 148 H1sT.Ech1‹:s‚
1064 106 1148 147 111.
1181 107 1220 149 6.
1634 103 1701 155 93

805 217 885 239 m„

83 218 226 282 “ot'm
258 230 341 293 εἴη
372 219 432 278 τὸ
465 226 628 294 ἔργον
658 217 845 279 αὐτου.
953 225 1033 278 16.
1067 219 1279 288 τούτοις
1306 219 1548 278 ἐπειπών
1577 245 1700 278 τινα

78 301 325 407 Σμεταξύ
367 307 616 379 ἐπιφέρει
657 301 871 378 λέγων
875 301 998 363 οὐκ
1037 300 1107 364 ἀν
1145 305 1580 379 ὑποστειλαίμην
1621 311 1700 362 εἰ-

83 385 251 447 “πεῖν
292 387 326 445 ἅ
366 413 456 462 μοι
488 387 701 447 κελεύει
741 389 800 446 τὸ
831 388 1025 456 πάθος.
1081 389 1230 463 οἶμαι
1254 389 1535 463 Ρωμαίων
1567 395 1698 463 βρα-

85 469 419 532 “δυνάντων
459 475 548 530 ἐπὶ
587 474 714 540 τούς
754 470 1099 547 ἀλιτηρίους,
1138 471 1171 546 ἢ
1213 479 1599 545 καταποθῆναι
1630 469 1700 530 ἀν

91 553 237 615 “ind
269 556 569 631 χάσματος,
602 554 636 630 ἢ
668 562 1119 630 κατακλυσθῆναι
1154 558 1255 630 τὴν
1286 557 1476 630 πόλιν,
1509 553 1542 630 ἢ
1573 556 1699 624 τούς
1724 588 1743 620 5

89 637 224 714 “τῆς
264 645 595 715 Σοδομηνῆς
645 648 983 714 μεταλαβειν
1023 640 1343 715 κεραυνούς.
1414 641 1556 699 πολὺ
1599 640 1703 715 γάρ

90 722 245 782 “τω“ν
274 729 445 782 ταῦτα
476 723 778 783 παθόντων
809 723 1008 798 ἤνεγκε
1038 724 1238 798 γενεὰν
1261 723 1596 798 ἀθεωτέραν.
1639 729 1705 800 τῇ

91 807 269 882 “γοῦν
299 807 512 873 τούτων
542 805 777 884 ἀπονοία
807 815 912 876 πᾶς
943 807 970 865 ὁ
1002 810 1132 876 λαός
1163 803 1575 867 συναπώλετο.”
1622 815 1702 866 17.

93 895 185 950 καὶ
219 896 278 950 ἐν
307 896 384 970 τῷ
416 896 552 970 ἕκτῳ
585 894 646 950 δὲ
677 899 876 970 βιβλίῳ
916 892 1059 951 οὕτω
1101 893 1306 967 γράφει
1330 889 1478 951 “τῶν
1510 890 1563 950 δ’
1595 889 1703 951 ὑπὸ

83 975 221 1035 ((τοῦ
251 980 414 1051 λιμοῦ
445 980 838 1052 φθειρομένων
868 975 1006 1034 κατὰ
1036 978 1138 1057 τὴν
1160 976 1324 1035 πόλιν
1347 975 1578 1051 ἄπειρον
1602 978 1703 1051 μὲν
1728 1010 1767 1041 10

86 1057 320 1118 “ἔπιπτε
349 1060 408 1118 τὸ
439 1064 681 1135 πλῆθος,
713 1061 984 1135 ἀδιήγητα
1017 1064 1077 1120 δὲ
1108 1066 1407 1136 συνέβαινε
1430 1062 1494 1119 τὰ
1526 1062 1698 1135 πάθη.

83 1142 255 1203 “καθ’
290 1144 527 1219 ἑκάστην
569 1144 674 1218 γάρ
715 1152 924 1219 οἰκίαν,
970 1156 1025 1204 εἴ
1059 1170 1168 1206 που
1207 1150 1415 1222 τροφῆς
1446 1170 1700 1220 παραφα-

82 1225 242 1302 “νείη
285 1228 440 1303 σκιά,
503 1229 736 1304 πόλεμος
779 1224 877 1304 ἦν,
928 1235 1021 1289 καὶ
1065 1230 1156 1288 διὰ
1207 1235 1406 1306 χειροῖν
1455 1230 1702 1305 ἐχώρουν

86 1309 180 1370 “oc
209 1319 462 1386 φίλτατοι
492 1312 627 1390 πρὸς
658 1312 957 1388 ἀλλήλους,
1002 1315 1390 1390 ἐξαρπάζοντες
1419 1316 1486 1372 τὰ
1515 1323 1699 1373 ταλαί-

85 1393 281 1473 “πωρα
319 1405 416 1470 τῆς
457 1405 634 1473 ψυχῆς
677 1397 890 1472 ἐφόδια.
972 1407 1153 1467 πίστις
1194 1399 1243 1457 δ’
1289 1399 1521 1474 ἀπορίας
1562 1397 1694 1457 οὐδὲ
1720 1427 1762 1460 15

86 1477 237 1548 τετοῖς
266 1480 614 1556 θνήσκουσιν
643 1475 727 1556 ἦν.
794 1489 873 1541 18.
906 1482 1044 1541 ἀλλά
1075 1487 1167 1541 καὶ
1198 1484 1324 1551 τοὺς
1367 1487 1700 1558 ἐμπνέοντας

84 1561 180 1622 “oc
205 1569 402 1640 λῃσταὶ
435 1566 774 1641 διηρεύνων,
808 1566 883 1641 μή
911 1592 991 1635 τις
1021 1565 1130 1625 ὑπὸ
1162 1568 1370 1627 κόλπον
1411 1575 1551 1643 ἔχων
1579 1593 1699 1643 τρο·

86 1645 238 1722 ’(φῆν
278 1649 573 1723 σκήπτοιτο
613 1650 712 1708 τὸν
751 1651 1003 1710 θάνατον
1035 1652 1221 1710 αὐτοῦ.
1296 1657 1354 1710 οἱ
1382 1650 1434 1709 δ’
1468 1652 1572 1709 ὑπ’
1609 1657 1699 1709 ἐν-

84 1729 273 1802 “osdag
304 1733 591 1808 κεχηνότες
631 1734 816 1810 ὥσπερ
848 1740 1162 1803 λυσσῶντες
1202 1736 1366 1804 κύνες
1400 1735 1699 1811 ἐφήλλοντο

80 1816 211 1875 “nal
241 1822 648 1894 παρεφέροντο,
680 1833 799 1886 ταῖς
829 1845 888 1879 τε
916 1820 1119 1896 θύραις
1161 1822 1494 1895 ἐνσειόμενοι
1525 1831 1696 1894 μεθυ-
1720 1849 1761 1880 20

82 1898 300 1960 “όντων
337 1902 542 1978 τρόπον
584 1906 675 1961 καὶ
717 1901 816 1963 υπ’
860 1902 1166 1979 ἀμηχανίας
1208 1912 1284 1973 εἰς
1324 1905 1452 1972 τοὺς
1497 1902 1698 1972 αὐτοὺς

80 1982 304 2054 “οἰ’κους
337 1987 648 2062 εἰσεπήδων
682 1991 766 2056 δὶς
796 1985 830 2062 ἢ
852 1992 970 2064 τρὶς
995 1987 1112 2067 ω’ρα
1131 1993 1245 2099 μιᾷ.
1312 1995 1392 2046 19.
1427 1990 1604 2048 πάντα
1639 1988 1690 2045 δ’

77 2066 223 2127 <”’ὑπ
255 2068 485 2140 ὀδόντας
530 2098 664 2171 ηγεν
706 2072 760 2151 ἡ
770 2072 1012 2158 ἀνάγκη,
1056 2077 1148 2132 καὶ
1178 2075 1243 2132 τὰ
1272 2074 1412 2148 μηδε
1451 2087 1564 2140 τοις
1596 2099 1698 2147 ρυ-

78 2150 457 2259 Ξπαρωτατοις
486 2182 600 2215 των
629 2155 848 2231 ἀλόγων
880 2157 1035 2235 ζῴων
1065 2157 1357 2234 πρόσφορα
1398 2159 1694 2231 συλλέγον

79 2237 205 2339 ἰτες
239 2242 452 2298 ἐσθίειν
490 2240 788 2316 ὑπέφερον.
861 2242 1152 2318 ζωστήρων
1183 2250 1321 2317 γοῦν
1352 2245 1443 2301 καὶ
1473 2239 1690 2315 υποδη-
1715 2268 1756 2301 25

84 2318 307 2395 “μάτων
328 2325 388 2382 τὸ
417 2333 734 2384 τελευταῖον
764 2324 868 2384 οὐκ
898 2326 1208 2402 ἀπείχοντο,
1241 2330 1331 2386 καὶ
1364 2353 1428 2384 τα
1455 2329 1694 2434 δέρματα

83 2401 233 2463 “τῶν
254 2415 481 2481 θυρεων
501 2409 864 2486 ἀποδέροντες
890 2415 1188 2486 ἐμασωντο.
1231 2411 1407 2487 τροφὴ
1431 2413 1540 2469 δε’
1514 2436 1584 2484 ην
1608 2412 1697 2468 καὶ

83 2485 319 2590 Σχόρτου
342 2495 450 2550 τισὶ
473 2498 711 2552 παλαιου
740 2514 1119 2572 σπαραγματα.
1154 2495 1249 2564 τοὶς
1274 2495 1378 2571 γάρ
1411 2496 1530 2563 ἶνας
1558 2501 1695 2552 ἔνιοι

83 2569 479 2678 ἶσυλλέγοντες
526 2578 809 2652 ἐλάχιστον
854 2579 1105 2655 σταθμὸν
1153 2581 1404 2638 ἐπωλουν
1441 2577 1698 2638 Ἀττικων

84 2652 419 2734 “τεσσάρων.
481 2666 563 2718 20.
598 2665 689 2720 καὶ
714 2669 770 2720 τί
796 2669 886 2721 δεῖ
905 2665 1006 2738 τὴν
1033 2664 1114 2722 ἐπ’
1145 2662 1375 2738 ἀψύχοις
1408 2663 1695 2722 ἀναίδειαν
1718 2691 1757 2722 30

204 2855 228 2892 2
260 2853 439 2907 loseph.
464 2856 514 2895 B.
539 2857 571 2897 1.
597 2857 648 2907 v,
674 2858 740 2907 13,
763 2858 800 2899 ο,
974 2861 999 2898 9
1031 2859 1082 2899 B.
1107 2859 1146 2898 1.
1170 2858 1246 2907 VI,
1270 2860 1309 2908 3,
1333 2859 1371 2897 3.
