1986 3152
516 76 673 116 HIST.
707 76 956 116 ECCLES.
992 78 1066 117 v1.
1103 78 1282 120 14—16.
1604 76 1708 127 259

99 191 166 252 οὐ
208 189 351 249 πολὺ
394 196 684 266 διατρίψας
718 189 1003 249 ἐπάνεισιν
1034 197 1112 259 είς
1144 191 1246 264 τὴν
1273 189 1705 267 Ἀλεξάνδρειαν.

101 283 178 334 11.
214 279 306 333 καὶ
338 274 405 347 δὴ
436 274 501 332 τὰ
532 276 755 348 συνήθη
785 279 882 348 τῆς
913 274 1263 350 κατηχήσεως
1296 279 1541 334 ἐνταῦθα
1571 275 1706 350 μετοέ

95 359 273 433 πάσης
316 360 556 434 ἐπλήρου
600 364 877 433 σπουδῆς,
920 368 1247 433 Δημητρίου
1291 365 1402 418 τῶν
1432 364 1564 436 τῇδε
1597 365 1708 417 ἐπι-

97 444 306 502 σκόπου
354 450 430 501 ἔτι
471 443 592 501 τότε
633 448 1027 519 παρορμῶντος
1069 441 1238 502 αὐτὸν
1279 448 1370 502 καὶ
1411 448 1710 522 μονονουχὶ

95 527 522 600 ἀντιβολοῦντος
562 527 775 594 ἀόκνως
814 527 916 601 τὴν
959 535 1037 595 εἰς
1077 528 1204 595 τοὺς
1247 527 1526 602 ἀδελφοὺς
1559 528 1707 602 ὠφέ-
1732 546 1752 579 5

96 621 253 671 λειαν
284 623 584 670 ποιεῖσθαι.

222 709 318 757 XV.
379 707 510 773 [Nic.
539 709 596 756 H.
628 708 680 756 E.
711 709 761 764 v,
795 706 899 771 11.]
986 692 1043 753 Ὁ
1091 695 1142 752 δ’
1195 692 1266 763 ὡς
1322 698 1521 755 ἑαυτὸν
1566 696 1710 772 ἑώρα

95 782 168 854 μὴ
212 785 560 854 ἐπαρκοῦντα
598 783 663 853 τῇ
704 784 816 836 τῶν
856 786 1032 836 θείων
1075 783 1361 856 βαθυτέρᾳ
1403 785 1600 855 σχολῇ,
1643 786 1709 855 τῇ

94 889 153 923 τε
185 864 424 932 ἐξετάσει
455 865 545 921 καὶ
581 866 845 939 ἑρμηνείᾳ
875 867 985 920 τῶν
1017 868 1183 937 ἱερῶν
1213 863 1578 938 γραμμάτων,
1619 868 1709 922 καὶ

96 951 318 1023 προσέτι
357 953 426 1023 τῇ
465 951 577 1006 τῶν
618 949 964 1022 προσιόντων
1015 948 1339 1022 κατηχήσει,
1392 946 1527 1023 μηδ’
1571 949 1706 1006 ἀνα·
1732 967 1772 1000 10

95 1037 334 1091 πνεῦσαι
364 1031 809 1107 συγχωρούντων
839 1031 1014 1109 αὐτῷ,
1058 1035 1262 1107 ἑτέρων
1294 1032 1381 1105 ἐφ’
1421 1036 1623 1109 ἑτέροις
1656 1038 1710 1103 ἐξ

96 1122 166 1176 ἕω
193 1121 281 1175 καὶ
307 1121 494 1192 μέχρις
521 1119 758 1190 ἑσπέρας
784 1120 872 1175 ἐπὶ
895 1116 954 1174 τὸ
979 1114 1117 1193 παρ’
1137 1115 1293 1194 αὐτῷ
1318 1123 1710 1176 διδασκαλεῖον

94 1201 445 1276 φοιτώντων,
493 1207 779 1275 διανείμας
808 1201 874 1259 τά
905 1202 1127 1275 πλήθη,
1172 1199 1268 1260 τὸν
1292 1201 1568 1276 Ἡρακλᾶν
1597 1207 1710 1260 τῶν

94 1292 391 1361 γνωρίμων
434 1292 765 1359 προκρίνας,
821 1292 882 1344 ἔν
921 1309 982 1342 τε
1022 1299 1138 1352 τοῖς
1178 1292 1355 1353 θείοις
1396 1292 1710 1345 σπουδαῖον

95 1374 188 1429 καὶ
239 1370 417 1437 ἄλλως
468 1369 602 1428 ὄντα
648 1368 979 1443 λογιώτατον
1018 1368 1198 1443 ἄνδρα
1240 1373 1332 1428 καὶ
1373 1378 1707 1445 φιλοσοφίας
1733 1386 1773 1419 15

95 1453 196 1513 οὐκ
227 1454 483 1530 ἄμοιρον,
528 1454 799 1513 κοινωνὸν
830 1461 1070 1528 καθίστη
1101 1461 1196 1528 τῆς
1228 1455 1601 1530 κατηχήσεως,
1633 1460 1711 1533 τῷ

94 1541 196 1613 μὲν
226 1538 327 1613 τὴν
356 1538 580 1612 πρώτην
609 1545 721 1596 τῶν
751 1537 874 1613 ἄρτι
905 1543 1364 1613 στοιχειουμένων
1397 1539 1710 1613 εἰσαγωγὴν

97 1627 409 1698 ἐπιτρέψας,
435 1620 584 1699 αὐτῷ
612 1624 673 1680 δὲ
697 1623 798 1695 τὴν
820 1628 933 1681 τῶν
957 1627 1018 1681 ἐν
1036 1627 1142 1692 ἕξει
1160 1623 1406 1697 φυλάξας
1424 1623 1706 1698 ἀκρόασιν.

220 1720 341 1770 XVI.
398 1719 526 1785 [Nic.
555 1719 611 1768 H.
641 1720 694 1768 E.
726 1720 777 1775 V,
812 1718 916 1784 11.]
1024 1707 1275 1782 Τοσαύτη
1337 1710 1399 1766 δὲ
1460 1709 1708 1783 εἰσήγετο

95 1799 169 1870 τῷ
206 1790 476 1866 Ώριγένει
526 1795 638 1850 τῶν
678 1798 858 1850 θείων
899 1791 1081 1865 λόγων
1123 1791 1556 1868 ἀπηκριβωμένη
1600 1797 1706 1862 ἐξέ-
1731 1810 1773 1842 20

95 1896 249 1944 τασις
291 1873 363 1943 ὥς
405 1879 495 1933 καὶ
539 1874 641 1950 τὴν
678 1872 940 1950 Ἑβραΐδα
981 1880 1230 1949 γλῶτταν
1272 1883 1568 1952 ἐκμαθεῖν,
1614 1877 1709 1946 τοὶς

95 1986 153 2019 τε
193 1961 340 2035 παρὰ
380 1976 492 2028 τοῖς
519 1958 802 2029 Ἰουδαίοις
844 1963 1152 2036 φερομένας
1188 1962 1580 2036 πρωτοτύπους
1613 1962 1708 2020 αὐ-

94 2060 207 2114 τοῖς
240 2045 514 2120 Ἑβραίων
554 2053 843 2119 στοιχείοις
884 2045 1100 2120 γραφὰς
1142 2053 1320 2121 κτῆμα
1363 2053 1508 2105 ἴδιον
1549 2046 1710 2119 ποιή-

96 2141 334 2203 σασθαι,
387 2127 721 2205 ἄνιχνεῦσαί
755 2154 814 2188 τε
855 2131 950 2198 τὰς
990 2135 1102 2189 τῶν
1144 2134 1347 2207 ἑτέρων
1389 2132 1538 2207 παρὰ
1577 2132 1709 2199 τούς

97 2213 472 2289 ἑβδομήκοντα
513 2213 607 2284 τας
650 2214 798 2291 ἱερὰς
836 2213 1054 2290 γραφὰς
1085 2214 1517 2290 ἡρμηνευκότων
1550 2215 1708 2274 ἐκδό-
1732 2231 1773 2264 25

96 2318 239 2373 σεις,
292 2305 390 2356 καί
434 2324 588 2366 τινας
642 2302 828 2375 ἑτέρας
880 2300 1027 2374 παρὰ
1074 2300 1168 2367 τὰς
1214 2304 1708 2375 καθημαξευμένας

97 2386 388 2457 ἑρμηνείας
417 2383 872 2457 ἐναλλαττούσας,
905 2383 1005 2458 τὴν
1024 2381 1258 2444 Ἀκύλου
1282 2388 1374 2443 καὶ
1399 2384 1708 2459 Συμμάχου

96 2470 187 2524 καὶ
221 2473 622 2540 Θεοδοτίωνος,
667 2472 956 2544 ἐφευρεῖν,
999 2467 1064 2535 ἃς
1105 2467 1207 2528 οὐκ
1249 2469 1357 2528 οἷδ’
1396 2467 1613 2528 ὁπόθεν
1648 2477 1708 2527 ἔκ

97 2576 266 2610 τινων
296 2556 487 2626 μυχῶν
518 2551 615 2610 τὸν
645 2552 815 2610 παλαι
845 2552 1237 2621 λανθανούσας
1260 2554 1462 2629 χρόνον
1489 2561 1567 2621 εἰς
1590 2560 1709 2628 φῶς

97 2635 423 2710 ἆνιχνεύσας
448 2636 781 2711 προήγαγεν.
838 2642 885 2698 2.
914 2635 1001 2711 ἐφ’
1030 2630 1110 2695 ὧν
1135 2637 1226 2696 διὰ
1249 2639 1350 2712 τὴν
1374 2636 1703 2712 ἀδηλότητα,
1730 2652 1770 2684 30

98 2727 244 2787 τίνος
286 2719 379 2796 ἄρ’
418 2722 530 2780 εἷεν
569 2721 675 2780 οὐκ
718 2720 905 2795 εἰδώς,
948 2721 1081 2780 αὐτὸ
1111 2728 1271 2781 τοῦτο
1302 2722 1475 2797 μόνον
1509 2727 1704 2794 ε’πεση-

98 2804 334 2879 μήνατο,
379 2803 450 2873 ὥς
491 2803 596 2881 ἄρα
638 2805 739 2879 τὴν
778 2808 880 2880 μὲν
924 2806 1075 2882 εὕροι
1118 2811 1177 2865 ἐν
1218 2814 1284 2883 τῇ
1316 2808 1450 2880 πρὸς
1476 2806 1705 2871 Ἀκτίοις

1350 2899 1453 2951 17*
