1986 3152
533 143 690 184 HIST.
723 142 970 185 ECCLES.
991 144 1116 187 vm.
1147 148 1186 188 3.
1218 148 1257 188 4.
1617 142 1720 196 353

107 267 337 319 θοῦντο.
393 259 570 326 οὕτως
604 262 657 327 ἐξ
690 259 933 326 ἅπαντος
964 264 1023 316 οὗ
1047 265 1143 332 τῆς
1173 266 1496 332 θεοσεβείας
1529 263 1720 335 ἐχθροὶ

108 346 169 403 τὸ
206 350 393 402 δοκεῖν
422 343 693 416 ἠνυκέναι
732 345 858 416 περὶ
904 350 1117 400 πολλοῦ
1162 347 1426 402 ἐτίθεντο.
1487 341 1613 401 ἀλλ’
1649 341 1717 402 οὐ

108 431 202 486 καὶ
232 429 371 485 κατὰ
411 434 526 485 τῶν
557 427 736 500 ἁγίων
777 425 968 495 αὐτοῖς
1007 429 1310 503 μαρτύρων
1339 434 1511 486 ταῦτα
1541 449 1720 503 πρου-

109 514 307 587 χώρει,
357 508 436 570 ὧν
478 518 558 579 εἰς
598 509 801 586 ἀκριβῆ
842 512 1095 585 διήγησιν
1142 519 1225 579 τίς
1272 511 1343 570 ἂν
1382 512 1518 587 ἡμῖν
1561 516 1722 587 ἐξαρ-

109 600 286 655 κέσειε
318 598 519 669 λόγος;
1744 620 1764 653 5

250 693 327 741 IV.
396 691 523 758 [Nic.
565 691 622 741 H.
652 691 705 740 E.
737 691 846 751 VH,
884 689 959 756 3.]
1019 686 1285 755 Μυρίους
1307 682 1411 754 μὲν
1434 682 1542 755 γάρ
1569 687 1722 739 ἱστο-

115 764 278 838 ρήσαι
323 764 395 821 ἄν
438 788 518 831 τις
557 763 896 837 θαυμαστήν
935 763 1081 838 ὑπὲρ
1126 761 1414 837 εὐσεβείας
1444 771 1547 822 τοῦ
1578 772 1722 823 θεοῦ

110 855 223 906 τῶν
247 850 399 906 ὅλων
424 849 875 920 ἐνδεδειγμένους
899 854 1258 923 προθυμίαν,
1292 845 1399 904 οῦκ
1426 849 1723 923 ἐξότουπερ

107 933 284 1006 μόνον
335 931 364 989 ὁ
414 933 562 998 καταμ
605 930 835 988 πάντων
887 928 1196 1005 ἀνεκινήθη
1249 933 1523 1006 διωγμὸς,
1576 933 1720 990 πολύ

105 1017 383 1091 πρότερον
423 1017 514 1089 δὲ,
555 1012 692 1073 καθ’
727 1014 796 1072 ὃν
839 1021 915 1073 ἔτι
954 1016 1022 1073 τά
1064 1022 1160 1089 τῆς
1192 1017 1418 1089 εἰρήνης
1451 1034 1725 1092 συνεκρο-
1750 1041 1788 1073 10

107 1114 270 1159 τεῖτο.
343 1105 391 1156 2.
440 1100 563 1174 ἄρτι
602 1100 711 1173 γάρ
755 1100 878 1174 ἄρτι
919 1107 1144 1175 πρῶτον
1187 1100 1372 1173 ὥσπερ
1405 1097 1515 1158 ἀπὸ
1549 1102 1726 1175 κάρου

109 1187 320 1258 ,βαθέος
363 1182 817 1258 ὑποκινουμένου
858 1190 961 1242 τοῦ
990 1185 1091 1259 τὴν
1125 1188 1383 1253 ἐξουσίαν
1415 1187 1726 1258 εἰληφότος,

106 1270 364 1343 κρύβδην
420 1293 479 1326 τε
522 1275 599 1326 ἔτι
640 1269 733 1325 καὶ
771 1267 1003 1342 ἀφανῶς
1043 1269 1178 1342 μετά
1220 1269 1322 1326 τὸν
1364 1267 1472 1326 ἀπὸ
1516 1277 1726 1328 Δεκίου

106 1355 200 1410 καὶ
260 1352 650 1427 Οὐαλεριανοῦ
710 1354 915 1425 μεταξύ
979 1354 1189 1428 χρόνον
1243 1366 1364 1420 ταῖς
1418 1356 1728 1427 ἐκκλησίαις

107 1442 556 1511 ἐπιχειροῦντος,
602 1437 708 1495 οὐκ
739 1435 963 1510 ἀθρόως
992 1461 1051 1495 τε
1080 1443 1158 1515 τῷ
1199 1437 1338 1495 καθ’
1382 1437 1543 1511 ἡμῶν
1588 1442 1720 1495 ε’πα-
1749 1460 1788 1494 15

103 1524 464 1596 ποδυομένου
497 1524 752 1601 πολέμῳ,
807 1519 931 1580 ἀλλ’
969 1528 1046 1580 ἔτι
1075 1528 1189 1580 τῶν
1218 1521 1357 1580 κατὰ
1388 1523 1453 1579 τοὶ
1489 1524 1725 1597 στρατό-

108 1613 254 1664 πεδα
284 1607 475 1680 μόνων
516 1605 976 1680 ἀποπειρωμένου
1012 1641 1085 1647 -—
1121 1608 1297 1682 ταύτῃ
1328 1607 1440 1681 γάρ
1471 1609 1566 1664 καὶ
1595 1607 1727 1674 τούς

108 1691 340 1758 λοιπούς
372 1691 587 1749 ἁλῶναι
629 1696 837 1768 ῥαδίως
876 1691 1042 1768 ᾠέτο,
1086 1697 1140 1748 εἰ
1175 1691 1449 1766 πρότερον
1492 1694 1726 1750 ἐκείνων

109 1777 633 1850 καταγωνισάμενος
678 1778 1021 1851 περιγένοιτο
1056 1810 1130 1816 —
1155 1819 1170 1848 ,
1213 1782 1509 1843 πλείστους
1540 1782 1727 1852 παρῆν

105 1866 223 1917 τῶν
255 1863 315 1917 ἐν
347 1867 654 1934 στρατείαις
701 1861 842 1935 ὁρᾶν
883 1857 1261 1934 ἀσμενέστατα
1299 1860 1400 1917 τὸν
1444 1860 1775 1918 ίδιωτικόνΞο

107 1947 633 2019 προασπαζομένους
673 1952 830 2018 βιόν,
877 1944 950 2011 ὡς
993 1943 1065 2001 ἂν
1106 1945 1179 2018 μὴ
1213 1948 1430 2018 ἔξαρνοι
1471 1946 1721 2016 γένοιντο

107 2035 206 2102 τῆς
237 2031 367 2103 περὶ
395 2028 497 2086 τὸν
526 2035 641 2086 τῶν
671 2031 821 2088 ὅλων
844 2029 1190 2103 δημιουργὸν
1216 2028 1518 2101 εὐσεβείας.
1561 2033 1609 2086 3.
1645 2029 1719 2095 ὥς

108 2114 215 2188 γὰρ
248 2114 277 2171 ὁ
310 2115 823 2189 στρατοπεδάρχης,
868 2113 1015 2180 ὅστις
1046 2114 1179 2170 ποτε
1208 2108 1281 2186 ἧν
1313 2116 1554 2184 ἐκεῖνος,
1599 2113 1721 2186 ἔρτι

109 2201 334 2272 πρῶτον
379 2201 640 2272 ἐνεχείρει
682 2205 760 2276 τῷ
803 2198 942 2255 κατά
973 2200 1088 2255 τῶν
1120 2198 1550 2272 στρατευμάτων
1582 2203 1715 2254 διω-

108 2306 266 2359 γμω,
318 2287 680 2356 φυλοκρινῶν
730 2285 824 2340 καὶ
876 2288 1261 2357 διακαθαίρων
1311 2282 1445 2349 τοῦς
1499 2285 1560 2339 ἐν
1599 2295 1715 2349 τοϊς
1742 2306 1785 2338 25

112 2367 507 2441 στρατοπέδοις
548 2367 1037 2441 ἀναφερομένους,
1094 2372 1313 2442 αίρεσίν
1352 2389 1411 2424 τε
1453 2367 1647 2434 διδους
1692 2391 1724 2438 η

112 2456 517 2524 πειθαρχοῦσιν
557 2446 622 2524 ἧς
662 2457 835 2524 μετῆν
875 2451 1068 2518 αὐτοῖς
1110 2451 1412 2509 ἀπολαύειν
1453 2457 1639 2525 τιμῆς,
1695 2449 1729 2550 η’

109 2534 449 2592 τούναντίον
491 2537 785 2610 στέρεσθαι
824 2535 1059 2608 ταύτης,
1118 2541 1171 2593 εἰ
1214 2532 1621 2593 ἀντιτάττοιντο
1651 2558 1728 2591 τω

51 2671 54 2674 .
115 2620 528 2694 προστάγματι,
577 2628 824 2677 πλεῖστοι
865 2620 987 2677 ὅσοι
1026 2625 1124 2693 τῆς
1165 2626 1410 2695 Χριστοῦ
1450 2594 1731 2693 βασιλείάς

114 2722 443 2776 στρατιωται
472 2705 573 2778 τὴν
606 2710 685 2772 εἰς
717 2703 895 2762 αὐτὸν
926 2704 1258 2779 ὁμολογίαν,
1305 2728 1379 2813 μη
1412 2704 1726 2778 μελλήσαν-
1751 2725 1793 2758 30

112 2811 234 2861 τες,
286 2794 384 2861 τῆς
437 2790 714 2862 δοκούσης
767 2789 930 2862 δόξης
982 2791 1075 2846 καὶ
1125 2786 1434 2862 ευπραγίας
1475 2792 1538 2861 ἧς
1580 2786 1728 2859 εἶχον

116 2871 514 2946 ἀναμφιλόγως
546 2882 952 2949 προυτίμησαν.
1005 2879 1055 2932 4.
1086 2873 1196 2947 ἤδη
1220 2875 1283 2931 δε
1315 2878 1564 2938 σπανίως
1595 2872 1728 2927 τού-

202 2981 433 3010 EUSEBIUS
459 2983 523 3013 1v.
1406 2966 1474 3017 23
