1986 3152
547 101 706 143 HJST.
740 101 990 143 ECCLES.
1025 102 1102 143 1v.
1127 104 1178 142 14
1202 104 1267 142 15.
1611 99 1711 152 153

98 215 440 291 “Μαρκίωνί
463 240 595 274 ποτε
627 223 702 284 είς
733 214 865 285 ὅφιν
895 216 1046 294 αὐτῷ
1077 215 1296 274 ἐλθόντι
1337 218 1428 273 καὶ
1468 216 1712 289 φήσαντι

95 300 540 374 ““ε’πιγινω’σκεις
610 299 769 374 ἡμᾶς’
833 298 1111 374 ἀπεκρίθη
1174 297 1542 373 οε’πιγινω’σκω
1615 301 1713 359 τὸν

92 385 483 460 “πρωτότοκον
505 389 604 442 τοῦ
627 385 870 444 σατανᾶ.’
927 385 1205 458 τοσαύτην
1228 389 1284 442 οἱ
1302 382 1595 443 ἀπόστολοι
1619 388 1711 442 καὶ

95 468 191 528 “015
228 473 473 543 μαθηταὶ
515 469 701 527 αὐτῶν
745 478 906 543 ἔσχον
948 467 1246 542 εὐλάβειαν
1286 468 1421 543 πρὸς
1462 469 1522 526 τὸ
1574 471 1712 542 μηδὲ

97 551 291 628 “μέχρι
321 553 488 627 λόγου
529 569 821 612 κοινωνεῖν
861 557 970 611 τινὶ
1013 561 1124 611 τῶν
1165 552 1712 627 παραχαρασσόντων
1738 568 1760 600 5

94 637 234 712 “τὴν
263 636 556 711 ἀλήθειαν,
590 635 661 704 ὡς
692 642 784 695 καὶ
815 641 1042 704 Παῦλος
1068 635 1590 711 ἐ’φησεν“αἰ’ρετικὸν
1619 635 1714 695 ἄν·

97 720 368 795 “θρωπον
396 721 531 794 μετὰ
561 729 695 794 μίαν
726 725 817 779 καὶ
853 723 1120 793 δευτέραν
1161 729 1473 779 νουθεσίαν
1514 744 1716 796 παραι-

97 802 260 877 “τοῦ,
295 804 457 871 εἰδώς
487 803 570 862 ὅτι
604 808 957 878 ἐξέστραπται
987 805 1016 862 ὁ
1048 810 1312 876 τοιοῦτος,
1345 808 1436 862 καὶ
1470 802 1714 879 ἁμαρτά-

95 889 218 948 “νει
263 887 342 948 ὢν
385 888 886 964 αὐτοκατάκριτος.’
952 895 998 947 8.
1045 896 1157 948 ἔστι
1199 890 1260 946 δὲ
1312 891 1404 946 καὶ
1459 889 1716 961 ἐπιστολὴ

95 973 511 1047 “Πολυκάρπου
541 972 676 1047 πρὸς
703 981 1109 1046 Φιλιππησίους
1140 976 1492 1048 γεγραμμένη
1518 979 1715 1031 ἱκανω-
1740 990 1781 1024 10

95 1057 296 1131 “τάτη,
344 1062 398 1127 ἐξ
438 1051 502 1131 ἧς
543 1060 635 1114 καὶ
675 1059 772 1115 τὸν
802 1064 1119 1133 χαρακτῆρα
1147 1064 1242 1132 τῆς
1273 1066 1510 1125 πίστεως
1541 1055 1715 1115 αὐτοῦ

94 1139 224 1200 “nal
241 1141 300 1200 τὸ
318 1143 572 1218 κήρυγμα
589 1147 684 1215 τῆς
708 1142 974 1217 ἀληθείας
998 1149 1056 1202 οὗ
1075 1142 1405 1216 βουλόμενοι
1429 1145 1521 1200 καὶ
1546 1167 1716 1216 φρον-

94 1223 367 1296 “τίζοντες
409 1231 504 1300 τῆς
558 1229 772 1286 ἑαυτῶν
813 1235 1085 1302 σωτηρίας
1128 1227 1397 1285 δύνανται
1448 1223 1715 1300 μαθεῖν.”

100 1317 148 1369 9.
190 1316 362 1369 ταῦτα
401 1310 430 1368 ὁ
462 1318 776 1384 Εἰρηναῖος.
848 1309 876 1369 ὁ
920 1317 984 1384 γέ
1020 1337 1104 1370 τοι
1135 1310 1507 1384 Πολῦκαρπος
1550 1314 1608 1368 ἐν
1648 1315 1717 1384 τῇ

101 1401 422 1470 δηλωθείσῃ
463 1394 599 1468 πρὸς
642 1404 1049 1469 Φιλιππησίους
1091 1396 1270 1454 αὐτοῦ
1307 1399 1500 1470 γραφῇ
1539 1419 1711 1469 φερο-
1738 1410 1779 1443 15

98 1483 238 1555 μένῃ
295 1487 372 1548 εἰς
425 1483 591 1553 δεῦρο
641 1483 903 1554 κέχρηταί
942 1499 1050 1538 τισι
1094 1486 1424 1555 μαρτυρίαις
1468 1477 1576 1537 ἀπὸ
1619 1484 1715 1552 τῆς

98 1565 320 1635 Πέτρου
352 1567 620 1637 προτέρας
652 1568 953 1638 ἐπιστολῆς.
1020 1571 1100 1622 10.
1132 1562 1468 1623 Ἀντωνῖνον
1507 1566 1610 1638 μὲν
1643 1564 1713 1636 δὴ

99 1647 196 1705 τὸν
236 1646 465 1720 Εὐσεβῆ
506 1653 814 1721 κληθέντα,
869 1648 1119 1707 εἰκοστὸν
1158 1651 1248 1707 καὶ
1294 1648 1556 1720 δεύτερον
1599 1654 1716 1714 ἔτος

56 1749 60 1752 “
99 1737 195 1805 τῆς
225 1731 396 1806 ἀρχῆς
430 1732 802 1806 διανύσαντα,
836 1733 1069 1807 Μάρκος
1102 1732 1380 1807 Αὐρήλιος
1417 1732 1654 1806 Οὐῆρος,
1687 1732 1715 1790 ὁ

99 1819 190 1874 καὶ
217 1815 575 1890 Ἀντωνῖνος,
607 1818 728 1884 υίὸς
755 1816 946 1890 αὐτοῦ,
980 1819 1088 1876 σῦν
1123 1821 1212 1876 καὶ
1238 1824 1462 1894 Λουκίςο
1486 1815 1712 1894 ἀδελφῷ
1737 1840 1780 1872 20

101 1904 427 1974 διαδέχεται.

227 1997 326 2046 xv.
382 1995 512 2064 [Nic.
543 1998 600 2047 Η.
629 1998 683 2047 Ε.
715 1998 804 2053 111,
834 1995 918 2047 34.
947 1996 1058 2063 35]
1112 1983 1202 2044 Ἐν
1233 1985 1411 2061 τούτῳ
1446 1987 1506 2043 δὲ
1537 1981 1564 2042 ὁ
1599 1994 1718 2043 Πο-

101 2067 383 2142 λῦκαρπος
434 2078 711 2143 μεγίστων
760 2069 864 2143 τὴν
912 2068 1103 2129 Ἀσίαν
1163 2068 1718 2142 ἀναθορυβησάντων

103 2157 364 2228 διωγμῶν
392 2162 678 2232 μαρτυρίω
702 2160 1020 2213 τελειοῦται.
1070 2153 1509 2229 ἀναγκαιότατον
1535 2155 1596 2211 δὲ
1621 2151 1716 2211 αῦ-

101 2241 200 2295 τοῦ
227 2236 293 2296 τὸ
322 2240 476 2306 τέλος
508 2238 798 2313 ἐγγράφως
835 2247 912 2298 ἔτι
954 2239 1267 2314 φερόμενον
1306 2235 1551 2312 ἡγοῦμαι
1595 2243 1716 2296 δεῖν
1739 2260 1781 2293 25

102 2321 287 2397 μνήμῃ
310 2326 408 2395 τῆς
434 2327 675 2398 ἱστορίας
694 2327 1058 2382 καταθέσθαι.
1092 2329 1140 2383 2.
1163 2330 1277 2382 ε”στι
1301 2319 1418 2396 δὲὴ
1443 2321 1631 2397 γραφὴ
1658 2326 1717 2380 ἐκ

103 2406 403 2478 προσώπου
433 2399 498 2479 ἧς
529 2402 693 2476 αὐτὸς
726 2412 1015 2482 ἐκκλησίας
1046 2404 1231 2482 ἡγεῖτο
1261 2423 1381 2475 ταῖς
1411 2407 1548 2465 κατὰ
1570 2406 1715 2464 Πόν-

102 2513 198 2548 τον
219 2498 531 2564 παροικίαις
553 2491 620 2549 τὰ
642 2490 765 2550 κατ’
793 2491 963 2551 αὐτὸν
986 2492 1446 2567 ἀποσημαίνουσα
1472 2489 1563 2549 διά
1586 2491 1718 2548 τοῦ-

102 2597 214 2631 των
244 2580 291 2633 3.
318 2571 390 2648 “⁹5
423 2579 684 2649 ἐκκλησία
713 2583 812 2635 τοῦ
835 2581 976 2635 θεοῦ
1006 2576 1042 2650 ἡ
1067 2582 1411 2650 παροικοῦσα
1442 2575 1717 2649 Σμύρναν

98 2654 202 2732 “τῇ
232 2662 494 2736 ἐκκλησία
524 2664 623 2718 τοῦ
652 2664 793 2719 θεοῦ
821 2665 889 2736 τῇ
919 2661 1260 2736 παροικοῦσῃ
1304 2665 1363 2719 ἐν
1396 2666 1714 2735 Φιλομηλίςο
1738 2683 1779 2714 30

218 2798 243 2835 6
273 2798 369 2838 Tit.
403 2801 450 2849 3,
486 2800 552 2842 10.
699 2800 752 2840 28
785 2794 870 2840 διὰ
902 2794 1100 2852 τούτων]
1138 2801 1371 2852 Integrius
1403 2800 1450 2838 in
1484 2797 1715 2838 codicibus

111 2851 231 2903 apud
260 2853 504 2895 Iacobson.
538 2853 627 2898 vol.
661 2856 700 2895 2.
731 2868 774 2908 p.
808 2856 891 2897 604
922 2869 1047 2907 seqq.
1081 2856 1189 2895 edit.
1222 2858 1430 2908 quartae.
