1986 3152
264 132 367 184 366
717 125 720 127 ’
945 130 1194 172 EUSEBH

262 251 480 320 μένων,
536 248 739 316 ἑτέρων
779 269 837 302 τε
875 249 1086 302 θᾶττον
1127 244 1232 316 τὴν
1274 245 1461 313 δεξιὰν
1499 246 1689 304 αὐτῶν
1730 249 1870 320 πυρὶ

262 333 571 387 καθιέντων
611 329 645 402 ἢ
686 336 783 402 τῆς
817 332 1053 402 ἐναγοῦς
1083 335 1291 395 θυσίας
1327 332 1755 403 ἐφαπτομένων,
1789 325 1870 388 ὧν

262 416 404 480 τινὲς
444 414 547 486 τὴν
591 427 793 487 πεῖραν
835 415 1170 486 φεύγοντες,
1223 414 1360 485 πρὶν
1401 409 1618 471 ἁλῶναι
1655 418 1749 472 καὶ
1791 422 1869 483 εἰς

260 511 447 573 χεῖρας
488 503 602 554 τῶν
644 498 956 570 ἐπιβούλων
997 500 1217 567 ἐλθεῖν,
1267 494 1492 555 ἀνωθεν
1537 501 1590 566 ἐξ
1629 495 1869 572 ὑψηλῶν

220 612 239 643 5
263 583 536 656 δωμάτων
569 583 803 649 ἑαυτούς
834 582 1304 655 κατεκρήμνισαν,
1345 580 1446 639 τὸν
1483 583 1735 640 θάνατον
1765 583 1867 659 ἅρ-

259 690 450 740 παγμα
478 669 706 740 θέμενοι
739 672 830 739 τῆς
860 672 976 724 τῶν
999 671 1295 738 δυσσεβῶν
1318 674 1646 741 μοχθηρίας.
1692 671 1741 724 3.
1775 675 1874 724 καί

257 776 336 818 τις
370 751 492 827 ἱερά
522 753 614 808 καὶ
643 758 938 825 θαυμασία
968 750 1069 823 τὴν
1099 756 1196 823 τῆς
1227 756 1411 824 ψυχῆς
1442 750 1680 826 ἀρετὴν,
1710 752 1772 809 τό
1805 752 1868 809 δὲ

258 842 417 908 σῶμα
446 837 612 908 γυνὴ,
642 836 824 893 καὶτὰ
857 836 998 893 ἄλλα
1028 841 1143 892 τῶν
1169 831 1258 892 ἐπ’
1279 834 1610 908 Ἀντιοχείας
1640 836 1868 913 πλούτῳ

256 921 350 976 καὶ
379 922 530 992 γένει
559 923 652 977 καὶ
682 917 906 995 εὐδοξία
930 920 1082 995 παρά
1115 925 1248 976 πᾶσι
1277 921 1615 993 βεβοημένη,
1647 926 1869 978 παίδων

193 1032 232 1064 ιο
256 1007 540 1078 ξυνωρίδα
570 1007 874 1080 παρθένων
891 1050 904 1076 ,
935 1011 1004 1079 τῇ
1035 1010 1138 1062 τοῦ
1171 1004 1428 1078 σώματος
1454 1005 1572 1080 ὥρᾳ
1595 1006 1691 1061 καὶ
1714 1004 1866 1079 ἀκμῇ

254 1093 718 1162 διαπρεπουσῶν,
780 1099 1016 1162 θεσμοῖς
1069 1088 1354 1160 εὐσεβείας
1408 1089 1867 1162 ἀναθρεψαμένη,

256 1174 446 1246 ἐπειδὴ
471 1173 650 1239 πολύς
676 1170 704 1229 ὁ
731 1175 860 1244 περὶ
885 1171 1060 1239 αὐτὰς
1083 1173 1412 1246 κινούμενος
1436 1173 1654 1246 φθόνος
1684 1174 1868 1230 πάντα

252 1257 463 1330 τρόπον
495 1256 810 1330 ἀνιχνεύων
842 1257 1242 1323 λανθανούσας
1273 1258 1702 1331 περιειργάζετο,
1749 1257 1868 1315 εἶτα

255 1340 343 1397 ἐπ’
388 1341 707 1414 ἀλλοδαπῆς
748 1339 923 1408 αὐτάς
964 1347 1271 1417 διατρίβειν
1319 1341 1523 1414 μαθων
1563 1364 1865 1416 πεφροντι-

192 1451 231 1483 15
260 1427 473 1499 σμένως
506 1428 595 1483 ἐπὶ
625 1426 730 1499 τήν
755 1425 1088 1499 Ἀντιόχειαν
1121 1425 1330 1499 ἐκάλει,
1372 1427 1615 1484 δικτύων
1657 1427 1719 1484 δὲ
1759 1426 1868 1500 ἤδη

252 1512 657 1585 στρατιωτικῶν
688 1520 819 1568 εἵσω
851 1513 1280 1586 περιβέβληντο,
1314 1514 1374 1568 ἐν
1398 1510 1702 1585 ἀμηχάνοις
1730 1514 1862 1569 ἑαυ-

248 1595 352 1667 τήν
391 1619 450 1652 τε
479 1598 571 1652 καὶ
603 1596 699 1662 τάς
730 1600 936 1662 παῖδας
966 1598 1314 1669 θεασαμένη,
1356 1597 1451 1652 καὶ
1493 1596 1560 1653 τά
1591 1597 1864 1670 μέλλοντα

252 1681 306 1746 ἐξ
339 1678 662 1753 ἀνθρώπων
694 1680 847 1737 δεινά
879 1685 956 1756 τῷ
982 1681 1132 1757 λόγῳ
1156 1690 1507 1753 παραθεῖσα,
1537 1681 1602 1738 τό
1630 1704 1688 1737 τε
1716 1681 1862 1738 πάν-

248 1785 361 1820 των
401 1769 604 1821 δεινῶν
634 1764 1075 1839 ἀφορητότερον,
1122 1771 1386 1837 πορνείας
1417 1763 1678 1838 ἀπειλὴν,
1723 1766 1865 1838 μηδὲ

186 1877 227 1910 20
250 1845 438 1923 ἄκροις
471 1847 612 1906 ὠσὶν
653 1845 952 1922 ὑπομεῖναι
994 1854 1116 1907 δεῖν
1147 1848 1414 1922 ἀκοῦσαι,
1461 1852 1630 1923 ἑαυτῇ
1671 1873 1729 1907 τε
1768 1851 1863 1907 καὶ

247 1945 369 1999 ταῖς
400 1934 594 2007 κόραις
624 1936 1156 2008 παρακελευσαμένη
1174 1978 1190 2006 ,
1221 1933 1363 1991 ἀλλὰ
1392 1935 1485 1992 καὶ
1516 1931 1578 1990 τὸ
1611 1939 1862 2008 προδοῦ-

248 2041 339 2073 ναι
383 2017 480 2084 τάς
523 2019 708 2090 ψυχὰς
751 2024 821 2092 τῇ
865 2024 979 2075 τῶν
1025 2019 1311 2092 δαιμόνων
1357 2025 1590 2093 δουλείᾳ
1636 2019 1863 2076 πάντων

247 2099 517 2173 ὑπάρχειν
546 2103 812 2159 θανάτων
857 2104 951 2159 καὶ
981 2103 1161 2175 πάσης
1201 2116 1392 2176 χεῖρον
1436 2101 1716 2169 ἀπωλείας
1747 2103 1862 2175 φή-

248 2202 424 2255 σασα,
457 2192 594 2257 μίαν
622 2187 840 2243 τούτων
870 2184 1133 2243 ἁπάντων
1166 2186 1308 2243 εἶναι
1338 2185 1503 2244 λύσιν
1534 2185 1857 2258 ὑπετίθετο,

183 2293 226 2326 25
247 2269 353 2342 τὴν
397 2270 487 2325 ἐπὶ
525 2269 628 2326 τὸν
668 2270 868 2342 κύριον
909 2271 1268 2343 καταφυγήν·
1340 2275 1388 2328 4..
1438 2271 1667 2328 κᾶπειτα
1713 2268 1859 2344 ὁμοῦ

244 2353 349 2425 τὴν
378 2352 611 2426 γνώμην
643 2357 1013 2427 συνθέμεναι,
1061 2356 1127 2412 τά
1155 2379 1213 2412 τε
1244 2355 1471 2427 σώματα
1502 2363 1859 2428 περιστείλα-

246 2455 340 2494 σαι
391 2444 634 2510 κοσμίως
685 2452 800 2506 τοῖς
846 2439 1282 2513 περιβλήμασιν,
1337 2440 1428 2497 ἐπ’
1473 2439 1646 2512 αὐτῆς
1690 2442 1860 2513 μέσης

244 2522 538 2595 γενόμεναι
577 2529 674 2595 τῆς
726 2522 892 2596 ὁδοῦ,
950 2525 1137 2598 βραχύ
1186 2549 1237 2581 τι
1286 2524 1417 2592 τούς
1469 2524 1724 2597 φύλακας
1778 2529 1858 2590 είς

245 2605 602 2681 ἀναχώρησιν
651 2606 1272 2683 ὑποπαραιτησάμεναι,
1327 2611 1417 2666 ἐπὶ
1468 2610 1859 2683 παραρρέοντα

180 2714 222 2747 30
246 2690 496 2764 ποταμὸν
531 2691 730 2759 ἑαυτάς
761 2692 1077 2765 ἠκόντισαν.
1129 2698 1178 2750 5.
1213 2698 1336 2751 αἵδε
1358 2694 1462 2767 μὲν
1493 2688 1599 2751 οὖν
1632 2693 1854 2758 ἑαυτάς·

249 2776 425 2849 ἀλλην
457 2775 516 2832 δ’
554 2776 642 2833 ἐπ’
666 2775 854 2849 ἀὐτῆς
881 2777 1208 2852 Ἀντιοχείας
1240 2782 1521 2851 ξυνωρίδα
1551 2780 1856 2852 παρθένων

251 2860 318 2918 τά
341 2863 523 2918 πάντα
545 2867 883 2936 θεοπρεπῶν
905 2864 999 2919 καὶ
1023 2862 1250 2935 ἀληθῶς
1274 2862 1557 2936 ἀδελφῶν,
1585 2862 1856 2929 ἐπιδόξων
