1986 3152
545 79 699 120 HIs'r.
732 79 982 120 ECCLES.
1017 81 1094 121 VI.
1129 82 1310 122 37—39.
1629 79 1734 131 279

127 195 387 269 δεύτερον
418 194 636 268 ψαλμὸν
667 191 695 252 ὁ
723 191 1039 270 Ὠριγένης,
1084 187 1197 252 οἶδέ
1224 218 1339 262 πως
1370 197 1548 268 λέγων
1574 192 1734 269 “52⁷2-

115 278 300 339 “λυθε’
346 305 426 347 τις
482 281 571 337 ἐπὶ
623 283 721 336 τοῦ
763 278 1034 353 παρόντος
1075 282 1214 353 μέγα
1255 283 1484 355 φρονῶν
1526 282 1613 337 ἐπὶ
1656 284 1736 357 τῷ

117 360 437 422 (θδύνασθαι
479 362 811 437 πρεσβεύειν
852 363 1074 437 γνώμης
1104 362 1279 421 ἀθέου
1311 367 1403 421 καὶ
1432 363 1733 436 ἀσεβεστά-

115 446 268 521 ““τἠς,
302 454 644 521 καλουμένης
663 444 1042 520 Ἐλκεσαϊτῶν,
1075 451 1275 506 νεωστὶ
1299 452 1734 521 ἐπανισταμένης

115 530 270 601 ’(ταῖς
318 537 644 606 ἐκκλησίαις.
730 536 912 605 ἐκείνη
951 529 985 605 ἡ
1026 532 1218 606 γνώμη
1259 530 1349 590 οἶα
1388 535 1533 606 λέγει
1574 533 1733 604 κακὰ,
1758 549 1777 580 5

112 614 547 691 “napocffijo'ouoec
588 616 750 689 ὑμῖν,
797 623 891 675 ἵνα
930 616 1003 690 μὴ
1035 616 1480 690 συναρπαζησθε.
1546 616 1741 676 ἀθετεῖ

115 700 278 759 “uva
330 699 438 760 ἀπὸ
492 699 671 773 πάσης
722 704 969 774 γραφῆς,
1024 703 1280 775 κέχρηται
1334 707 1519 774 ῥητοῖς
1572 701 1736 759 πάλιν

113 782 260 843 “οἰπὸ
300 785 478 858 πάσης
519 787 755 850 παλαιοῖς
796 810 855 842 τε
895 787 985 841 καὶ
1030 783 1415 858 εὐαγγελικῆς,
1470 785 1566 843 τὸν
1605 783 1738 843 ἀπό·

113 867 350 927 τεστολον
389 873 576 927 τέλεον
617 866 821 927 ἀθετεῖ.
895 872 1033 941 φησὶ
1078 870 1137 925 δὲ
1178 867 1260 926 ὅτι
1290 870 1350 926 τὸ
1382 866 1736 942 ἀρνήσασθαι

112 951 462 1027 “οἰδιοὲφορο’ν
504 956 644 1025 ἐστι,
697 955 788 1010 καὶ
828 949 856 1010 ὁ
898 954 1002 1026 μὲν
1043 952 1249 1026 νοήσας
1291 957 1366 1031 τῷ
1408 953 1631 1026 στόματι
1677 958 1736 1011 ἐν

113 1035 421 1110 “devoiyumg
452 1037 769 1111 ἀρνήσεται,
803 1044 868 1112 τῇ
902 1038 963 1094 δὲ
995 1044 1195 1112 καρδία
1219 1036 1359 1111 οὐχί.
1422 1042 1514 1094 καὶ
1539 1044 1737 1110 βίβλον

114 1119 275 1180 “avda
305 1125 595 1196 φέρουσιν,
628 1118 699 1194 ἣν
731 1124 993 1193 λέγουσιν
1023 1126 1077 1191 ἐξ
1109 1121 1354 1192 οὐρανοῦ
1384 1145 1737 1180 καταπεπτω-

114 1203 339 1280 “κέναι,
394 1210 486 1264 καὶ
538 1207 635 1264 τὸν
686 1203 960 1278 ἀκηκοότα
1007 1210 1221 1280 ἐκείνης
1266 1209 1358 1263 καὶ
1404 1206 1737 1264 πιστεύοντα

115 1287 355 1363 “ἅφεσιν
400 1292 679 1364 λήψεσθαι
709 1297 821 1348 τῶν
851 1287 1288 1365 ἁμαρτημάτων,
1330 1289 1505 1364 ἄλλην
1534 1290 1738 1363 ἄφεσιν

115 1373 284 1448 “παρ’
331 1372 400 1449 ἣν
430 1374 665 1450 Χριστὸς
690 1373 898 1447 Ἰησοῦς
938 1373 1192 1448 οἶφῆκε.”ῥ
1228 1378 1319 1432 καὶ
1362 1374 1428 1432 τὰ
1468 1376 1570 1449 μὲν
1611 1378 1736 1449 περὶ

123 1458 335 1518 τούτων
365 1460 498 1518 τάδε
531 1464 695 1528 ἐστίν.

251 1556 466 1605 XXXIX.
521 1556 651 1621 [Nic.
682 1556 735 1605 H.
766 1556 818 1604 E.
848 1558 898 1612 v,
927 1554 1011 1605 27.
1041 1553 1150 1621 32]
1210 1541 1370 1602 Ἀλλὰ
1400 1544 1505 1617 γὰρ
1540 1550 1738 1602 Φίλιπ-

122 1651 230 1686 πον
281 1635 460 1688 ἔτεσιν
514 1627 649 1686 ἑπτα
698 1627 1110 1700 βασιλεύσαντα
1163 1630 1470 1702 διαδέχεται
1518 1631 1738 1700 Δέκιος,

122 1710 182 1779 ὃς
237 1711 304 1785 δὴ
356 1717 454 1770 τοῦ
506 1712 641 1786 πρὸς
689 1720 972 1771 Φίλιππον
1024 1720 1226 1787 ἔχθους
1281 1716 1442 1770 ἕνεκα
1495 1711 1739 1785 διωγμὸν

124 1795 261 1855 κατόι
290 1801 402 1855 τῶν
433 1800 739 1870 ἐκκλησιῶν
773 1801 988 1871 ἐγείρει,
1023 1801 1083 1855 ἐν
1115 1790 1159 1874 ᾦ
1184 1800 1473 1869 Φαβιανοῦ
1506 1799 1594 1855 ἐπὶ
1614 1793 1738 1854 Ῥώ-

122 1907 228 1955 μης
268 1889 554 1960 μαρτυρίςο
595 1885 988 1949 τελειωθέντος
1030 1882 1337 1955 Κορνήλιος
1378 1880 1482 1954 τήν
1526 1884 1738 1939 ἐπισκο-

127 1965 238 2038 πὴν
281 1969 604 2040 διαδέχεται.
667 1972 714 2023 2.
752 1969 839 2023 ἐπὶ
886 1967 946 2023 δὲ
977 1974 1358 2039 Παλαιστίνης
1385 1962 1739 2038 Ἀλέξανδρος

122 2049 153 2107 ὁ
195 2054 290 2123 τῆς
315 2047 711 2126 Ἱεροσολύμων
754 2054 1046 2123 ἐκκλησίας
1078 2055 1402 2123 ἐπίσκοπος,
1450 2045 1617 2117 αὖθις
1652 2049 1741 2106 δια

127 2134 366 2207 Χριστὸν
392 2139 452 2194 ἐν
473 2140 539 2210 τῇ
564 2141 872 2211 Καισαρείᾳ
895 2131 1243 2209 ἡγεμονικοῖς
1274 2135 1557 2210 παραστὰς
1590 2140 1740 2192 δικα-

127 2226 398 2293 στηρίοις,
435 2223 535 2277 καὶ
579 2222 665 2278 ἐπὶ
708 2223 941 2295 δευτέρα
977 2223 1286 2294 διαπρέψας
1317 2217 1610 2295 ὁμολογίᾳ,
1655 2225 1740 2276 δε-

126 2311 440 2377 σμωτηρίου
484 2309 764 2378 πειρᾶται,
808 2309 1024 2381 λιπαρῷ
1063 2305 1219 2379 γήρει
1250 2307 1341 2362 καὶ
1374 2307 1550 2379 σεμνῇ
1579 2307 1743 2379 πολιᾷ

128 2390 573 2462 κατεστεμμένος.
634 2394 683 2446 3.
715 2387 914 2446 τούτου
955 2391 1018 2446 δὲ
1056 2390 1191 2462 μετὰ
1232 2389 1334 2462 τὴν
1377 2392 1436 2447 ἐν
1466 2402 1581 2455 τοῖς
1612 2385 1742 2461 ἡγε-

126 2487 374 2545 μονικοῖς
408 2478 780 2545 δικαστηρίοις
811 2471 1070 2546 λαμπρὰν
1101 2475 1193 2530 καὶ
1224 2479 1502 2547 περιφανῆ
1532 2497 1743 2547 μαρτυ-

129 2563 257 2629 ρίαν
302 2559 389 2614 ἐπὶ
433 2560 528 2629 τῆς
564 2560 780 2630 εἱρκτῆς
811 2560 1202 2630 κοιμηθέντος,
1247 2557 1588 2631 Μαζαβάνης
1622 2556 1742 2613 διά-

130 2645 289 2713 δοχος
339 2647 434 2714 τῆς
487 2645 547 2698 ἐν
582 2637 980 2715 Ἱεροσολύμοις
1025 2645 1322 2716 ἐπισκοπῆς
1363 2641 1734 2700 ἀναδείκνται.

246 2837 265 2874 1
302 2834 426 2888 Orig.
461 2834 712 2876 Commeat.
746 2836 793 2875 in
825 2847 942 2876 sacr.
977 2836 1119 2888 script
1150 2849 1194 2888 p.
1228 2838 1279 2877 51
1315 2835 1384 2878 ed.
1419 2835 1554 2875 Huet.

1762 971 1800 1001 10

1762 1390 1802 1422 15

1762 1814 1803 1844 20

1763 2233 1803 2265 25

1763 2653 1805 2685 30
