2032 3174
350 131 417 182 93
1044 128 1291 170 EUSEBII

350 252 527 319 θυμία
558 243 904 316 παραδόξους
934 250 1240 315 θεοσημίας
1271 247 1382 300 τῶν
1421 244 1738 316 μελλόντων
1769 245 1958 315 αὐτοῖς

349 330 421 402 μὴ
462 326 830 400 μετανοήσασι
869 324 1261 398 συμβήσεσθαι
1302 333 1734 404 παρασχομένης.
1797 323 1832 387 ἃ
1863 334 1956 388 καὶ

351 412 489 471 αὐτὰ
531 410 745 485 μνήμης
787 407 1063 483 ἠξιωμένα
1108 409 1244 482 πρὸς
1274 414 1374 470 τοῦ
1405 418 1792 487 δεδηλωμένον
1824 434 1956 488 συγ·

349 499 602 571 γραφέως
642 492 812 552 οὐδὲν
851 491 971 552 οἷον
1012 509 1126 561 τοῖς
1165 500 1300 568 τῇδε
1347 501 1637 570 προσιοῦσι
1667 502 1736 572 τῇ
1764 503 1955 574 γραφῇ

285 606 305 637 5
350 591 707 654 παραθεῖναι.

478 676 594 725 Vlll.
649 674 867 741 [Nic.H.
898 673 1161 739 E.111,4.]
1221 666 1330 720 Καὶ
1355 662 1424 737 δὴ
1449 664 1639 737 λαβών
1667 663 1962 739 ἀνάγνωθι

349 745 413 808 τά
448 774 584 806 κατα
623 748 725 820 τὴν
766 750 929 820 ἕκτην
969 771 1081 804 των
1127 753 1387 820 ίστοριων
1420 748 1570 826 αὐτῷ
1603 753 1960 824 δεδηλωμένα

351 840 410 892 ἐν
441 831 655 899 τούτοις
680 826 813 889 “vdv
844 838 983 903 γοῦν
1012 830 1212 889 ἄθλιον
1245 838 1421 906 δῆμον
1445 839 1503 891 οι
1519 835 1622 907 μὲν
1645 833 1960 902 ἀπατεωνες

342 916 471 976 “nat
455 914 962 988 καταψευδόμενοι
987 920 1086 973 τοῦ
1107 921 1247 974 θεοῦ
1271 923 1571 989 τηνικαῦτα
1596 922 1960 992 παρέπειθον,

286 1026 327 1056 10
360 1003 492 1068 τοῖς
537 999 590 1059 δ’
627 1003 881 1073 ἐναργέσι
913 1003 1003 1056 καὶ
1035 1011 1478 1101 προσημαίνουσι
1517 1003 1619 1076 τὴν
1647 1006 1964 1077 μέλλουσαν

343 1084 608 1145 “εσεσθαι
641 1089 872 1157 ἐρημιαν
912 1087 1135 1157 τέρασιν
1176 1083 1304 1143 οὔτε
1343 1101 1640 1160 προσεῖχον
1680 1087 1809 1145 οὔτε
1842 1091 1965 1144 ἐπί-

337 1171 606 1276 ῑῖιστευον,
649 1167 770 1226 ἀλλ’
819 1193 892 1235 ως
927 1172 1426 1243 ἐμβεβροντημένοι
1457 1175 1549 1227 καὶ
1580 1170 1716 1244 μήτε
1745 1172 1962 1245 ὄμματα

337 1254 524 1358 ἱζμήτε
566 1254 752 1326 ψυχὴν
806 1259 1021 1325 ἔχοντες
1083 1260 1197 1310 τῶν
1247 1257 1349 1310 τοῦ
1398 1262 1540 1313 θεοῦ
1592 1254 1964 1330 κηρυγμάτων

339 1338 720 1444 τἱπαρήκουον·
768 1343 815 1394 2.
843 1340 1003 1393 τοῦτο
1034 1338 1138 1410 μὲν
1169 1335 1259 1394 ὅτε
1281 1336 1424 1412 ὑπερ
1449 1364 1550 1411 την
1573 1338 1736 1397 πόλιν
1759 1339 1966 1412 ἄστρον

286 1426 354 1476 15
357 1424 509 1527 “ὲ’στη
542 1427 791 1498 ῥομφαια
825 1421 1214 1494 παραπλήσιον
1243 1424 1335 1479 καὶ
1370 1431 1703 1495 παρατείνας
1736 1422 1819 1482 ἐπ’
1851 1427 1965 1482 ε’νι·-

340 1508 550 1566 “αυτὸν
579 1505 845 1580 κομήτης,
877 1511 1038 1563 τοῦτο
1063 1506 1176 1563 δε
1148 1513 1313 1581 ηνίκα
1344 1510 1450 1581 πρὸ
1481 1515 1578 1581 τῆς
1607 1507 1964 1574 ἀποστάσεως

341 1593 472 1650 “noel
504 1595 602 1650 τοῦ
633 1589 769 1664 πρὸς
799 1589 895 1649 τὸν
925 1589 1167 1664 πόλεμον
1197 1588 1521 1664 κινήματος,
1564 1592 1964 1667 ἀθροιζομένου

341 1677 479 1735 “τοῦ
508 1683 647 1734 λαοῦ
678 1674 813 1748 πρὸς
843 1673 945 1746 τὴν
976 1678 1087 1732 τῶν
1116 1674 1341 1747 ἀζύμων
1365 1675 1582 1750 ἑορτὴν,
1615 1675 1786 1751 ὀγδόῃ
1818 1682 1966 1741 Ξαν-

343 1761 550 1819 “θικοῦ
577 1759 751 1835 μηνὸς
781 1757 918 1818 κατά
950 1759 1147 1827 νυκτὸς
1180 1758 1383 1831 ε’νάτην
1407 1759 1561 1833 ὤραν
1585 1766 1814 1818 τοσοῦτο
1846 1765 1965 1832 φῶς

286 1866 327 1897 20
342 1846 722 1953 ἶπεριέλαμψε
751 1845 847 1903 τὸν
870 1843 1061 1916 βωμὸν
1085 1848 1176 1902 καὶ
1210 1841 1308 1901 τὸν
1343 1844 1481 1903 ναὸν
1514 1844 1585 1911 ὡς
1611 1850 1799 1902 δοκεῖν
1830 1843 1966 1917 ἡμέ-

342 1930 488 2003 “ραν
520 1931 663 1989 εἶναι
696 1928 969 2003 λαμπράν.
1042 1932 1136 1986 καὶ
1166 1932 1327 1987 τοῦτο
1358 1931 1678 2004 παρέτεινεν
1710 1928 1797 2002 ἐφ’
1833 1928 1960 2001 ἡμί-

343 2014 540 2071 “σειαν
581 2014 761 2086 ω’ραν·
820 2012 851 2071 ὂ
891 2027 1004 2080 τοις
1054 2015 1159 2086 μὲν
1206 2011 1459 2086 ἀπείροις
1511 2011 1730 2086 ἀγαθὸν
1783 2012 1966 2070 ἐδόκει

345 2098 554 2172 eedvcta,
598 2113 712 2166 τοις
755 2101 816 2156 δε
858 2101 1356 2171 ἱερογραμματεῦσι
1395 2097 1503 2201 πρὸ
1534 2101 1647 2154 τῶν
1686 2097 1966 2169 ἀποβεβη-

342 2183 558 2241 “xo‘tmv
590 2186 802 2250 εὐθέως
835 2186 1049 2254 ἐκριᾞθη
1115 2187 1161 2239 Β.
1197 2187 1288 2238 καὶ
1332 2183 1470 2239 κατὰ
1500 2179 1604 2253 τὴν
1643 2179 1819 2254 αὐτὴν
1849 2184 1966 2281 ἑορ·

287 2275 356 2318 25
362 2266 487 2340 ’την
516 2271 652 2339 βοῦς
681 2267 788 2340 μὲν
828 2266 1066 2337 ἀχθεῖσα
1095 2263 1206 2324 υπὸ
1238 2270 1335 2323 τοῦ
1374 2265 1669 2340 ἀρχιερέως
1700 2264 1836 2337 πρὸς
1865 2263 1967 2337 τὴν

345 2351 597 2411 “θυσίαν
628 2359 816 2410 ε’τεκεν
846 2375 989 2422 αρνα
1021 2355 1082 2408 έν
1111 2376 1186 2408 τω
1215 2354 1346 2427 ίερω
1372 2355 1537 2427 μέσω.
1592 2354 1639 2406 4.
1676 2375 1708 2423 η
1742 2350 1795 2406 δ’
1830 2346 1969 2407 ἀνα-

344 2434 570 2509 ““τολικὴ
602 2436 751 2509 πύλη
781 2437 884 2493 τοῦ
916 2439 1186 2508 ἐνδοτέρω
1218 2441 1390 2508 χαλκῆ
1421 2460 1523 2508 μεν
1556 2426 1697 2491 οῦσα
1728 2437 1820 2491 καὶ
1851 2453 1968 2490 στι-

345 2519 702 2594 σεβαρωτάτη,
764 2523 1055 2593 κλειομένη
1111 2521 1172 2577 δε
1225 2523 1352 2592 περὶ
1419 2525 1609 2591 δείλην
1659 2517 1814 2592 μόλις
1864 2515 1966 2576 ὑπ’

345 2604 704 2679 τ’ἀνθρεόπων
759 2615 962 2674 εἴκοσι,
1017 2608 1105 2662 καὶ
1159 2613 1383 2678 μοχλοῖς
1423 2605 1526 2677 μὲν
1579 2604 1971 2676 ἐπερειδομένη

287 2689 790 2763 3ο<“σιδηροδε’τοις,
859 2693 1175 2762 καταπῆγας
1231 2688 1281 2746 δ’
1343 2696 1542 2763 ἔχουσα
1595 2684 1998 2758 βαθυτάτουςφ

476 2885 500 2924 8
531 2884 713 2937 Ιοεψῇ.
736 2885 791 2925 Β.
813 2886 847 2924 Ι.
874 2886 949 2934 VI,
976 2885 1014 2934 5,
1037 2886 1076 2924 3.
