1986 3152
266 123 370 174 336
939 119 1186 160 EUSEBII

260 235 290 256 (f

302 241 564 308 ἐπιτιμῶν
595 237 685 292 καὶ
719 238 1054 306 ἐνυβρίζων,
1097 235 1191 289 καὶ
1234 239 1311 298 εἰς
1352 233 1484 300 τούς
1523 231 1873 302 άπελθόντας

262 318 362 377 “ἐκ
390 324 488 377 τοῦ
533 326 661 391 βίου
700 317 900 375 τούτου
941 319 1224 390 παροινῶν
1266 317 1524 390 ἐξηγητὰς
1567 323 1666 376 τοῦ
1707 319 1874 392 λόγου

262 401 573 477 “φορτικῶς
616 407 675 459 ἐν
712 407 787 478 τῷ
833 405 1028 478 κοινῷ,
1072 403 1164 458 καὶ
1201 407 1703 475 μεγαλορρημονῶν
1747 406 1872 476 περὶ

265 484 522 559 “ε”αυτοῦ,
555 485 808 561 καθάπερ
840 483 943 542 οὐκ
977 489 1290 555 ἐπίσκοπος,
1322 483 1462 541 ἀλλὰ
1492 487 1756 560 σοφιστὴς
1779 490 1872 545 καὶ

227 594 247 625 5
279 571 456 643 γόης
508 577 586 629 10.
621 570 875 644 ψαλμοὺς
902 571 961 627 δε
990 569 1118 636 τοὺς
1138 570 1242 642 μὲν
1267 577 1345 636 εἰς
1374 567 1472 627 τὸν
1501 569 1695 644 κύριον
1719 570 1876 644 ἡμῶν

258 654 515 762 ἶςἸησοῦν
546 655 786 729 Χριστὸν
817 653 1060 725 παύσας,
1095 678 1169 719 ως
1192 652 1261 726 δὴ
1285 656 1589 727 νεωτέρους
1619 659 1712 711 καὶ
1742 678 1877 712 νεω-

258 737 475 843 ἶῖτέρων
505 739 733 812 ἀνδρῶν
763 738 1181 812 συγγράμματα,
1217 745 1293 806 εἰς
1329 737 1529 796 ἑαυτὸν
1560 740 1622 796 δὲ
1654 742 1713 797 ἐν
1735 743 1875 814 μέσῃ

260 822 366 929 :135
399 829 657 900 ἐκκλησία
687 831 753 898 τῇ
784 823 993 897 μεγάλῃ
1024 827 1120 880 τοῦ
1146 821 1328 896 πάσχα
1350 819 1525 898 ἡμέρᾳ
1550 830 1876 900 ψαλμωὸεῖν

260 907 569 981 “ῗγυναῖκας
615 906 1075 982 παρασκευάζων,
1130 908 1209 963 ὠν
1255 910 1346 963 καὶ
1399 904 1639 974 ἀκούσας
1683 907 1755 966 άν
1797 933 1878 975 τις

208 1015 248 1046 10
266 991 578 1066 “φρίξειεν,
620 1001 709 1050 οἱα
755 996 847 1049 καὶ
887 1016 1012 1058 τους
1051 990 1417 1056 θωπεύοντας
1460 989 1629 1048 αυτὸν
1661 992 1878 1051 ἐπισκό-

263 1076 442 1143 “πους
483 1083 595 1134 τῶν
640 1076 859 1150 ὁμόρων
890 1076 1080 1149 ἀγρῶν
1110 1100 1167 1132 τε
1199 1078 1289 1131 καὶ
1330 1074 1548 1133 πόλεων
1578 1078 1669 1133 καὶ
1713 1094 1876 1149 πρεσ-

262 1158 568 1231 “βυτέρους
596 1165 671 1217 ·ε’ν
721 1176 839 1227 ταῖς
880 1158 1015 1232 πρὸς
1054 1159 1151 1215 τὸν
1199 1159 1334 1216 λαὸν
1374 1155 1612 1231 ὁμιλίαις
1652 1166 1880 1232 καθίησι

262 1241 674 1317 ’ςδιαλέγεσθαί
745 1250 824 1303 11.
872 1242 968 1300 τὸν
1007 1244 1109 1316 μὲν
1159 1243 1266 1316 γὰρ
1307 1242 1436 1299 υἱὸν
1475 1245 1573 1300 τοῦ
1623 1249 1762 1301 θεοῦ
1806 1242 1872 1302 οὐ

261 1326 557 1400 “βου’λεται
591 1337 989 1402 συνομολογεῖν
1033 1332 1086 1395 ἐξ
1129 1325 1378 1399 οὐρανοῦ
1418 1333 1879 1401 κατεληλυθέναι,

208 1411 424 1487 15“<ἵνα
469 1438 519 1469 τι
568 1413 938 1486 προλαβόντες
982 1416 1093 1469 τῶν
1131 1411 1448 1485 μελλόντων
1489 1411 1880 1486 γραφήσεσθαι

264 1494 521 1571 ’σθῶμεν
556 1500 648 1554 καὶ
689 1502 851 1555 τοῦτο
893 1494 960 1554 οὐ
1002 1498 1148 1573 λόγῳ
1187 1501 1330 1573 ψιλῷ
1373 1495 1704 1570 ῥηθήσεται,
1751 1495 1873 1554 ἀλλ’

263 1578 291 1598 ‘⁶
310 1585 361 1650 ἐξ
405 1574 486 1638 οἶν
528 1585 847 1656 ἐπέμψαμεν
887 1579 1298 1654 ὑπομνημάτων
1340 1586 1630 1638 δείκνυται
1674 1590 1880 1639 πολλα-

263 1662 503 1739 Νχόθεν,
546 1664 646 1740 οὐχ
687 1668 883 1739 ἥκιστα
926 1667 988 1723 δὲ
1029 1666 1170 1724 ὅπου
1201 1669 1348 1737 λέγει
1384 1663 1602 1738 Ἰησοῦν
1631 1665 1880 1738 ἱΧριστὸν

265 1747 584 1824 “κάτωθεν)
605 1797 619 1824 ,
663 1757 717 1808 οἱ
747 1753 809 1808 δὲ
843 1759 919 1818 είς
952 1748 1126 1808 αὐτὸν
1157 1749 1462 1818 ψάλλοντες
1493 1753 1583 1806 καὶ
1618 1748 1880 1822 ἐγκωμιά-

210 1833 486 1904 20“ζοντες
534 1838 593 1892 ἐν
633 1843 708 1913 τῷ
751 1841 863 1913 λαῷ
908 1833 1145 1908 ἄγγελον
1185 1832 1284 1892 τὸν
1329 1832 1502 1905 ἀσεβῆ
1545 1833 1881 1892 διδάσκαλον

267 1916 521 1977 “gam-0321
575 1923 627 1988 ἐξ
680 1918 923 1993 οὐρανοῦ
976 1921 1415 1992 κατεληλυθέναι
1475 1921 1727 1990 λέγουσι,
1788 1920 1881 1975 καὶ

267 2000 480 2060 (εταὺτα
520 2003 586 2061 οὐ
619 2005 850 2077 κωλύει,
893 2003 1031 2061 άλλοὶ
1073 2007 1164 2060 καὶ
1195 2006 1510 2075 λεγομένοις
1554 1998 1877 2076 πάρεστινὸ

267 2083 679 2160 “ὑπερήφανος.
734 2094 816 2145 12.
849 2089 944 2153 τοὶς
972 2090 1032 2145 δὲ
1063 2087 1463 2153 συνεισάκτους
1487 2084 1665 2144 αὐτοῦ
1683 2100 1880 2158 γυναῖ-

268 2167 438 2242 “κας,
474 2167 546 2236 ὠς
575 2168 869 2245 Ἀντιοχεϊς
902 2171 1258 2244 ὀνομάζουσι,
1290 2174 1382 2227 καὶ
1411 2176 1524 2227 τῶν
1553 2173 1679 2244 περὶ
1710 2169 1882 2227 αὐτὸν

211 2250 699 2328 25“πρεσβυτέρων
743 2258 835 2313 καὶ
882 2254 1178 2326 διακόνων,
1223 2251 1306 2321 οἷς
1347 2256 1441 2311 καὶ
1481 2259 1643 2311 τοῦτο
1683 2257 1775 2312 καὶ
1815 2251 1880 2311 τά

269 2335 446 2395 “dimoc
491 2334 851 2446 ἁμαρτήματα
892 2339 1089 2396 ἀνίατα
1132 2338 1265 2396 ὄντα
1291 2337 1655 2442 συγκρύπτει,
1698 2357 1882 2396 συνει-

270 2418 419 2489 “δως
451 2426 542 2479 καὶ
575 2426 821 2496 ἐλέγξας,
863 2422 1010 2490 όπως
1042 2448 1242 2491 αυτους
1275 2422 1558 2498 ὑπόχρεως
1590 2429 1714 2498 ἔχη,
1755 2423 1880 2495 περὶ

270 2500 353 2525 ee?

310 2531 389 2564 ων
419 2505 602 2579 λόγοις
631 2510 724 2565 καὶ
756 2515 934 2581 ἔργοις
965 2505 1162 2580 αὸικεϊ,
1195 2506 1268 2581 μὴ
1299 2513 1614 2581 τολμῶντας
1646 2530 1881 2580 κατηγο-

268 2589 430 2663 “ρεῑ’ν
468 2595 545 2666 τῷ
585 2590 720 2650 καθ’
757 2591 987 2660 ἑαυτους
1029 2593 1190 2669 φόβω
1219 2625 1306 2634 -—
1335 2591 1475 2648 ἀλλὰ
1519 2593 1611 2648 καὶ
1649 2598 1883 2650 πλουσί-

212 2673 283 2726 30‘
310 2700 408 2743 ους
438 2672 743 2749 ἀπέφηνεν,
788 2674 876 2750 ἐφ’
911 2678 953 2734 ὠ
985 2677 1120 2749 πρὸς
1150 2701 1263 2734 των
1292 2701 1359 2734 τα
1395 2681 1623 2735 τοιαῦτα
1654 2674 1882 2748 ζηλούν-

273 2756 426 2818 “των
456 2767 696 2833 φιλεῖται
729 2763 822 2818 καὶ
863 2760 1202 2834 θαυμάζεται
1231 2794 1316 2803 —-—-
1345 2768 1403 2819 τί
1436 2758 1507 2818 ὖὶν
1542 2763 1712 2817 ταῦτα
1750 2757 1882 2834 γρά-

275 2840 305 2862 ‘e
884 2843 896 2862 Ι
1218 2845 1230 2865 2
1533 2843 1559 2861 ΡΙ
1678 2844 1688 2861 ἱ

312 2869 541 2918 φοιμεν;
591 2850 674 2903 13.
707 2848 1046 2918 ἐπισταμεθα
1080 2847 1167 2918 δὲ,
1200 2847 1498 2918 αγαπητοὶ,
1529 2869 1609 2902 οτι
1637 2869 1734 2902 τον
1766 2848 1885 2901 ἐπί-
