1986 3152
601 114 757 158 HIST.
789 114 1039 159 ECCLES.
1072 116 1173 157 vn.
1207 118 1272 159 11.
1642 112 1746 165 309

130 227 259 288 “acal
282 229 709 304 παρεσκεύαζεν,
743 236 836 289 ἵνα
858 229 1067 289 ὁπόταν
1091 236 1399 304 βουληθείη
1423 237 1745 304 συλλαβεῖν,

126 310 371 383 “πάντας
425 314 735 383 εὐαλώτους
787 323 916 390 ἔχοι.
990 320 1070 373 15.
1115 314 1219 388 ἐγώ
1275 316 1336 372 δὲ
1386 313 1476 373 ὅτε
1527 318 1629 389 μὲν
1669 323 1747 382 εἰς

129 395 408 472 “Κεφρῶν
465 398 840 474 κεκελεύσμην
898 398 1208 472 ἀπελθεῖν,
1268 401 1362 457 καὶ
1421 399 1518 457 τὸν
1577 399 1748 458 τόπον

126 481 408 556 ’(ἠγνόουν
437 482 563 542 ὅποι
593 486 724 542 ποτὲ
754 478 912 552 οὗτός
944 489 1123 557 ἐστιν,
1162 483 1296 542 οὐδὲ
1325 483 1386 541 τὸ
1416 482 1591 558 ὄνομα
1621 503 1748 558 σχε-

128 564 269 626 “δόν
320 568 591 643 πρότερον
640 568 917 643 ἀκηκοώς·
979 573 1071 626 καὶ
1128 566 1274 642 ὅμως
1328 567 1598 642 εὐθύμως
1655 571 1789 626 καὶ5

127 649 451 727 “άταράχως
495 652 709 728 ἀπῄειν.
785 656 902 711 ἐπεὶ
948 655 1008 710 δὲ
1051 652 1501 727 μετασκηνῶσειν
1554 659 1632 720 εἰς
1683 652 1749 710 τὰ

126 734 595 804 “Κολλουθίωνος
637 735 921 811 ἀπηγγέλη
966 760 1085 810 μοι,
1139 746 1327 795 ἴσασιν
1378 743 1435 794 οἱ
1481 737 1749 812 παρόντες

126 820 313 888 “gneus
347 827 631 894 διετέθην·
686 825 932 880 ἐνταῦθα
960 818 1067 895 γὰρ
1100 824 1339 894 ἐμαυτοῦ
1369 821 1746 895 κατηγορήσω.

126 903 249 963 “16.
282 904 341 962 τό
381 906 484 978 μὲν
526 908 748 978 πρῶτον
787 903 1081 979 ἠχθέσθην
1120 908 1213 962 καὶ
1253 911 1382 963 λίαν
1414 908 1747 979 ἐχαλέπηνα·

127 986 258 1047 “acal
297 988 404 1063 γὰρ
444 995 495 1047 εἰ
520 989 932 1065 γνωριμώτεροι
964 993 1056 1048 καὶ
1089 993 1491 1064 συνηθέστεροι
1525 989 1749 1064 έτύγχα*
1774 1010 1814 1041 10

130 1069 267 1132 “νον
308 1073 444 1148 ἡμῖν
486 1080 541 1132 οἱ
578 1074 764 1147 τόποι,
806 1073 930 1133 ἀλλ’
977 1081 1182 1150 ἔρημον
1224 1076 1327 1149 μἐν
1366 1071 1630 1147 ἀδελφῶν
1661 1077 1753 1132 καὶ

128 1155 494 1217 “σπουδαίων
545 1157 867 1231 ἀνθρώπων
919 1166 1167 1233 ἔφασκον
1219 1160 1362 1217 εἶναι
1411 1159 1473 1216 τὸ
1526 1168 1749 1232 χωρίον,

130 1239 284 1311 “ταῖς
327 1245 387 1301 δὲ
426 1246 538 1301 τῶν
579 1241 1028 1318 ὁδοιπορούντων
1061 1243 1379 1318 ἐνοχλήσεσι
1409 1246 1502 1300 καὶ
1534 1249 1754 1319 λῃστῶν

129 1326 541 1402 “καταδρομαῑς
573 1333 911 1402 ἐγκείμενον.
957 1334 1036 1386 17.
1055 1336 1251 1402 ἔτυχον
1286 1330 1346 1386 δὲ
1372 1337 1751 1402 παραμυθίας,

130 1408 610 1486 ε(ὑπομνησάντων
638 1437 707 1487 με
737 1418 849 1471 τῶν
878 1411 1159 1487 ἀδελφῶν,
1190 1412 1272 1470 ὅτι
1303 1417 1516 1489 γειτνιᾷ
1543 1419 1753 1487 μᾶλλον
1777 1430 1816 1462 15

130 1492 233 1572 “τῇ
286 1496 472 1568 πόλει,
525 1500 615 1556 καὶ
667 1498 702 1570 ἡ
747 1500 850 1572 μὲν
894 1498 1137 1573 Κεφρῶν
1182 1496 1394 1570 πολλὴν
1437 1496 1572 1571 ἡμῖν
1616 1491 1754 1571 ἦγεν

128 1580 433 1654 “ἀδελφῶν
483 1586 596 1640 τῶν
645 1580 744 1640 ἀπ’
798 1582 1092 1655 Αἰγύπτου
1151 1582 1253 1655 τὴν
1314 1585 1622 1656 ἐπιμιξίαν,
1682 1582 1755 1649 ῶς

130 1661 510 1739 “πλατύτερον
541 1667 917 1740 ἐκκλησιάζειν
943 1666 1246 1739 δύνασθαι,
1281 1670 1394 1724 ἐκεῖ
1418 1669 1478 1724 δὲ
1501 1674 1756 1740 πλησιαί-

129 1749 331 1826 “τερον
389 1749 560 1824 οὔσης
619 1758 715 1824 τῆς
775 1751 985 1819 πόλεως
1046 1754 1445 1825 συνεχέστερον
1495 1758 1592 1824 τῆς
1642 1755 1755 1809 τῶν

131 1831 343 1902 “ὅντως
401 1834 702 1909 ἀγαπητῶν
760 1839 852 1894 καὶ
911 1835 1265 1894 οἰκειοτάτων
1323 1838 1417 1892 καὶ
1475 1835 1755 1908 φιλτάτων
1777 1853 1819 1885 ²0

133 1915 350 1988 “gwemg
393 1920 801 1994 ἀπολαύσομεν.
877 1920 1165 1994 ἀφίξονται
1212 1919 1319 1995 γάρ
1363 1922 1455 1977 καὶ
1507 1919 1756 1978 ἀναπαύ-

133 2002 380 2076 “σονται,
413 2007 506 2062 καὶ
537 2001 609 2071 ῶς
642 2008 703 2063 ἐν
733 2011 1083 2079 προαστείοις
1115 2007 1445 2080 πορρωτέρω
1484 2007 1755 2078 κειμένοις

134 2084 308 2146 “κατά
338 2091 502 2162 μέρος
534 2095 755 2147 ἔσονται
785 2096 1121 2163 συναγωγαί.
1165 2092 1257 2146 καὶ
1289 2089 1464 2157 οὕτως
1490 2086 1755 2162 ἐγένετο.”

145 2178 226 2231 18.
271 2175 362 2231 καὶ
406 2172 535 2247 μεθ’
583 2177 742 2247 ἕτερα
783 2177 911 2248 περὶ
963 2178 1076 2232 τῶν
1124 2174 1559 2248 συμβεβηκότων
1609 2173 1757 2250 αὐτῷ

144 2251 311 2324 αὖθις
360 2264 535 2316 ταῦτα
585 2258 787 2333 γράφει
837 2258 1108 2327 “πολλαῖς
1159 2284 1223 2332 γε
1273 2274 1392 2327 ταῖς
1444 2255 1757 2333 ὁμολογίαις
1780 2274 1822 2307 2⁵

135 2337 457 2415 “Γερμανός
498 2343 844 2416 σεμνύνεται.
915 2343 1092 2401 πολλά
1132 2368 1196 2415 γε
1242 2350 1420 2402 εἰπεῖν
1471 2349 1582 2417 ἔχει
1622 2339 1757 2400 καθ’

136 2424 375 2484 “ἑαυτοῦ
426 2426 712 2500 γενόμενα.
793 2426 926 2495 ὅσας
976 2427 1285 2502 ἀριθμῆσαι
1345 2427 1580 2486 δύναται
1632 2429 1758 2498 περὶ

137 2506 336 2583 ((ἡμῶν
364 2509 700 2585 ἀποφάσεις,
733 2511 1055 2586 δημεύσεις,
1087 2511 1441 2587 προγραφὰς,
1483 2509 1758 2586 ὑπαρχόν-

141 2590 288 2652 “των
317 2591 596 2669 ἁρπαγὰς,
638 2595 963 2670 ἀξιωμάτων
993 2594 1320 2671 ἀποθέσεις,
1363 2596 1523 2671 δόξης
1567 2615 1759 2670 κοσμι-

140 2674 275 2751 “usqe
305 2678 627 2754 ὀλιγωρίας,
671 2686 917 2740 ἐπαίνων
947 2677 1294 2755 ἡγεμονικῶν
1335 2684 1427 2739 καὶ
1469 2688 1758 2753 βουλευτι-
1780 2694 1821 2725 30

141 2758 294 2822 “κῶν
324 2763 792 2839 καταφρονήσεις,
826 2770 916 2823 καὶ
947 2771 1059 2824 τῶν
1092 2770 1361 2824 ἐναντίων
1390 2763 1635 2823 ἀπειλῶν
1666 2765 1758 2820 καὶ

66 2919 75 2925 ⁴
142 2842 573 2922 “καταβοη’σεων
603 2853 694 2907 καὶ
725 2850 1010 2908 κινδύνων
1033 2853 1124 2908 καὶ
1149 2855 1410 2924 διωγμῶν
1432 2852 1523 2906 καὶ
1548 2847 1758 2920 πλάνης
