2032 3174
373 103 462 172 842
1027 96 1284 159 EUSEBII]

372 221 466 276 καὶ
498 221 586 275 ε’πὶ
616 221 758 276 τέλει
785 220 845 275 ἐν
858 216 1034 293 Ῥώμῃ
1057 217 1352 291 γενόμενος
1375 216 1819 292 ἀνεσκολοπίσθη
1843 218 1980 278 κατὰ

372 305 646 376 κεφαλῆς,
698 299 871 367 οὕτως
919 299 1085 368 αὐτὸς
1126 299 1361 369 ἀξιώσας
1401 313 1623 362 παθεῖν.
1706 308 1752 360 3.
1797 309 1853 361 τί
1894 308 1982 362 δεῖ

382 388 509 459 περὶ
540 385 773 444 Παύλου
803 387 1015 459 λέγειν,
1047 386 1154 442 ἀπὸ
1181 382 1535 460 Ἰερουσαλὴμ
1567 389 1725 461 μέχρι
1755 391 1854 445 τοῦ
1879 384 1979 445 Ἰλ-

373 476 607 545 λυρικοῦ
647 469 1068 544 πεπληρωκότος
1108 469 1167 527 τὸ
1219 467 1543 543 εὐαγγέλιον
1580 474 1678 528 τοῦ
1717 475 1977 546 Χριστοῦ,

330 580 351 613 5
374 558 467 613 καὶ
505 552 740 628 ὕστερον
787 557 847 612 ἐν
885 558 954 629 τῇ
975 551 1151 629 Ῥώμῃ
1199 556 1286 611 ε’πὶ
1329 556 1591 629 Νέρωνος
1630 579 1979 630 μεμαρτυρη-

372 639 557 709 κότος;
589 645 761 696 ταῦτα
787 635 1057 715 Ὠριγένει
1081 638 1217 696 κατὰ
1242 640 1389 707 λέξιν
1415 643 1474 696 ἐν
1497 647 1663 717 τρίτῳ
1685 637 1837 717 τόμςο
1867 643 1979 697 τῶν

374 731 451 792 εἰς
482 718 585 797 τὴν
614 725 848 782 Γένεσιν
880 726 1212 796 ἐξηγητικῶν
1244 734 1470 798 εἴρηται.

501 821 556 869 11.
612 819 739 886 [Nic.
769 820 825 868 H.
855 819 909 868 E.
939 819 1017 876 111,
1046 817 1122 886 2.]
1184 813 1290 882 Τῆς
1317 803 1675 881 ᾶὲῬωμαίων
1692 811 1979 880 ἐκκλησίας

372 893 510 967 μετὰ
540 892 643 966 τὴν
661 891 894 950 Παύλου
919 894 1011 949 καὶ
1034 894 1252 966 Πέτρου
1276 898 1587 967 μαρτυρίαν
1609 895 1823 967 πρῶτος
1852 899 1979 963 κλη-

309 1003 350 1036 10
374 982 565 1052 ροῦται
614 977 716 1049 τὴν
771 974 1074 1048 ἐπισκοπὴν
1128 982 1314 1045 Λίνος.
1397 975 1730 1049 μνημονεύει
1783 974 1980 1033 τούτου

382 1063 634 1138 Τιμοθέῳ
676 1059 910 1135 γράφων
950 1058 1057 1117 ἀπὸ
1094 1059 1300 1134 Ῥώμης
1349 1059 1378 1118 ὁ
1421 1064 1642 1127 Παῦλος
1695 1059 1831 1118 κατὰ
1879 1057 1980 1132 τὴν

376 1150 465 1203 ἐπὶ
495 1148 636 1203 τέλει
667 1149 762 1217 τῆς
796 1149 1083 1217 ἐπιστολῆς
1114 1144 1435 1219 πρόσρησιν.

501 1241 579 1290 111.
643 1239 772 1306 [Nic.
802 1240 858 1288 H.
887 1240 940 1289 E.
970 1238 1139 1297 11,45.
1168 1237 1283 1306 46]
1346 1231 1564 1302 Πέτρου
1595 1229 1697 1301 μὲν
1727 1221 1830 1286 οὖν
1863 1230 1979 1284 ἐπι-

373 1312 538 1387 στολὴ
568 1319 665 1386 μία
695 1311 728 1386 ἡ
760 1314 1027 1386 λεγομένη
1059 1310 1231 1370 αὐτοῦ
1260 1316 1498 1386 προτέρα
1537 1309 2001 1388 ἀνωμολόγηται·-

315 1425 356 1457 15
377 1397 546 1472 ταύτῃ
582 1398 642 1454 δὲ
673 1399 764 1454 καὶ
796 1400 852 1454 οἱ
878 1395 1046 1454 πάλαι
1078 1396 1446 1471 πρεσβύτεροι
1488 1395 1561 1463 ὡς
1591 1395 1980 1472 ἀναμφιλέκτῳ

375 1486 434 1540 ἐν
457 1497 569 1548 τοῖς
587 1485 750 1555 σφων
781 1480 969 1538 αὐτῶν
985 1483 1416 1556 κατακέχρηνται
1440 1479 1847 1556 συγγράμμασι.
1880 1481 1982 1553 τὴν

374 1568 436 1624 δὲ
475 1568 788 1640 φερομένην
832 1564 1003 1622 αὐτοῦ
1047 1568 1313 1639 δευτέραν
1352 1564 1458 1623 οὐκ
1502 1564 1839 1637 ένδιάθηκον
1880 1566 1982 1637 μὲν
2022 1630 2025 1634 ⁴

374 1652 517 1708 εἶναι
547 1649 996 1724 παρειλήφαμεν,
1031 1647 1176 1722 ὅμως
1219 1651 1280 1706 δὲ
1310 1651 1533 1715 πολλοῖς
1577 1648 1839 1724 χρήσιμος
1869 1673 1981 1722 φα-

374 1748 534 1793 νεῖσα
564 1733 698 1807 μετὰ
726 1736 837 1790 τῶν
867 1731 1052 1790 ἄλλων
1076 1732 1436 1805 ἐσπουδάσθη
1461 1739 1709 1807 γραφῶν.
1757 1737 1803 1789 2.
1832 1731 1896 1790 τό
1918 1754 1981 1806 γε

309 1844 351 1877 20
374 1817 485 1893 μὴν
514 1821 626 1875 τῶν
660 1816 1101 1890 ἐπικεκλημένων
1133 1815 1304 1873 αὐτοῦ
1333 1815 1613 1891 πράξεων,
1647 1819 1737 1874 καὶ
1767 1815 1826 1874 τὸ
1857 1814 1975 1874 κατ’

374 1901 548 1961 αὐτὸν
580 1899 974 1975 ὠνομασμένον
999 1899 1351 1973 εὐαγγέλιον,
1382 1900 1443 1958 τό
1467 1924 1525 1957 τε
1549 1900 1848 1974 λεγόμενον
1879 1899 1983 1958 αὐ-

373 1990 472 2044 τοῦ
502 1984 785 2059 κήρυγμα,
828 1987 919 2042 καὶ
960 1985 1062 2057 τὴν
1092 1986 1439 2058 καλουμένην
1470 1985 1823 2055 ἀποκάλυψιν
1852 1981 1977 2042 οὐδ’

373 2068 512 2136 ὅλως
546 2073 613 2126 ,ἐν
653 2077 978 2134 καθολικαῖς
1023 2078 1182 2142 ἴσμεν
1222 2073 1678 2143 παραδεδομένα,
1723 2068 1805 2126 ὅτι
1847 2067 1981 2143 μήτε

372 2153 619 2229 ἀρχαίων
649 2153 784 2228 μήτε
814 2157 925 2210 τῶν
957 2149 1091 2210 καθ’
1118 2151 1258 2226 ἡμᾶς
1274 2178 1353 2220 τις
1380 2152 1824 2228 ἐκκλησιαστικός
1849 2172 1981 2226 συγ·

308 2264 352 2297 25
374 2235 619 2314 γραφεὺς
650 2250 767 2305 ταῖς
811 2240 864 2305 ἐξ
895 2235 1080 2294 αὐτῶν
1112 2235 1487 2311 συνεχρήσατο
1527 2243 1867 2312 μαρτυρίαις.
1931 2241 1979 2293 3.

375 2319 678 2397 προϊούσης
709 2322 772 2379 δὲ
800 2324 895 2394 τῆς
938 2325 1184 2395 ἱστορίας
1226 2321 1509 2396 προύργου
1551 2321 1846 2395 ποιήσομαι
1878 2321 1982 2378 σὺν

377 2421 496 2474 ταῖς
529 2411 813 2480 διαδοχαῖς
854 2401 1320 2479 ὑποσημήνασθαι
1363 2415 1507 2474 τίνες
1551 2413 1663 2465 τῶν
1693 2405 1829 2464 κατὰ
1859 2399 1982 2481 χρό-

377 2515 511 2559 νους
544 2493 1007 2563 ἐκκλησιαστικῶν
1039 2492 1408 2565 συγγραφέων
1448 2490 1661 2559 ὁποίαις
1692 2492 1982 2565 κέχρηνται

377 2578 489 2633 των
529 2571 1000 2649 ἀντιλεγομένων,
1043 2581 1167 2632 τίνα
1207 2600 1265 2633 τε
1310 2578 1435 2645 περὶ
1479 2580 1589 2634 τῶν
1631 2574 1983 2647 ἐνδιαθήκων

313 2685 357 2718 30
380 2662 471 2716 καὶ
513 2657 971 2732 ὁμολογουμένων
1010 2664 1270 2733 γραφῶν,
1315 2662 1406 2716 καὶ
1448 2657 1550 2717 ὅσα
1592 2661 1718 2734 περὶ
1759 2663 1871 2717 τῶν
1911 2657 2005 2733 μὴ

379 2742 644 2803 τοιούτων
674 2742 858 2810 αὐτοῖς
885 2752 1107 2817 εἴρηται.
1162 2749 1209 2801 4.
1244 2743 1382 2801 ἀλλά
1403 2742 1468 2802 τά
1491 2744 1594 2818 μὲν
1611 2741 1985 2817 ὀνομαζόμενα
2031 2753 2032 2790 3

382 2830 618 2903 Πέτρου,
653 2820 730 2884 ὦν
754 2826 934 2900 μόνην
958 2834 1091 2901 μίαν
1112 2835 1347 2902 γνησίαν
1370 2835 1548 2902 ἔγνων
1577 2828 1869 2901 ἐπιστολὴν
1892 2827 1983 2885 καὶ
