2032 3174
750 131 791 170 Κ
797 129 1140 172 ΑΤΑΓΡΑΦΗ.
1658 132 1743 175 XV

143 247 237 312 μγ’.
279 243 405 311 Περὶ
431 243 724 307 Νοουάτου,
762 239 864 302 οἷός
892 261 962 302 τις
987 263 1054 308 ην
1079 241 1165 293 τὸν
1190 243 1387 310 τρόπον,
1415 244 1498 294 καὶ
1522 245 1632 312 περὶ
1658 253 1748 310 τῆς

207 313 317 365 ’κατ’
348 312 502 364 αὐτὸν
526 311 774 378 αἱρέσεως.

137 388 234 451 μδ’.
275 387 402 452 Περὶ
427 384 757 451 Σαραπίωνος
785 385 972 451 ἱστορία
1000 385 1288 434 Διονυσίου.

137 459 226 523 με’.
262 454 522 520 Ἐπιστολὴ
548 453 669 520 πρὸς
697 455 962 505 Νοουάτον
987 456 1273 505 Διονυσίου.

136 526 232 594 μς’.
274 527 399 594 Περὶ
425 535 525 576 τῶν
549 524 714 576 ἄλλων
741 526 1012 575 Διονυσίου
1040 524 1323 575 ἐπιστολῶν.

791 652 999 694 ΛΟΓΟΣ
1030 654 1078 693 Ζ.

171 738 367 804 ,Περὶ
393 745 479 802 τῆς
509 737 694 786 Δεκίου
720 736 803 786 καὶ
830 735 1021 786 Γάλλου
1048 738 1392 802 κακοτροπίας.

188 809 307 858 ,Οἱ
326 807 449 857 κατὰ
477 807 652 857 τούσδε
673 803 925 873 Ῥωμαίων
951 806 1221 860 ἐπίσκοποι

135 880 194 947 γ’.
221 877 390 938 ’Ὅπως
418 875 706 945 Κυπριανὸς
732 877 835 943 α’μα
862 884 962 937 τοῖς
991 875 1105 927 κατ’
1135 874 1290 928 αυτὸν
1316 878 1602 939 ἐπισκόποις
1630 880 1747 940 τοὺς

208 949 256 1012 ἐξ
283 951 529 1017 αἰρετικῆς
564 949 756 1013 πλάνης
793 947 1176 1015 ἐπιστρέφοντας
1211 954 1397 1019 λουτρῷ
1432 950 1539 1000 δεῖν
1564 951 1743 1000 καθαί-

208 1039 313 1086 ρειν
337 1028 528 1086 πρῶτος
556 1019 887 1086 ἐδογμάτισεν.

137 1092 198 1140 δ’.
234 1088 447 1150 Ὁπόσας
473 1091 584 1157 περὶ
609 1089 785 1140 τούτου
814 1091 1080 1151 Διονύσιος
1108 1089 1375 1153 συνέταξεν
1402 1091 1671 1151 ἐπιστολάς.

137 1164 191 1211 ε’.
231 1162 357 1227 Περὶ
383 1168 469 1225 τῆς
495 1160 613 1227 μετὰ
641 1159 726 1210 τὸν
752 1159 970 1227 διωγμὸν
996 1162 1210 1227 εἰρήνης.

138 1232 199 1290 ς’.
240 1231 367 1298 Περὶ
393 1239 480 1297 τῆς
506 1229 631 1283 κατὰ
659 1230 940 1296 Σαβέλλιον
965 1231 1213 1299 αἱρέσεως.

136 1303 190 1363 ζ’.
232 1302 358 1369 Περὶ
394 1309 480 1368 τῆς
519 1322 620 1353 των
653 1303 913 1368 αἰρετικῶν
946 1303 1233 1375 παμμιάρου
1268 1302 1485 1367 πλάνης,
1531 1301 1615 1351 καὶ
1659 1311 1744 1366 τῆς

206 1371 525 1437 θεοπέμπτου
564 1369 778 1438 ὁράσεως
807 1374 1106 1437 Διονυσίου,
1144 1376 1203 1422 οὐ
1241 1392 1289 1422 τε
1323 1373 1628 1439 παρείληφεν
1666 1371 1744 1421 ἐκ·

206 1446 558 1505 κλησιαστικου
581 1442 810 1501 κανόνος.

136 1512 183 1576 η’
188 1549 199 1559 .
240 1511 366 1578 Περὶ
391 1520 478 1576 τῆς
504 1531 628 1561 κατα
656 1513 922 1562 Νοουᾶτον
948 1512 1264 1578 ἕτεροδοξίας.

136 1582 206 1630 θ’.
247 1582 373 1646 Περὶ
399 1590 486 1631 τοῦ
512 1590 614 1632 τῶν
638 1585 898 1648 αἱρετικῶν
923 1579 1082 1632 ἀθέου
1108 1584 1456 1649 βαπτίσματος.

136 1653 181 1701 ι’.
222 1651 348 1715 Περὶ
375 1649 717 1718 Οὕαλεριανοῦ
741 1653 824 1702 καὶ
849 1659 938 1702 τοῦ
963 1650 1071 1701 κατ’
1100 1651 1254 1702 αὐτὸν
1279 1655 1512 1718 διωγμοῦ.

136 1722 216 1770 ια’.
258 1721 384 1789 Περὶ
409 1729 510 1772 τῶν
535 1724 639 1773 τότε
667 1722 918 1791 Διονυσίῳ
944 1722 1026 1772 καὶ
1061 1728 1161 1782 τοῖς
1195 1720 1303 1772 κατ’
1334 1723 1595 1789 Αἴγυπτον
1621 1737 1744 1788 συμ-

205 1792 418 1856 βάντων.

137 1864 218 1931 ιβ’.
243 1865 371 1932 Περὶ
385 1873 485 1915 τῶν
498 1865 551 1915 ἐν
562 1863 839 1931 Καισαρείᾳ
851 1872 937 1930 τῆς
951 1864 1291 1928 Παλαιστίνης
1309 1863 1748 1930 μαρτυρησάντων.

136 1937 214 2001 ιγ’.
256 1935 381 2001 Περὶ
406 1943 492 2000 τῆς
519 1934 643 1984 κατὰ
671 1938 720 1983 Γ
713 1934 945 2000 αλλιηνὸν
969 1935 1182 2002 εἰρήνης.

136 2006 216 2054 ιδ’.
259 2007 327 2055 Οἱ
345 2004 454 2055 κατ’
486 2005 643 2055 ἐκεῖνο
668 2005 1036 2071 συνηκμακότες
1064 2005 1336 2055 ἐπίσκοποι.

138 2078 210 2127 ιε’.
235 2076 407 2136 ’Ὅπως
433 2075 555 2127 κατὰ
582 2077 888 2143 Καισάρειαν
917 2081 1150 2144 Μαρῖνος
1175 2075 1525 2142 ἐμαρτύρησεν.

141 2149 219 2206 ις’.
254 2146 322 2197 ‘H
343 2148 468 2198 κατὰ
490 2146 748 2214 Ἀστύριον
774 2149 976 2214 ἱστορία.

138 2220 213 2280 ιζ’.
265 2220 390 2284 Περὶ
435 2239 534 2269 των
576 2218 699 2269 κατὰ
737 2218 978 2269 Πανεάδα
1014 2218 1231 2283 σημείων
1276 2225 1362 2283 τῆς
1407 2223 1495 2266 τοῦ
1533 2223 1748 2282 σωτῆρος

207 2287 352 2355 ἡμῶν
376 2291 742 2356 μεγαλουργίας.

145 2362 225 2426 ιη’.
266 2361 393 2426 Περὶ
418 2369 506 2410 τοῦ
531 2357 825 2446 ανδριάντος
853 2355 915 2409 οὗ
938 2380 969 2424 η
996 2361 1329 2425 αἱμορροοῦσα
1354 2355 1640 2422 ἀνέστησεν.

138 2433 226 2482 ιθ’.
269 2431 394 2497 Περὶ
419 2440 506 2482 τοῦ
529 2431 721 2498 θρόνου
742 2427 983 2496 Ἰακώβου
1009 2438 1097 2480 τοῦ
1123 2429 1407 2479 ἐπισκόπου.

139 2503 199 2551 κ’.
240 2501 366 2568 Περὶ
391 2510 490 2552 τῶν
525 2501 850 2569 ἓορταστικων
876 2502 1149 2550 Διονυσίου
1177 2500 1465 2564 ἐπιστολων,
1504 2496 1630 2548 ἔνθα
1665 2496 1744 2546 καὶ

209 2572 319 2638 περὶ
344 2581 432 2622 τοῦ
457 2587 620 2638 πασχα
646 2574 904 2634 κανονίζει.

142 2643 237 2692 κα’.
279 2643 406 2709 Περὶ
430 2652 531 2694 τῶν
556 2643 611 2694 ἐν
630 2641 971 2710 Ἀλεξανδρεία
1000 2642 1313 2708 συμβάντων.

139 2714 234 2778 κβ’.
276 2713 402 2779 Περὶ
428 2723 513 2778 τῆς
541 2713 887 2778 ἐπισκηψάσης
916 2713 1083 2764 νόσου.

139 2786 231 2849 κγ’.
271 2783 398 2850 Περὶ
422 2792 510 2850 τῆς
540 2788 815 2851 Γαλλιηνοῦ
841 2785 1114 2869 βασιλείας.

143 2855 238 2905 κδ’.
279 2856 404 2920 Περὶ
430 2855 668 2915 Νέπωτος
694 2857 778 2906 καὶ
803 2863 887 2906 τοῦ
914 2852 1021 2905 κατ’
1052 2850 1206 2905 αὐτὸν
1233 2852 1506 2916 σχίσματος.
