1986 3152
490 103 646 144 HIST.
678 102 925 147 ECCLES.
954 104 1039 144 111.
1072 107 1254 147 32—36.
1581 105 1682 156 127

67 218 342 284 “κοῦνὸος
372 216 682 290 ἡγούμενος
715 220 1010 290 ἐπαρχίου,
1057 225 1390 293 κατακρίνας
1421 230 1680 294 Χριστια-

64 301 234 368 “νου’ς
274 326 427 367 τινας
468 305 561 359 καὶ
600 307 694 374 τῆς
734 299 887 369 αξιάς
932 302 1211 376 ἐκβαλών,
1265 309 1563 379 ταραχθεὶς
1603 309 1685 383 τῷ

62 385 312 491 Ξπλήθει
339 385 528 460 ἠγνόει
558 393 618 443 τί
642 384 790 443 αὐτῶ
821 386 1015 444 λοιπὸν
1046 397 1130 460 εἰη
1162 392 1447 461 πρακτέον.
1519 399 1680 463 Τραϊ-

62 467 216 548 “ανῷ
247 472 351 528 οὐν
390 476 465 548 τῷ
507 477 729 543 βασιλει
764 469 1167 529 ἀνεκοινώσατο
1209 475 1388 545 λέγων
1439 477 1541 542 ἔξω
1581 480 1680 531 τοῦ

60 553 173 629 “μὴ
205 554 510 627 βούλεσθαι
541 553 742 620 αὐτους
784 560 1207 629 εἰδωλολατρεῖν
1245 554 1413 614 οὐδὲν
1453 555 1679 616 ανόσιον
1703 581 1729 614 5

63 639 163 697 “ἐν
196 638 382 707 αὐτοῖς
412 638 727 712 ηὑρηκέναι.
791 637 995 710 ἐμήνυε
1027 642 1087 696 δὲ
1118 643 1210 697 καὶ
1239 645 1419 713 τοῦτο,
1452 641 1680 700 ἀνίστα-

62 723 240 782 “wan
302 728 484 781 ἕωθεν
545 721 672 788 τούς
714 723 1084 795 Χριστιανοὺς
1146 727 1238 781 καὶ
1290 726 1385 782 τὸν
1437 725 1681 800 Χριστὸν

61 807 236 866 “θεοῦ
271 813 434 879 δίκην
462 802 691 880 ὑμνεῖν,
733 808 826 862 καὶ
856 804 991 879 πρὸς
1022 807 1081 864 τὸ
1112 806 1214 881 τὴν
1246 809 1549 882 ἐπιστήμην
1582 810 1679 867 αὐ-

61 888 210 948 “τῶν
245 890 650 964 διαφυλάσσειν
691 888 1010 948 κωλύεσθαι
1040 891 1335 966 φονεύειν,
1377 893 1678 967 μοιχεύειν,

56 975 466 1080 ἱζπλεονεκτεϊν,
499 989 828 1048 αποστερειν
858 978 950 1032 καὶ
979 1000 1046 1033 τα
1075 975 1290 1043 τούτοις
1321 975 1495 1050 ὅμοια.
1543 977 1679 1051 πρὸς
1705 1003 1744 1033 10

58 1059 268 1118 “ταῦτα
308 1058 619 1133 ἀντέγραψε
651 1059 920 1134 Τραιανὸς
949 1060 1009 1117 τὸ
1050 1064 1163 1119 τῶν
1186 1066 1538 1135 Χριστιανων
1568 1067 1681 1135 φύ-

61 1143 200 1202 e‘stov
239 1145 313 1218 μὴ
347 1149 692 1218 ἐκζητεῐσθαι
731 1169 862 1217 μεν,
917 1144 1156 1218 ἐμπεσὸν
1199 1147 1262 1203 ὁε
1301 1145 1675 1216 κολαζεσθαιῗ

67 1232 158 1287 καὶ
188 1235 358 1286 ταῦτα
388 1254 490 1302 μεν
522 1232 581 1285 ἐν
611 1226 822 1295 τούτοις
854 1230 937 1301 ἦν.

193 1324 404 1374 XXXIV.
461 1325 588 1390 [Nic.
618 1324 676 1372 H.
704 1325 756 1372 E.
788 1325 876 1379 111,
904 1322 1015 1392 25]
1083 1317 1206 1371 Τῶν
1250 1315 1312 1371 δὲ
1355 1317 1444 1371 ἐπὶ
1475 1313 1678 1388 Ρεόμης

68 1396 383 1454 ἐπισκόπων
414 1403 521 1454 ἔτει
551 1403 716 1472 τρίτῳ
740 1401 834 1469 τῆς
857 1401 954 1454 τοῦ
978 1401 1383 1472 προειρημένου
1407 1401 1676 1471 βασιλέως
1701 1421 1748 1454 15

64 1479 234 1556 ἀρχῆς
265 1480 492 1554 Κλήμης
522 1479 822 1557 Εύαρέστςο
864 1482 1147 1555 παραδοὺς
1187 1481 1289 1555 τὴν
1328 1490 1679 1558 λειτουργίαν

65 1563 296 1623 ἀναλύει
325 1564 420 1622 τὸν
451 1571 606 1638 βίον,
647 1563 712 1621 τοὶ
745 1563 933 1622 πάντα
975 1566 1215 1641 προστὰς
1256 1573 1348 1640 ἔτη
1390 1571 1553 1625 ἐννέα
1583 1573 1679 1640 τῆς

64 1654 162 1708 τοῦ
190 1656 353 1707 θείου
384 1648 552 1722 λόγου
586 1654 957 1716 διδασκαλίας.

191 1745 377 1795 xxxv.
436 1745 565 1811 [Nic.
591 1748 648 1796 H.
679 1749 734 1798 E.
761 1748 847 1797 111.
879 1746 954 1812 2.]
1006 1732 1166 1793 Ἀλλὰ
1198 1738 1290 1792 καὶ
1320 1738 1420 1793 τοῦ
1442 1740 1679 1808 Συμεῶ-

64 1843 160 1886 νος
189 1818 286 1876 τὸν
316 1821 643 1892 δηλωθέντα
672 1823 1063 1886 τελειωθέντος
1093 1819 1327 1892 τρόπον,
1368 1823 1463 1892 τῆς
1497 1823 1556 1877 ἐν
1580 1819 1677 1878 Ἱε-
1701 1843 1747 1875 20

65 1902 390 1981 ροσολύμοις
423 1907 722 1978 ἐπισκοπῆς
752 1903 850 1962 τὸν
871 1904 1085 1979 θρόνον
1107 1903 1375 1971 Ἰουδαῖός
1399 1929 1481 1970 τις
1504 1902 1678 1977 ὄνομα

59 1985 328 2061 Ἰοῦστος,
359 1995 577 2061 μυρίων
606 1986 756 2047 ὅσων
788 1994 848 2047 ἐκ
878 1993 1173 2063 περιτομῆς
1205 1995 1282 2054 εἰς
1312 1987 1408 2047 τὸν
1439 1988 1678 2060 Χριστὸν

63 2077 363 2146 τηνικαῦτα
378 2073 826 2132 πεπιστευκότων
844 2071 920 2142 εἷς
939 2075 1026 2131 καὶ
1051 2070 1212 2139 αὐτὸς
1232 2069 1330 2145 ω’ν,
1347 2075 1673 2146 διαδέχεται,

193 2168 406 2219 XXXVI.
468 2168 596 2234 [Nic.
636 2170 693 2218 H.
723 2170 775 2219 E.
814 2169 902 2226 ΙΙΙ,
940 2167 1051 2234 29]
1121 2159 1409 2231 Διέπρεπέ
1455 2181 1518 2230 γε
1568 2156 1678 2260 μὴν

65 2241 201 2300 κατὰ
239 2241 469 2309 τούτους
523 2245 614 2299 ἐπὶ
653 2246 749 2316 τῆς
786 2239 968 2310 Ἀσίας
1020 2246 1132 2300 τῶν
1183 2241 1508 2300 ἀποστόλων
1559 2241 1674 2315 ὁμι-
1699 2263 1747 2295 :25

68 2327 233 2398 λητὴς
285 2324 683 2402 Πολύκαρπος,
737 2332 834 2399 τῆς
886 2351 1024 2384 κατα
1062 2325 1335 2400 Σμύρναν
1388 2329 1678 2399 ἐκκλησίας

67 2409 205 2482 πρὸς
246 2433 359 2468 των
399 2409 690 2469 αὖτοπτων
731 2417 822 2469 καὶ
864 2407 1161 2485 υπηρετῶν
1199 2414 1298 2468 τοῦ
1338 2417 1538 2485 κυρίου
1576 2409 1678 2481 τὴν

70 2492 379 2567 ἐπισκοπην
421 2497 901 2570 ἐγκεχειρισμεἎνος
984 2500 1034 2554 2.
1076 2492 1210 2555 καθ’
1253 2492 1318 2553 ὂν
1358 2499 1677 2568 ἐγνωρίζετο

66 2585 290 2645 Παπίας
328 2581 423 2652 τῆς
466 2581 526 2635 ἐν
558 2575 855 2653 Ἱεραπόλει
893 2586 1184 2653 παροικίας
1223 2581 1314 2636 καὶ
1354 2579 1517 2646 αὐτὸς
1560 2581 1680 2634 ἐπί-

353 2660 377 2678 n

67 2680 296 2734 σκοπος,
348 2687 377 2719 ο
416 2687 474 2720 τε
525 2661 675 2737 παρὰ
714 2669 990 2730 πλείστοις
1032 2666 1198 2721 εἰσέτι
1237 2667 1346 2721 νῦν
1389 2660 1677 2735 διαβόητος
1701 2681 1747 2713 30

180 2802 234 2841 30
266 2793 554 2864 ἐπίσκοπες]
578 2800 707 2840 Libri
737 2800 1007 2871 interpolati
1050 2801 1222 2842 addunt
1262 2792 1383 2863 ἀνὴρ
1424 2814 1482 2840 τα
1514 2792 1676 2839 πάντα

45 2844 141 2896 ὀτι
174 2850 380 2908 μάλιστα
412 2850 697 2910 λογιώτατος
727 2854 809 2897 καὶ
843 2855 927 2910 τῆς
959 2855 1149 2910 γραφῆς
1182 2849 1410 2909 εἰδήμων.
