1986 3152
533 127 614 167 DE
644 128 830 171 MART.
862 127 1154 170 PALAEST.
1193 129 1254 168 11.
1595 126 1700 180 385

86 250 356 313 πείθοιτο,
381 241 517 298 κατὰ
537 242 804 315 στόματος
829 245 1143 316 παιόμενος,
1162 250 1493 319 πολυχειρίᾳ
1509 267 1567 301 τε
1582 250 1697 302 τῶν

89 328 181 386 ἐπὶ
210 325 392 401 τούτῳ
431 328 783 398 τεταγμένων
823 328 1348 401 κατασιγαζόμενος,
1392 328 1528 401 μετά
1568 335 1694 400 βίας

89 413 378 481 ἐξωθεῖτο,
410 410 503 465 καὶ
535 415 589 466 εἰ
614 410 688 482 μὴ
720 412 975 477 τεθυκῶς
998 407 1085 484 ἦν.
1148 418 1196 468 ἶ).
1244 412 1424 478 οὕτως
1455 415 1516 470 ἐκ
1547 434 1690 469 παν-

86 492 179 560 τὸς
209 492 272 549 τὸ
299 498 489 550 δοκεῖν
524 492 793 565 ήνυκέναι
814 493 1006 561 αὐτοῖς
1030 498 1157 569 περὶ
1182 502 1393 552 πολλοῦ
1424 495 1696 570 ὑπῆρχεν.

93 582 151 636 ἐκ
184 576 252 650 δὴ
286 571 394 634 οὖν
422 582 537 633 τῶν
565 578 850 635 τοσούτων
878 580 1039 651 μόνοι
1068 586 1170 636 τοῦ
1201 586 1313 636 τῶν
1343 579 1521 652 ἁγίων
1550 605 1694 654 μαρ-
1722 598 1742 629 5

87 662 277 735 τύρων
316 661 743 734 κατηξιώθησαν
786 663 1069 735 στεφάνου
1106 663 1357 735 Ἀλφειὸς
1410 666 1504 720 καὶ
1546 674 1697 722 Ζακ-

88 759 275 822 χἀἴος,
335 750 396 802 οἳ
440 745 576 818 μετά
629 747 894 819 μάστιγας
947 748 1042 802 καὶ
1094 748 1359 819 ξεσμούς,
1414 749 1590 820 δεσμά
1641 771 1700 805 τε

90 828 299 905 χαλεποὶ
349 831 444 886 καὶ
484 829 584 895 τοὶς
627 832 715 886 ἐπὶ
756 831 970 896 τούτοις
1011 829 1360 902 ἀλγηδόνας,
1417 834 1601 903 ἑτέρας
1642 855 1701 888 τε

91 914 398 988 διαφόρους
441 914 737 986 ἐξετάσεις,
780 915 1142 987 νυχθήμερον
1182 913 1295 970 ὑπὸ
1327 916 1570 987 τέσσαρα
1599 920 1699 971 τοῦ

89 1004 458 1071 κολαστηρίου
502 999 675 1066 ξύλου
717 999 1028 1071 κεντήματα
1068 998 1200 1064 τούς
1242 999 1418 1064 πόδας
1449 1021 1694 1070 παρατα-
1725 1018 1765 1048 10

89 1085 286 1149 θέντες
305 1127 320 1155 ,
355 1089 501 1141 Δίου
533 1083 706 1156 μηνὸς
734 1083 1166 1157 ἑπτακαιδεκάτῃ
1199 1082 1365 1155 (αὕτη
1390 1083 1540 1157 παρά
1569 1082 1701 1140 Ῥω-

91 1174 275 1241 μαίοις
326 1168 359 1239 ἡ
415 1166 523 1239 πρὸ
589 1169 890 1224 δεκαπέντε
942 1172 1258 1224 Καλανδῶν
1311 1166 1701 1241 Δεκεμβρίων)

88 1252 265 1325 μόνον
307 1254 406 1308 ἕνα
445 1250 587 1308 θεὸν
628 1253 721 1307 καὶ
763 1250 1005 1325 Χριστὸν
1046 1253 1274 1323 βασιλέα
1299 1250 1520 1323 Ἰησοῦν
1563 1250 1702 1324 ὁμο·

93 1336 430 1408 λογήσαντες
450 1380 464 1407 ,
499 1335 573 1401 ῶς
603 1358 653 1391 τι
681 1336 1012 1408 βλάσφημον
1042 1336 1452 1408 φθεγξάμενοι,
1495 1335 1700 1408 ὁμοίως

89 1425 168 1496 τῷ
197 1421 447 1495 προτέρῳ
478 1420 716 1494 μάρτυρι
745 1420 841 1486 τὰς
871 1419 1115 1492 κεφαλάς
1146 1419 1562 1492 ἀπετμήθησαν.
1718 1435 1758 1467 15

219 1515 277 1564 Π.
342 1505 586 1577 Μνήμης
619 1501 671 1560 δ’
699 1504 824 1572 ἄξια
853 1504 1115 1577 τυγχάνει
1145 1506 1237 1560 καὶ
1260 1503 1326 1559 τά
1352 1502 1704 1578 περὶῬωμα-

91 1589 197 1646 νὸν
240 1591 301 1645 ἐν
336 1587 635 1663 Ἀντιοχείᾳ
678 1590 768 1645 ἐπὶ
821 1593 915 1660 τῆς
966 1586 1141 1660 αὐτῆς
1185 1587 1391 1661 ἡμέρας
1435 1587 1704 1645 ἀποτελε-

93 1675 318 1730 σθέντα.
363 1670 733 1738 Παλαιστινός
765 1672 872 1746 γάρ
904 1666 1067 1738 οὗτος
1094 1671 1195 1744 ῶν,
1227 1670 1486 1738 διάκονός
1516 1694 1575 1729 τε
1607 1673 1703 1729 καὶ

38 1805 45 1810 .
97 1757 422 1832 ἐπορκιστὴς
472 1763 569 1830 τῆς
612 1760 673 1813 ἐν
713 1764 1022 1832 Καισαρείᾳ
1067 1763 1385 1830 παροικίας,
1441 1751 1588 1829 ὁμοῦ
1633 1762 1702 1830 τῇ

93 1846 208 1898 τῶν
240 1845 545 1914 ἐκκλησιῶν
568 1843 889 1916 καθαιρέσει
908 1841 1204 1914 γενόμενος
1234 1844 1439 1913 ἐκεῖσε,
1473 1847 1700 1907 πλειόυς
1726 1856 1769 1888 90

94 1925 306 1999 ἄνδρας
338 1925 452 1999 ἅμα
482 1928 704 1997 γυναιξὶ
734 1927 828 1982 καὶ
857 1927 1067 1992 τέκνοις
1099 1925 1357 1998 σωρηδὸν
1386 1938 1501 1990 τοῖς
1535 1924 1702 1981 εἰδώ-

71 2018 208 2078 λοις
240 2010 568 2083 προσιόντας
597 2009 661 2067 τε
686 2011 778 2066 καὶ
807 2010 1055 2076 θύοντας
1090 2010 1316 2081 ἐνιδῶν,
1362 2008 1705 2066 ἀνύποιστον

94 2093 443 2171 ἡγησάμενος
494 2092 597 2166 τὴν
637 2097 810 2166 θέαν,
863 2095 1004 2170 ζήλῳ
1055 2100 1377 2166 θεοσεβείας
1431 2093 1703 2167 πρόσεισι,

97 2177 375 2245 κάκείνοις
401 2179 615 2253 μεγάλῃ
642 2184 809 2252 φωνῇ
833 2178 1117 2251 κεκραγώς
1145 2178 1467 2250 ἐπιπλήττει.
1512 2181 1561 2233 2.
1595 2175 1705 2233 αὐ-

96 2261 188 2329 τὸς
220 2263 283 2320 δὲ
312 2269 409 2336 τῆς
440 2264 644 2336 τόλμης
676 2266 866 2320 ἕνεκεν
897 2265 1274 2335 συλληφθεὶς,
1316 2261 1705 2334 γενναιότατος
1729 2275 1770 2306 25

98 2352 152 2404 εἰ
178 2354 277 2404 καί
300 2371 382 2414 τις
413 2349 577 2414 ἄλλος
618 2346 1004 2404 ἀποδέδεικται
1038 2347 1250 2421 μάρτυς
1292 2352 1389 2419 τῆς
1421 2345 1706 2417 ἀληθείας.

99 2430 539 2506 ἀποφηναμένου
582 2431 692 2505 γάρ
732 2430 856 2488 κατ’
891 2431 1069 2488 αὐτοῦ
1109 2431 1210 2488 τὸν
1251 2431 1342 2487 διά
1387 2429 1565 2504 πυρὸς
1596 2429 1703 2485 θά-

99 2538 271 2573 νατον
300 2523 403 2573 τοῦ
435 2522 730 2588 δικαστοῦ,
775 2521 995 2592 φαιδρῷ
1027 2516 1307 2590 προσώπῳ
1339 2516 1432 2571 καὶ
1462 2515 1710 2571 διαθέσει

102 2593 168 2656 εὖ
189 2601 337 2673 μάλα
358 2601 755 2676 προθυμοτάτῃ
778 2600 882 2672 τὴν
902 2598 1191 2672 ἀπόφασιν
1215 2598 1510 2664 ἀσπαστῶς
1537 2620 1709 2653 κατα-

101 2685 398 2757 δεξάμενος
429 2685 723 2757 ἀπάγεται·
779 2684 898 2741 εἶτα
927 2689 1004 2760 τῷ
1039 2689 1198 2759 ἰκρίῳ
1231 2687 1578 2755 προσδεῖται,
1610 2685 1706 2751 τῆς
1731 2694 1774 2725 30

101 2789 161 2824 τε
188 2768 327 2841 ὕλης
359 2771 860 2844 συμπεφορημένης
888 2767 976 2824 ἐπ’
1006 2766 1189 2844 αὐτῷ,
1220 2769 1312 2823 καὶ
1337 2763 1708 2842 τῶνῖμελλόν-

103 2874 216 2909 των
245 2852 526 2925 ὑφάπτειν
555 2854 658 2926 τὴν
688 2853 879 2927 πυράν
908 2851 1011 2924 τὴν
1042 2853 1311 2924 βασιλέως
1345 2848 1708 2922 ἐπιπαρόντος

187 2959 418 2990 ΕυεΕΒῙυε
441 2962 502 2992 1v.
1390 2942 1458 2993 25
