2032 3174
322 107 390 156 42
1001 106 1246 146 EUSEBII

323 235 444 293 γεῖν
477 241 537 277 σε
570 218 702 291 παρ’
731 218 900 296 αὐτῷ,
933 226 1025 276 ἵνα
1049 219 1403 294 θεραπεύσῃς
1435 219 1610 277 αὐτοῦ
1640 218 1699 276 τὸ
1730 217 1924 286 πάθος.

324 308 414 361 καὶ
444 302 472 361 ὁ
506 310 804 376 Θαδδαῖος,
837 301 1155 375 άναβαίνω,
1189 310 1322 376 ἔφη,
1358 302 1655 376 ἐπειδήπερ
1688 302 1928 376 δυνάμει

324 385 455 461 παρ’
491 385 639 464 αὐτῷ
671 387 1026 460 άπέσταλμαι.
1092 391 1170 444 14.
1204 386 1472 459 ὀρθρίσας
1504 380 1606 445 οῦν
1644 386 1672 444 ὁ
1715 393 1930 459 Τωβίας

321 478 386 546 τῇ
420 476 539 544 ἑξῆς
572 474 663 528 καὶ
693 470 1033 543 παραλαβών
1063 470 1158 529 τὸν
1184 477 1468 529 Θαδδαῖον
1498 464 1639 544 ἦλθε
1670 470 1804 545 πρὸς
1834 470 1932 528 τὸν

282 555 613 629 δ’Ἀβγαρον·
663 552 737 622 ως
769 556 831 613 δὲ
861 553 1061 628 ἀνέβη,
1094 554 1385 626 παρόντων
1416 557 1507 612 καὶ
1540 554 1790 622 ἑστώτων
1821 558 1931 612 των

323 639 670 714 μεγιστάνων
702 637 900 712 αὐτοῦ,
943 644 1273 714 παραχρῆμα
1308 643 1366 696 ἐν
1396 643 1470 715 τῷ
1505 642 1732 696 εἰσιέναι
1764 635 1932 696 αὐτὸν

323 723 500 797 ὅραμα
531 728 668 797 μέγα
711 724 887 797 ε’φάνη
927 731 1001 801 τῷ
1029 722 1277 799 Ἀβγάρςο
1312 727 1370 781 ἐν
1410 728 1484 799 τῷ
1527 721 1804 800 προσώπῳ
1834 728 1932 780 τοῦ

2017 285 2025 302 ν
2019 166 2032 215 ,σι
2006 0 2032 127 dmum

324 808 631 866 ἀποστόλου
666 813 967 867 Θαδδαίου.
1030 808 1166 881 ὅπερ
1201 806 1627 881 ἰδών’Ἀβγαρος
1659 805 1934 881 προσεκύ-
2007 847 2019 886 ,¹

322 914 457 966 νησε
487 897 562 969 τῷ
596 898 878 969 Θαδδαίςο,
910 892 1103 966 θαῦμά
1133 917 1190 949 τε
1214 899 1336 966 ἔσχε
1356 891 1563 958 πάντας
1593 891 1719 956 τοὺς
1750 914 1934 963 περιε-
2006 914 2018 923 “

269 1000 308 1031 10
334 982 564 1044 στῶτας·
612 974 766 1035 αὐτοὶ
797 975 901 1049 γάρ
933 976 1034 1050 οὐχ
1067 975 1383 1050 ἑωράκεσαν
1414 975 1473 1033 τὸ
1503 975 1700 1048 ὅραμα,
1732 972 1762 1032 ὃ
1784 974 1934 1050 μόνῳ

323 1067 398 1137 τῷ
425 1059 676 1136 ’Λβγάρω
710 1060 902 1134 ἐφάνη.
968 1067 1046 1118 15.
1080 1059 1139 1128 ὃς
1185 1063 1275 1118 καὶ
1307 1061 1401 1118 τὸν
1435 1065 1722 1118 Θαδδαῖον
1751 1057 1931 1131 ἤρετο,

328 1153 379 1202 εἰ
403 1144 487 1202 ἐπ’
518 1148 786 1217 ἀληθείας
817 1145 1067 1218 μαθητὴς
1101 1145 1151 1201 εἶ
1177 1142 1352 1216 Ἰησοῦ
1375 1151 1473 1202 τοῦ
1492 1148 1620 1201 υἱοῦ
1643 1146 1743 1201 τοῦ
1772 1147 1933 1213 θεοῦ,

323 1226 381 1298 ὃς
413 1228 617 1302 εἰρήκει
658 1227 792 1300 πρὸς
838 1233 932 1302 ἐμέ
967 1228 1290 1286 “ἀποστελῶ
1323 1235 1415 1286 σοί
1441 1252 1563 1285 τινα
1606 1231 1718 1284 τῶν
1747 1238 1934 1300 μαθη-

322 1320 433 1370 τΓν
451 1338 575 1386 μου,
609 1311 754 1380 ὅστις
787 1312 1006 1370 ἰάσεταί
1025 1334 1086 1370 σε
1117 1315 1208 1369 καὶ
1241 1311 1383 1384 ζωήν
1413 1333 1501 1369 σοι
1524 1308 1798 1384 παρέξει.”
1843 1313 1932 1367 καὶ

261 1394 350 1454 ι5ὁ
384 1403 661 1462 Θαδδαῖος
696 1404 802 1470 ἔφη
839 1393 998 1455 “Suel
1037 1395 1286 1470 μεγάλως
1331 1403 1699 1461 πεπίστευκας
1732 1402 1808 1462 εἰς
1838 1395 1934 1452 τὸν

322 1480 720 1538 ἀποστείλαντά
750 1505 844 1554 με,
879 1480 970 1538 διά
1001 1484 1161 1539 τοῦτο
1193 1479 1509 1553 ἀπεστάλην
1542 1478 1675 1553 πρὸς
1709 1482 1784 1537 σε’.
1841 1482 1932 1536 καὶ

323 1565 490 1623 πάλιν
522 1564 618 1622 ἐὰν
650 1565 947 1638 πιστεύσῃς
974 1569 1032 1622 ἐν
1056 1563 1224 1640 αὐτῷ,
1262 1561 1333 1630 ὡς
1356 1561 1427 1622 ἄν
1449 1562 1747 1638 πιστεύσῃς
1781 1570 1933 1622 ἔσται
2003 1622 2025 1630 ..

324 1669 409 1706 σοι
432 1648 497 1705 τά
522 1649 789 1721 αἰτήματα
813 1654 908 1722 τῆς
932 1655 1161 1721 καρδίας
1186 1645 1337 1706 σου.”

324 1731 458 1806 πρὸς
490 1731 658 1790 αὐτόν
681 1729 893 1798 “οῦτως
935 1737 1259 1803 ἐπιστευσα,
1291 1734 1495 1804 φησὶν,
1541 1734 1601 1788 ἐν
1633 1728 1815 1806 αὐτῷ,
1860 1727 1933 1796 ὣς

263 1836 303 1868 20
328 1819 418 1874 καὶ
448 1816 575 1883 τοῦς
598 1815 903 1883 Ἰουδαίους
934 1814 1063 1883 τους
1088 1815 1514 1887 σταυρώσαντας
1538 1814 1708 1872 αὐτὸν
1733 1822 1934 1886 βουλη-

325 1908 496 1974 θῆναι
531 1899 768 1973 δύναμιν
799 1899 1139 1972 παραλαβών
1171 1899 1493 1972 κατακόψαι,
1528 1906 1576 1957 εἰ
1605 1899 1677 1972 μὴ
1713 1897 1803 1956 διά
1833 1899 1946 1971 τὴν·
1990 1932 1996 1937 -

326 1991 615 2056 βασιλείαν
635 1983 736 2057 τὴν
753 1984 1033 2058 Ῥωμαίων
1057 1983 1336 2055 ἀνεκόπην
1360 1981 1603 2042 τούτου.”
1638 1982 1772 2040 καὶὸ
1789 1988 1935 2040 Θαδ-

701 2065 732 2088 (ff
749 2068 762 2087 Ε
861 2067 871 2082 Ι

328 2075 479 2135 δαῖος
512 2070 665 2126 εἶπεν
739 2094 767 2125 ο
799 2093 988 2141 κυριος
1033 2064 1190 2141 ἡμῶν
1234 2068 1293 2125 τὸ
1334 2071 1553 2141 θέλημα
1592 2073 1689 2125 τοῦ
1730 2065 1933 2140 πατρὸς

327 2152 497 2209 αὐτοῦ
529 2151 889 2226 πεπλήρωκε,
922 2155 1012 2208 καὶ
1037 2152 1330 2224 πληρώσας
1355 2149 1808 2225 άνελήφθηπρὸς
1840 2149 1934 2208 τὸν

454 2239 465 2258 1
549 2233 577 2255 29

262 2253 304 2286 25
326 2261 545 2308 πατερα.
638 2242 718 2292 17.
754 2238 899 2309 λέγει
924 2234 1072 2312 αὐτῷ
1092 2235 1566 2309 ’Ἀβγαρος“κοἐγώ
1597 2242 1935 2292 πεπίστευκα

1365 2319 1431 2341 v„

327 2328 403 2388 εἰς
434 2318 605 2377 αὐτὸν
635 2322 726 2377 καὶ
760 2327 837 2387 εἰς
866 2321 962 2378 τὸν
985 2323 1191 2394 πατέρα
1216 2320 1400 2378 αὐτου.
1486 2323 1577 2378 καὶ
1601 2316 1629 2376 ὁ
1656 2324 1934 2384 Θαδδαῖος
1988 2368 1990 2370 ,

316 2404 451 2462 “διὰ
481 2407 668 2476 τοῦτο,
715 2407 880 2477 φησὶ,
926 2412 1120 2477 τίθημι
1151 2405 1251 2478 τὴν
1296 2404 1452 2478 χεῖρά
1496 2429 1603 2478 μου
1646 2406 1734 2461 ἐπὶ
1781 2404 1842 2460 σε
1877 2406 1935 2459 ἐν

325 2488 551 2562 ὀνόματι
577 2485 796 2546 αὖτοῦ.”
852 2491 1113 2546 καὶτοῦτο
1127 2488 1431 2562 πράξαντος
1456 2494 1787 2561 παραχρῆμα
1814 2491 1934 2544 ἐθε-

326 2572 581 2646 ραπεύθη
622 2579 715 2644 τῆς
759 2571 930 2630 νόσου
970 2576 1062 2630 καὶ
1104 2578 1201 2630 τοῦ
1249 2572 1467 2639 πάθους
1509 2565 1577 2631 οῦ
1624 2573 1784 2644 εἶχεν.
1853 2575 1930 2626 18.

263 2685 303 2716 30
329 2656 613 2730 ἐθαύμασέ
649 2680 706 2713 τε
737 2653 1081 2728 ὁ”Αβγαρος,
1124 2655 1205 2714 ὅτι
1246 2655 1435 2724 καθώς
1474 2655 1738 2730 ἤκουσται
1788 2651 1937 2730 αὐτῷ

325 2743 578 2812 περὶτοῦ
606 2738 809 2812 Ἰησοῦ,
843 2738 1019 2807 οὕτως
1050 2755 1163 2806 τοῖς
1195 2747 1372 2813 ἔργοις
1405 2743 1681 2814 παρέλαβε
1715 2736 1805 2795 διά
1837 2741 1936 2795 τοῦ

326 2828 578 2898 μαθητοῦ
608 2823 777 2882 αὐτοῦ
797 2830 1102 2895 Θαδδαίου,
1135 2821 1191 2890 ὃς
1224 2822 1392 2881 αὐτὸν
1422 2823 1558 2882 ἄνευ
1589 2826 1933 2899 φαρμακείας

1968 2728 2004 2739 *ae

1395 1654 1473 1705 16.
1502 1650 1593 1704 καὶ
1617 1646 1645 1704 ὁ
1666 1646 1935 1720 ’Ἀβγαρος
