1986 3152
275 126 377 178 396
961 124 1207 165 EUsEssn

277 260 383 299 σαν
415 242 604 314 ὥσπερ
635 240 866 299 ἀνόσιόν
888 265 938 298 τι
961 242 1052 297 καὶ
1079 239 1272 312 άσεβες
1298 243 1671 314 εἰργασμένην
1694 241 1881 316 ἄφαρ-

277 325 554 391 πάσαντες
630 343 959 399 στρατιωται
1018 324 1255 396 άγουσιν
1315 326 1407 381 ἐπὶ
1464 325 1563 382 τὸν
1620 321 1881 398 ἡγεμόνα.

279 407 482 465 αὐτίκα
525 407 578 464 δ’
626 403 792 475 οὗτος
844 409 939 466 ἅτε
988 432 1067 475 τις
1112 408 1356 482 ἐμμανὴς
1407 410 1502 466 καὶ
1540 407 1642 467 τὸν
1691 409 1888 483 θυμὸν

277 494 721 566 θηριωδέστατος
775 499 983 559 δειναῖς
1038 499 1132 549 καὶ
1185 494 1573 566 φρικτοτάταις
1618 494 1886 565 βασάνοις

232 576 411 633 εκατα
444 582 707 651 πλευρῶν
748 579 842 634 καὶ
882 583 1066 650 μαζῶν
1105 579 1264 650 μέχρι
1303 579 1397 635 καὶ
1442 576 1633 635 αὐτῶν
1675 577 1884 637 ὀστέων

275 661 659 734 αἰκισάμενος,
692 668 946 735 ἔμπνουν
978 661 1056 718 ἔτ’
1091 661 1300 734 αὐτὴν,
1332 659 1482 735 ὅμως
1513 667 1547 718 δ
1558 661 1571 682 '
1605 656 1714 719 οῦν
1744 662 1883 736 πρὸς

273 744 492 802 ἅπαντα
535 747 801 818 γεγηθότι
842 748 934 803 καὶ
977 752 1196 822 φαιδρῷ
1241 749 1543 819 ἱσταμένην
1583 747 1882 824 προσώπῳ,

271 844 387 896 τοῖς
445 837 763 897 θαλαττίοις
825 832 1069 904 κύμασιν
1131 834 1480 903 ἐμβληθῆναι
1541 831 1880 905 προστάττει.

274 912 373 971 εἶτ’
413 917 467 982 ἐξ
499 914 672 987 αὐτῆς
707 916 797 971 ἐπὶ
827 915 960 981 τοῦς
992 915 1220 981 λοιπούς
1260 915 1500 988 μεταβὰς
1539 911 1882 988 ὁμολογητάς

212 1020 252 1051 10
275 1012 389 1064 τοῖς
420 999 557 1054 κατὰ
591 999 780 1056 Φαινώ
811 1005 908 1071 τῆς
941 1006 1314 1072 Παλαιστίνης
1355 1005 1564 1072 χαλκοῦ
1597 1001 1884 1072 μετάλλοις

276 1082 408 1148 τοῦς
452 1083 663 1149 πάντας
707 1089 1110 1157 παραδίδωσιν.
1191 1088 1239 1140 3.
1302 1087 1392 1140 ἐπὶ
1435 1084 1680 1155 τούτοις,
1737 1091 1881 1143 Δίου

273 1167 447 1239 μηνὸς
490 1170 741 1241 πέμπτῃ,
791 1191 928 1223 κατα
970 1169 1033 1224 δε
1067 1163 1366 1240 Ρωμαίους
1420 1167 1648 1233 Νώναις
1691 1177 1882 1241 Νοεμ-

272 1257 486 1322 βρίαις,
531 1252 621 1307 ἐπὶ
652 1257 749 1322 τῆς
781 1250 953 1324 αὐτῆς
993 1252 1206 1318 πόλεως
1237 1251 1369 1318 τοῦς
1400 1251 1544 1325 ἀμφὶ
1576 1252 1886 1325 Σιλβανὸν,

273 1341 350 1391 ε”τι
402 1334 470 1406 δὴ
527 1335 649 1392 τότε
693 1333 828 1392 ὄντα
878 1336 1261 1410 πρεσβύτερον
1313 1332 1762 1409 ὁμολογήσαντα,
1815 1335 1885 1394 ὃν

210 1439 250 1470 15
275 1418 381 1475 οὐκ
415 1424 494 1484 είς
524 1419 744 1492 μακρὸν
779 1419 1017 1494 ὕστερον
1062 1424 1332 1495 ἐπισκοπῇ
1371 1426 1678 1493 τιμηθῆναί
1702 1445 1760 1478 τε
1790 1422 1885 1478 καὶ

274 1510 562 1580 μαρτυρίῳ
596 1506 806 1576 συνέβη
836 1511 1224 1583 τελειωθῆναι,
1255 1505 1651 1577 γενναιοτάτην
1683 1511 1882 1564 ἔνστα-

278 1606 365 1644 σιν
394 1587 496 1659 τὴν
539 1584 686 1659 ὑπερ
728 1587 1016 1661 εὐσεβείας
1061 1592 1507 1662 ἐπιδειξαμένους
1548 1603 1665 1657 τοῖς
1707 1596 1785 1656 εἰς
1822 1589 1886 1646 τὸ

276 1670 418 1728 αὐτὸ
471 1678 682 1745 χαλκοῦ
735 1675 1008 1746 μέταλλον
1069 1674 1262 1740 πόνοις
1313 1670 1342 1730 ὁ
1396 1673 1567 1740 αὐτὸς
1623 1677 1882 1748 ἐγκρίνει,

275 1762 546 1829 καυτῆρσι
576 1757 851 1831 πρότερον
889 1764 1005 1815 τῶν
1036 1764 1228 1815 ποδῶν
1268 1782 1366 1825 τας
1410 1757 1657 1830 ἀγκύλας
1689 1755 1881 1824 αὐτοῖς

208 1859 251 1892 20
275 1840 653 1943 άχρειωθῆναι
684 1843 1010 1915 προστάξας.
1066 1847 1116 1899 4.
1135 1842 1272 1915 άμα
1305 1844 1366 1900 δε
1396 1849 1466 1917 τῇ
1499 1842 1635 1900 κατά
1667 1843 1883 1900 τούτων

272 1922 549 1997 άποφάσει
593 1926 775 1999 ἄνδρα
813 1934 1038 1999 μυρίαις
1081 1927 1268 1994 άλλαις
1298 1923 1618 2000 ὁμολογίαις
1650 1929 1879 2000 διαπρέ-

274 2022 486 2081 ψαντα,
531 2022 815 2083 Λομνῖνος
856 2014 929 2082 ἠν
970 2014 1166 2082 οὗτος,
1211 2007 1240 2068 ὁ
1284 2011 1374 2068 δια
1418 2011 1676 2085 περιττὴν
1720 2014 1882 2068 ἐλευ-

272 2097 473 2165 θερίαν
502 2107 618 2159 τοῖς
649 2118 786 2150 κατα
821 2103 1205 2167 Παλαιστίνην
1235 2096 1407 2153 ἅπασι
1435 2096 1878 2168 γνωριμώτατος,

270 2181 338 2248 τῇ
379 2177 468 2232 διὰ
510 2177 686 2248 πυρὸς
729 2181 990 2235 ἐκδίδωσι
1035 2180 1283 2236 κολάσει·
1336 2178 1470 2252 μεθ’
1517 2178 1584 2235 ὃν
1626 2174 1655 2236 ὁ
1711 2178 1881 2245 αὐτὸς

207 2276 248 2310 25
271 2260 559 2331 δικαστὴς,
602 2261 782 2327 δεινὸς
825 2264 1111 2336 ε’πινοητής
1151 2287 1230 2329 τις
1264 2261 1345 2319 ὢν
1375 2270 1599 2335 κακίας,
1641 2265 1734 2319 καὶ
1764 2268 1880 2320 τῶν

270 2344 407 2399 κατά
461 2350 555 2416 τῆς
596 2351 696 2401 τοῦ
741 2353 981 2419 Χριστοῦ
1027 2352 1386 2414 διδασκαλίας
1441 2348 1881 2422 ἐπιχειρημάτων

271 2428 636 2500 καινουργὸς,
699 2430 799 2495 τάς
850 2431 983 2502 μηδ’
1038 2430 1414 2499 ἁκουσθείσας
1466 2433 1687 2489 πώποτε
1738 2431 1876 2489 κατ-εὶ

270 2517 382 2568 τῶν
413 2519 701 2584 θεοσεβιόν
745 2515 959 2572 ἐπενόει
999 2523 1291 2590 τιμωρίας,
1331 2518 1426 2573 καὶ
1463 2530 1611 2591 τρεῖς
1651 2516 1757 2589 μὲν
1799 2520 1879 2582 εἰς

268 2595 330 2652 τὸ
372 2611 711 2670 μονομαχειν
765 2601 855 2655 ἐπὶ
899 2606 1094 2675 πυγμῇ
1148 2601 1513 2672 καταδικάζει,
1567 2599 1877 2668 Αῦξέντιον

206 2697 247 2731 30
271 2680 361 2751 δε,
416 2681 623 2753 σεμνὸν
673 2684 766 2738 καὶ
819 2683 972 2758 ι”ερὸν
1023 2685 1373 2759 πρεσβύτην,
1430 2692 1649 2759 θηρίοις
1699 2684 1883 2758 βορὰν

270 2769 685 2837 παραδίδωσιν,
732 2766 939 2834 άλλους
981 2767 1034 2825 δ’
1072 2773 1143 2826 αύ
1179 2769 1347 2826 πάλιν
1389 2776 1618 2827 τελείων
1649 2768 1877 2842 ἄνδρων

271 2851 542 2920 φέροντας
564 2845 786 2921 ἡλικίαν
811 2857 888 2918 εἰς
922 2849 1227 2926 εὐνούχους
1261 2853 1505 2927 ε’κτεμων
1535 2867 1651 2920 τοῖς
1682 2851 1876 2918 αὐτοις
