1986 3152
535 111 618 152 DE
651 110 836 156 MART.
865 110 1156 154 PALAEST.
1189 112 1268 152 XI.
1610 110 1712 163 411

111 235 211 289 ἕνα
259 230 329 303 δή
377 253 500 286 τινα
558 228 821 301 φιλήματι
872 228 1271 302 προσειπόντα,
1327 228 1716 303 ἐπιλαβόμενοι

109 320 446 390 στρατιῶταί
493 336 639 379 τινες
693 312 930 386 ἄγουσιν
975 315 1065 370 ἐπὶ
1103 313 1202 370 τὸν
1240 310 1504 388 ἡγεμόνα.
1588 313 1616 372 ὁ
1653 315 1715 372 δὲ

110 401 300 473 ὥσπερ
335 399 682 471 ἐπισπέρχων
713 396 892 455 αὐτὸν
921 403 999 475 τῷ
1031 400 1282 476 προτέρω
1312 399 1716 473 συναπόδημον

105 490 204 556 τῆς
229 489 308 549 εἰς
331 481 613 556 οὐρανούς
635 484 903 554 γενέσθαι
926 489 1154 556 πορείας
1169 527 1184 555 ,
1210 483 1411 541 αὐτίκα
1441 489 1714 558 κεφαλικῇ

107 573 344 642 τιμωρίᾳ
383 572 732 638 κολασθῆναι
771 565 1110 640 προστάττει.
1183 573 1268 625 21.
1315 564 1479 636 οὗτος
1508 563 1580 642 ἧν
1611 569 1714 642 μὲν

39 647 44 651 ’
106 651 220 710 οἷπὸ
273 656 369 724 τῆς
409 655 810 707 Καππαδοκῶν
851 656 979 723 γῆς,
1034 658 1132 725 τῆς
1183 652 1236 710 δ’
1295 656 1355 710 ἐν
1409 660 1714 727 στρατείαις

108 738 396 795 ἐπιλέκτου
420 741 698 808 νεολαίας,
730 736 824 792 καὶ
853 741 969 792 τῶν
988 732 1378 810 ἐνῬωμαϊκοϊς
1410 737 1715 811 ἀξιώμασιν

105 821 175 880 οὐ
192 826 390 895 μικρᾶς
411 823 568 893 τιμῆς
593 822 1010 893 ἐπειλημμένος·
1035 815 1224 896 ἡλικίᾳ
1240 845 1298 878 τε
1313 822 1419 895 γὰρ
1444 823 1538 878 καὶ
1554 823 1713 897 ῥώμῃ

106 907 390 980 σώματος,
432 905 662 978 μεγέθει
699 928 759 961 τε
789 905 882 960 καὶ
924 904 1081 977 ἰσχύι·
1107 904 1258 979 παρὰ
1289 913 1551 962 πλεῖστον
1580 907 1716 963 ὅσον

107 990 240 1058 τούς
283 988 692 1063 συστρατιώτας
725 990 1093 1061 ἐπλεονέκτει,
1144 986 1218 1057 οἷς
1259 991 1354 1046 καὶ
1394 990 1496 1063 τὴν
1535 990 1713 1098 πρόσ-

103 1089 237 1144 οψιν
289 1074 444 1152 αυτῷ
496 1074 829 1148 περιβόητον
879 1086 995 1140 τοις
1047 1079 1219 1132 πᾶσιν
1282 1074 1451 1147 εἶναι,
1513 1076 1607 1131 καὶ
1657 1075 1718 1132 τὸ

104 1166 224 1218 πᾶν
257 1159 405 1226 εἶδος
447 1157 808 1230 αξιαγαστον,
860 1160 1137 1231 μεγέθους
1177 1162 1340 1216 ἕνεκα
1375 1161 1470 1215 καὶ
1510 1183 1716 1232 ευμορ-

104 1253 258 1319 φίας.
341 1248 426 1301 22.
484 1243 605 1300 κατ’
651 1242 824 1317 ἀρχας
876 1266 979 1315 μεν
1030 1246 1139 1300 οὐν
1188 1248 1290 1300 τοῦ
1333 1249 1582 1316 διωγμοῦ
1621 1243 1714 1300 δια

102 1336 396 1405 μαστίγων
435 1327 723 1401 ὑπομονῆς
763 1341 879 1393 τοῖς
920 1351 1059 1384 κατα
1101 1328 1205 1401 τὴν
1245 1323 1549 1401 ὁμολογίαν
1593 1333 1715 1384 δια-

108 1417 326 1487 πρέψας
358 1411 562 1485 ἀγῶσι,
605 1412 741 1486 μετὰ
780 1413 843 1469 δὲ
881 1411 984 1485 τὴν
1014 1418 1110 1485 τῆς
1141 1419 1430 1486 στρατείας
1460 1409 1713 1469 ἀπαλλα-

106 1499 217 1573 γὴν
247 1498 491 1571 ζηλωτὴν
525 1497 727 1555 ἑαυτὸν
757 1496 1103 1569 καταστήσας
1132 1499 1247 1554 τω”ν
1269 1502 1366 1570 τῆς
1388 1503 1714 1569 θεοσεβείας

103 1584 392 1657 ἀσκητῶν,
425 1581 693 1658 ὀρφανῶν
725 1582 943 1656 ἐρήμων
973 1584 1064 1638 καὶ
1095 1588 1283 1656 χηρῶν
1313 1581 1715 1655 οἷπεριστάτων,

103 1672 224 1727 τῶν
273 1692 332 1725 τε
386 1670 446 1725 ἐν
498 1673 713 1733 πενίαις
764 1669 858 1723 καὶ
910 1663 1229 1732 ἀσθενείαις
1291 1666 1717 1741 ἀπερριμμένων

107 1757 409 1819 ἐπίσκοπος
442 1752 628 1825 ὥσπερ
669 1753 763 1808 καὶ
797 1754 1119 1825 ἐπίκουρος,
1162 1751 1369 1821 πατρὸς
1410 1753 1504 1808 καὶ
1549 1756 1715 1823 κηδε-

102 1839 280 1913 ,μόνος
323 1842 514 1910 δίκην,
569 1836 980 1909 ἀναπέφανται,
1035 1836 1174 1893 ὅθεν
1217 1835 1284 1908 δὴ
1318 1836 1546 1902 εἰκότως
1577 1835 1757 1909 πρὸςρ

101 1928 212 1980 τοῦ
235 1935 350 1989 τοῖς
373 1927 616 1979 τοιοισδε
638 1924 853 1995 μαλλον
876 1926 990 1978 τῶν
1015 1920 1105 1977 δια
1129 1925 1350 1978 καπνοῦ
1373 1921 1466 1977 καὶ
1492 1925 1718 1994 αἵματος

102 2009 333 2065 θυσιων
363 2013 653 2080 χαίροντος
684 2011 827 2063 θεοῦ
858 2011 955 2078 τῆς
997 2029 1135 2062 κατα
1165 2006 1225 2062 τὸ
1269 2004 1574 2079 μαρτύριον
1606 2027 1716 2061 πα-

114 2092 356 2166 ραδόξου
387 2090 636 2164 κλήσεως
665 2089 897 2164 ἠξιώθη.
958 2094 1044 2147 23.
1091 2091 1316 2157 δέκατος
1342 2093 1503 2155 οὗτος
1535 2086 1718 2161 αθλη-

103 2178 205 2250 τὴς
238 2178 328 2234 ἐπὶ
356 2189 472 2242 τοις
503 2177 908 2249 δεδηλωμένοις
951 2178 1011 2232 ἐν
1041 2180 1137 2249 μιᾷ
1169 2176 1261 2231 καὶ
1291 2179 1359 2249 τῇ
1393 2173 1539 2248 αὐτῇ
1569 2197 1717 2231 τετε-

110 2268 305 2319 λείωτο
327 2257 536 2337 ἡμέρᾳ,
567 2260 702 2318 καθ’
727 2258 829 2333 ἣν,
864 2284 939 2329 ως
965 2266 1135 2331 ἔοικε,
1166 2265 1427 2332 μεγίστης
1450 2264 1529 2335 τῷ
1554 2269 1719 2332 Παμ-

110 2353 283 2420 φίλου
320 2352 610 2422 μαρτυρίςο
651 2348 887 2413 ἐπαξίως
927 2350 1028 2402 τοῦ
1071 2343 1278 2418 ἀνδρὸς
1308 2349 1721 2416 διανοιχθείσης

111 2431 292 2503 πύλης
346 2429 591 2505 εὐμαρὴς
641 2428 738 2503 ἅμ’
794 2428 949 2506 αὐτῷ
1000 2430 1095 2485 καὶ
1148 2430 1350 2503 ἑτέροις
1402 2428 1435 2501 ἡ
1477 2429 1722 2503 πάροδος

103 2522 209 2589 τῆς
240 2521 318 2581 εἰς
349 2515 450 2588 τὴν
490 2521 779 2587 βασιλείαν
829 2517 943 2571 τῶν
985 2512 1249 2587 οὐρανῶν
1293 2514 1517 2571 εἰσόδου
1557 2514 1720 2585 γεγέ-

111 2623 284 2673 νηται.
357 2604 442 2657 24.
488 2598 608 2656 κατ’
646 2609 770 2673 ἴχνη
810 2603 951 2671 δῆτα
980 2603 1058 2674 τῷ
1093 2598 1359 2675 Σελεύκῳ
1388 2596 1720 2668 Θεόδουλος,

113 2685 315 2759 σεμνός
345 2709 426 2754 τις
457 2687 551 2741 καὶ
581 2683 852 2757 θεοσεβὴς
883 2682 1231 2756 πρεσβύτης,
1264 2688 1360 2756 τῆς
1390 2678 1720 2756 ἡγεμονικῆς

103 2770 406 2843 τυγχάνων
437 2775 701 2842 οἰκετίας,
733 2768 1086 2841 τετιμημένος
1115 2790 1173 2824 τε
1203 2767 1354 2841 παρὰ
1382 2772 1460 2844 τῷ
1487 2773 1720 2839 Φιρμιλ·

107 2859 312 2933 λιιανῷ
355 2856 524 2913 πλέον
564 2861 681 2912 τῶν
720 2853 859 2911 κατὰ
899 2852 999 2910 τὸν
1029 2852 1187 2910 οἶκον
1218 2848 1513 2923 ἁπάντων,
1556 2855 1722 2907 τοῦτο

1741 1021 1779 1052 10

1742 1440 1780 1473 15

1743 2283 1784 2315 25

1743 2702 1785 2734 30
