1986 3152
588 79 743 120 HIST.
774 79 1026 123 Eccmzs:
1053 80 1107 122 v.
1141 82 1208 120 24.
1601 78 1704 130 233

88 194 319 268 “τισμὸν
369 193 682 266 συνήθειαν
734 200 810 262 εἰς
862 193 923 252 τὸ
970 199 1258 268 μετέπειτα
1303 194 1700 268 πεποιηκότων.

88 279 216 337 “καὶ
259 277 431 336 οὐδὲν
474 285 698 336 ἔλαττον
738 278 938 346 πάντες
972 272 1126 338 οὗτοι
1158 278 1494 353 εἰρήνευσοὲν
1523 304 1581 338 τε
1612 282 1704 336 καὶ

87 361 482 436 “ει’ρηνευόμεν
531 361 666 436 πρὸς
717 361 1018 437 ἀλλήλους,
1071 366 1163 421 καὶ
1206 363 1239 435 ἡ
1285 369 1564 438 διαφωνία
1608 366 1704 436 τῆς

87 444 376 520 “νηστείας
435 447 538 520 τὴν
596 445 862 520 ὁμόνοιαν
919 452 1013 520 τῆς
1072 455 1306 515 πίστεως
1359 444 1702 520 συνίστησι.”

96 536 174 590 14.
230 530 441 600 τούτοις
494 534 585 588 καὶ
632 537 880 605 ἱστορίαν
924 538 1320 605 προστίθησιν,
1374 530 1444 605 ἣν
1487 538 1748 599 οἰκείως5

91 615 516 690 παραθήσομαι,
569 622 768 673 τοῦτον
821 622 1056 689 ἔχουσαν
1107 617 1204 674 τὸν
1243 615 1450 688 τρόπον
1484 613 1583 674 “ἐν
1622 613 1705 682 οἷς

101 699 214 758 καὶ
247 706 304 758 015
329 698 435 773 πρὸ
466 704 729 771 Σωτῆρος
760 701 1123 773 πρεσβύτεροι
1153 705 1210 757 οἱ
1239 721 1575 773 προσταντες
1605 704 1704 773 τῆς

85 781 410 886 :gnuamcag
441 785 504 855 ἧς
536 782 604 840 σὺ
636 787 743 840 νῦν
773 782 991 858 ἀφηγῇ,
1030 781 1317 857 Ἀνίκητον
1348 787 1580 857 λέγομεν
1613 787 1705 841 καὶ

86 864 294 940 “’Πιον,
320 866 539 940 ’Υγϊνόν
568 890 626 924 τε
657 870 748 924 καὶ
789 866 1137 942 Τελεσφόρον
1167 870 1258 925 καὶ
1289 866 1537 941 Ξυστον,
1577 866 1705 925 οὔτε

82 950 278 1010 “αὐτοὶ
329 950 602 1026 ἐτήρησαν
655 949 783 1025 οὔτε
833 965 946 1019 τοῖς
987 949 1109 1025 μετ’
1152 951 1339 1010 αὐτῶν
1385 955 1704 1052 ἐπέτρεπον,
1731 976 1772 1007 10

85 1033 214 1141 :uoci
265 1033 436 1094 οὐδὲν
488 1043 712 1093 ἔλαττον
754 1034 912 1093 αὐτοὶ
957 1035 1031 1109 μὴ
1073 1041 1368 1110 τηροῦντες
1413 1035 1706 1110 εἰρήνευον

85 1117 236 1224 :tots
267 1119 376 1178 ἀπὸ
406 1125 519 1178 τῶν
542 1124 866 1192 παροικιῶν,
902 1123 961 1178 ἐν
985 1117 1072 1188 αἷς
1098 1125 1360 1194 ἐτηρεῖτο,
1395 1123 1706 1221 ἐρχομένοις

83 1201 262 1309 :nobs
303 1202 528 1272 αὐτούς
577 1211 753 1262 καίτοι
790 1207 1000 1278 μᾶλλον
1039 1209 1294 1263 ἐναντίον
1324 1207 1395 1278 ἠν
1423 1204 1484 1262 τὸ
1516 1218 1706 1277 τηρεῖν

83 1288 234 1357 “wag
286 1288 358 1363 μὴ
410 1295 654 1362 τηροῦσι.
742 1294 821 1346 15.
877 1291 968 1346 καὶ
1015 1287 1282 1348 οὐδέποτε
1324 1288 1416 1347 διὰ
1456 1287 1515 1346 τὸ
1559 1289 1704 1355 εἶδος

86 1370 284 1431 “τουτο
316 1370 721 1447 (ἐπεβλήθησαν
751 1397 925 1445 τινες,
957 1372 1079 1430 ἀλλ’
1117 1372 1275 1431 αὐτοὶ
1304 1371 1378 1447 μὴ
1408 1377 1703 1446 τηροῦντες
1726 1395 1770 1427 15

84 1457 181 1515 “00⁶
226 1457 331 1533 πρὸ
388 1463 490 1515 σοῦ
540 1456 904 1530 πρεσβύτεροι
944 1472 1057 1524 τοῖς
1098 1456 1207 1516 ἀπὸ
1248 1463 1360 1515 τῶν
1400 1462 1705 1529 παροικιῶν

82 1542 387 1615 “τηροῦσιν
426 1548 671 1615 ἔπεμπον
718 1539 1087 1616 εὐχαριστίαν.
1161 1548 1240 1600 16.
1284 1544 1376 1599 καὶ
1406 1545 1506 1599 τοῦ
1534 1566 1705 1615 μακα-

85 1623 248 1700 τερίου
284 1625 656 1701 Πολυκάρπου
691 1625 1126 1700 ἐπιδημήσαντος
1157 1633 1222 1701 τῇ
1247 1622 1420 1701 Ῥώμῃ
1454 1628 1542 1683 ἐπὶ
1567 1623 1704 1684 Ἀνν

102 1710 321 1784 “κήτου,
366 1713 458 1767 καὶ
497 1713 624 1784 περὶ
664 1709 850 1767 ἄλλων
890 1715 1060 1768 τινῶν
1099 1710 1266 1784 μικρὰ
1307 1709 1530 1784 σχόντες
1570 1713 1704 1782 πρὸς

80 1792 396 1870 “ἆλλήλους
428 1793 602 1861 εὐθὺς
634 1794 986 1869 εἰρήνευσαν,
1018 1798 1144 1868 περὶ
1175 1793 1375 1853 τούτου
1406 1799 1505 1852 τοῦ
1537 1818 1704 1867 κεφα-
1728 1817 1772 1848 20

87 1875 286 1981 ἶλαίου
328 1880 401 1953 μὴ
445 1879 930 1952 φιλεριστήσαντες
963 1886 1041 1946 εἰς
1075 1878 1321 1945 ἑαυτούς.
1384 1877 1510 1936 οὔτε
1540 1879 1644 1952 γὰρ
1675 1877 1704 1934 ὁ

89 1960 411 2036 “Ἀνίκητος
451 1961 546 2021 τὸν
584 1964 960 2038 Πολύκαρπον
1001 1977 1188 2021 πεῖσαι
1231 1962 1464 2021 ἐδύνατο
1503 1961 1576 2036 μὴ
1616 1987 1709 2035 τη-

87 2044 276 2121 “ρεῖν,
327 2071 420 2106 ατε
460 2047 594 2122 μετὰ
627 2046 889 2106 Ἰωαννου
935 2053 1032 2106 τοῦ
1072 2052 1328 2121 μαθητοῦ
1368 2051 1468 2104 τοῦ
1508 2052 1707 2120 κυρίου

88 2129 282 2206 “ἡμῶν
314 2135 404 2190 καὶ
434 2136 547 2190 τῶν
577 2136 787 2191 λοιπῶν
812 2129 1154 2204 αποστόλων,
1187 2129 1270 2199 οἷς
1293 2134 1706 2204 συνδιέτριψεν,

105 2213 210 2275 ἀεὶ
251 2217 612 2290 τετηρηκότα,
653 2215 780 2275 οὔτε
820 2216 932 2290 μὴν
972 2213 1000 2274 ὁ
1033 2215 1400 2291 Πολύκαρπος
1443 2214 1539 2274 τὸν
1563 2215 1705 2274 Ἀνί-
1729 2235 1771 2267 25

86 2297 290 2374 “κητον
332 2307 517 2359 ἔπεισε
557 2316 778 2374 τηρεῖν,
834 2303 1064 2374 λέγοντα
1105 2301 1206 2374 τὴν
1247 2300 1556 2373 συνήθειαν
1596 2303 1709 2357 τῶν

89 2381 231 2460 “2:96
263 2386 431 2444 οὐτοῦ
463 2389 858 2459 πρεσβυτέρων
889 2383 1137 2458 ὀφείλειν
1167 2388 1432 2459 κατέχειν.
1498 2390 1575 2442 17.
1617 2387 1708 2441 καὶ

105 2465 339 2529 “τούτων
369 2467 542 2538 οὕτως
575 2468 812 2571 ἐχόντων
846 2468 1221 2543 ἐκοινωνησαν
1254 2472 1491 2542 ἑαυτοῖς,
1523 2471 1615 2526 καὶ
1649 2472 1708 2525 ἐν

90 2548 191 2628 “τῇ
233 2558 493 2653 ἐκκλησία
534 2555 929 2627 παρεχώρησεν
967 2553 996 2611 ὁ
1024 2551 1306 2655 Ἀνίκητος
1345 2553 1447 2628 τὴν
1489 2577 1708 2626 ευχαρι-

107 2636 289 2697 “στίαν
328 2643 402 2716 τῷ
434 2637 788 2715 Πολυκαρπω
821 2637 940 2696 κατ’
980 2638 1252 2711 ἐντροπὴν
1285 2636 1571 2711 δηλονότι,
1614 2637 1704 2694 καὶ
1728 2655 1772 2686 30

92 2716 246 2794 “μετ’
282 2722 504 2796 εἰρήνης
535 2719 629 2780 ἀπ’
667 2720 923 2795 ἀλλήλων
953 2721 1371 2796 ἀπηλλάγησαν,
1404 2720 1581 2794 πάσης
1612 2723 1706 2792 τῆς

90 2800 416 2880 “summanus
458 2806 684 2880 εἰρήνην
726 2806 965 2880 ἐχόντων
1006 2810 1096 2864 καὶ
1127 2811 1239 2864 τῶν
1268 2807 1586 2879 τηρούντων
1618 2806 1707 2860 καὶ
