1986 3152
268 116 373 169 346
934 113 1180 154 EUSEBn

269 232 449 289 θ’όντα
484 229 746 301 Ἀγάπιος
789 229 1129 302 διαδέχεται,
1185 226 1251 284 ὃν
1291 230 1385 285 καὶ
1424 229 1599 286 πολλὰ
1653 242 1871 303 καμεῖν,

268 314 648 387 γνησιωτάτην
687 336 745 369 τε
784 312 1054 387 πρόνοιαν
1093 320 1190 387 τῆς
1233 317 1332 369 τοῦ
1363 319 1505 370 λαοῦ
1537 319 1876 388 προστασίας

271 410 431 472 ἴσμεν
455 398 826 470 πεποιημένον
841 441 855 470 ,
881 402 1125 472 πλουσία
1147 420 1207 455 τε
1229 399 1367 471 χειρὶ
1391 397 1618 454 πάντων
1639 399 1876 470 μάλιστα
1941 459 1957 467 ρ

270 482 523 554 πενήτων
563 482 1049 554 ἐπιμεμελημένον.
1109 487 1193 539 25.
1248 480 1386 538 κατὰ
1425 487 1626 538 τοῦτον
1660 485 1875 554 ἐλλογι-

227 596 246 628 5
268 568 520 640 μώτατον
551 564 705 642 αὐτῷ
736 589 795 622 τε
824 572 930 642 βίῳ
971 567 1283 640 φιλόσοφον
1314 565 1498 638 ἀληθῆ
1516 609 1532 637 ,
1578 572 1875 640 πρεσβείου

267 658 362 723 τῆς
388 649 587 707 αὐτόθι
611 656 901 724 παροικίας
923 648 1250 723 ἠξιωμένον,
1284 650 1583 723 Πάμφιλον
1607 655 1876 723 ἔγνωμεν,

267 734 334 792 ὃν
364 734 559 800 ὁποῖός
591 759 668 801 τις
698 729 770 806 ῆν
800 735 893 790 καὶ
918 733 1138 796 ὁπόθεν
1163 734 1515 810 ὁρμώμενος,
1548 731 1615 790 οὕ
1644 739 1878 807 σμικρᾶς

268 818 340 877 ἂν
369 821 584 891 γένοιτο
614 823 825 890 δηλοῦν
854 816 1179 886 ὑποθέσεως
1199 835 1209 846 ·
1273 822 1476 875 ἕκαστα
1518 818 1580 874 δὲ
1620 823 1721 875 τοῦ
1752 815 1871 874 κατ’

268 902 445 960 αὐτὸν
475 909 602 975 βίου
645 904 738 959 καὶ
777 894 843 975 ῆς
885 904 1263 976 συνεστήσατο
1296 907 1607 977 διατριβῆς,
1649 902 1780 968 τούς
1818 924 1878 961 τε

205 1016 246 1048 10
270 987 408 1044 κατά
440 986 539 1044 τὸν
581 987 829 1059 διωγμὸν
874 990 934 1043 ἐν
965 988 1252 1061 διαφόροις
1299 986 1613 1059 ὁμολογίαις
1654 985 1877 1058 ἀγῶνας

270 1071 472 1144 αὐτοῦ,
515 1072 607 1126 καὶ
649 1069 715 1127 ὃν
759 1072 848 1127 ἐπὶ
891 1077 1060 1128 πᾶσιν
1092 1069 1400 1143 ἀνεδήσατο
1432 1076 1533 1126 τοῦ
1564 1075 1876 1144 μαρτυρίου

271 1158 684 1227 στέφανον,-ἐν
729 1160 845 1229 ι’δία
876 1161 945 1228 τῇ
977 1156 1104 1227 περὶ
1137 1155 1309 1211 αὐτοῦ
1339 1154 1700 1227 διειλήφαμεν
1729 1152 1877 1211 ὑπο-

267 1242 439 1296 θέσει.
521 1242 605 1294 26.
653 1238 777 1294 ἀλλ’
823 1233 985 1304 οὗτος
1023 1239 1128 1311 μὲν
1169 1244 1284 1295 τῶν
1312 1243 1447 1312 τῇδε
1475 1237 1878 1311 θαυμασιώτα-

267 1347 387 1395 τος,
442 1326 502 1379 ἐν
555 1323 616 1378 δὲ
657 1335 772 1388 τοϊς
813 1323 1048 1395 μάλιστα
1090 1322 1226 1380 καθ’
1271 1318 1414 1396 ἡμᾶς
1460 1322 1877 1388 σπανιωτάτους

205 1435 245 1467 15
269 1409 605 1480 γενομένους
650 1416 811 1480 ἴσμεν
841 1412 956 1463 τῶν
998 1407 1102 1479 μὲν
1135 1406 1222 1465 ἐπ’
1253 1406 1672 1480 Ἀλεξανδρείας
1704 1423 1878 1481 πρεσ-

269 1493 523 1566 βυτέρων
566 1493 825 1565 Πιέριον,
882 1493 1159 1549 Μελέτιον
1215 1492 1278 1548 δὲ
1319 1497 1433 1548 τῶν
1474 1492 1612 1548 κατὰ
1655 1490 1879 1549 Πόντον

271 1580 577 1648 ἐκκλησιῶν
612 1578 934 1633 ἐπίσκοπον.
998 1581 1083 1632 27.
1131 1574 1254 1632 ἀλλ’
1293 1574 1322 1632 ὁ
1354 1576 1458 1649 μὲν
1489 1575 1671 1650 ἄκρως
1703 1572 1879 1647 άκτή-

268 1685 395 1734 μονι
417 1667 522 1736 βίω
547 1662 640 1716 καὶ
662 1661 954 1734 μαθήμασι
984 1660 1310 1734 φιλοσόφοις
1342 1664 1726 1733 δεδοκίμαστο,
1756 1672 1877 1725 ταῖς

269 1746 397 1816 περὶ
436 1745 501 1800 τὰ
541 1754 673 1801 θεῖα
713 1751 976 1817 θεωρίαις
1017 1747 1110 1802 καὶ
1151 1744 1467 1817 ἐξηγήσεσι,
1509 1746 1602 1800 καὶ
1631 1757 1753 1809 ταῖς
1788 1744 1879 1800 ἐπὶ

207 1856 247 1887 20
269 1835 369 1885 τοῦ
401 1834 591 1885 κοινοῦ
623 1835 719 1901 τῆς
753 1831 1043 1901 ἐκκλησίας
1075 1831 1382 1897 διαλέξεσιν
1411 1850 1719 1902 υπερφυως
1753 1830 1873 1900 ἐξη-

269 1915 559 1986 σκημένος,
585 1912 613 1970 ὁ
640 1914 702 1970 δε
717 1915 984 1979 Μελέτιος
1015 1913 1099 1986 (τὸ
1126 1911 1611 1987 μέλιτῆςἈττικῆς
1638 1912 1879 1969 ἐκάλουν

270 1996 447 2054 αυτὸν
479 2002 536 2053 οἰ
563 1996 672 2054 άπὸ
706 1997 986 2071 παιδείας)
1027 2003 1276 2064 τοιοῦτος
1316 2000 1418 2103 ῆν,
1472 1994 1594 2054 οἷον
1635 1993 1705 2053 άν
1735 1997 1873 2070 γρά-

270 2083 395 2148 ψειέ
420 2105 499 2146 τις
529 2085 644 2138 τῶν
675 2105 813 2137 κατα
855 2082 1039 2138 πάντα
1083 2083 1269 2153 λόγων
1312 2085 1476 2138 ε’νεκα
1514 2081 1876 2138 τελεώτατον·

273 2168 565 2237 ῥητορικῆς
596 2167 701 2236 μέν
732 2188 793 2236 γε
824 2165 927 2236 τήν
958 2164 1163 2239 ἀρετὴν
1187 2163 1322 2222 οὐδὲ
1345 2161 1468 2221 οἷόν
1490 2187 1549 2221 τε
1571 2165 1878 2236 θαυμάζειν

207 2274 248 2307 25
277 2251 541 2318 ἐπαξίως,
574 2246 715 2304 άλλά
746 2254 911 2305 τοῦτο
941 2250 1044 2320 μὲν
1077 2248 1218 2306 εἶναι
1248 2244 1403 2323 αὐτῷ
1435 2255 1573 2320 φαίη
1605 2247 1675 2304 ἄν
1705 2271 1784 2314 τις
1814 2247 1875 2305 τὸ

269 2331 409 2388 κατά
441 2331 638 2403 φύσιν·
671 2337 766 2403 τῆς
799 2331 853 2387 δ’
889 2332 1059 2405 ἄλλης
1092 2339 1455 2406 πολυπειρίας
1485 2356 1544 2389 τε
1574 2334 1668 2388 καὶ
1698 2340 1877 2389 πολυ-

269 2422 506 2489 μαθείας
538 2422 620 2481 τίς
653 2414 722 2472 ἂν
752 2415 853 2488 τὴν
885 2415 1090 2490 άρετὴν
1119 2416 1515 2489 ὑπερβάλοιτο;
1568 2421 1652 2473 28.
1696 2417 1779 2474 ὅτι
1809 2416 1877 2489 δὴ

273 2501 362 2556 ἐπὶ
414 2500 610 2565 πάσαις
664 2507 909 2571 λογικαϊς
965 2502 1282 2574 ἐπιστήμαις
1327 2500 1428 2558 τὸν
1478 2499 1878 2572 τεχνικώτατον

270 2587 363 2640 καὶ
408 2584 741 2655 λογιώτατον
783 2587 876 2640 καὶ
916 2586 1092 2658 μόνον
1135 2599 1337 2659 πεῖραν
1377 2583 1555 2642 αὐτοῦ
1587 2584 1775 2656 λαβών
1807 2583 1878 2640 ὂὶν

207 2694 248 2727 30
272 2668 435 2734 εἶπες.
498 2668 770 2740 ἐφάμιλλα
812 2670 875 2725 δὲ
906 2668 1060 2744 αὐτῷ
1103 2672 1195 2726 καὶ
1236 2669 1302 2726 τὰ
1330 2674 1427 2741 τῆς
1459 2668 1658 2742 άρετῆς
1689 2674 1876 2741 παρῆν

269 2758 371 2810 τοῦ
394 2758 539 2824 βίου.
590 2757 791 2808 τοῦτον
822 2753 959 2809 κατα
990 2754 1089 2810 τὸν
1117 2759 1218 2810 τοῦ
1254 2758 1501 2826 διωγμοῦ
1532 2753 1731 2826 καιρὸν
1760 2765 1876 2818 τοῖς

269 2835 409 2893 κατά
442 2842 827 2908 Παλαιστίνην
858 2844 1081 2910 κλίμασι
1111 2837 1577 2911 διαδιδράσκοντα
1610 2835 1700 2910 ἐφ’
1728 2837 1876 2903 ὅλοις
