2032 3174
31 1763 95 1783 'e‘

507 131 663 173 HIST.
695 130 942 173 ECCLES.
963 132 1049 172 111.
1074 133 1226 172 8—10.
1574 129 1670 181 101

63 247 386 354 ἀξιωθῆναι.
446 251 494 303 3.
528 238 686 313 οὗτος
720 243 787 319 δὴ
811 250 998 304 πᾶσαν
1019 244 1120 318 τὴν
1139 243 1453 319 Ἰουδαϊκὴν
1483 246 1673 320 ἀρχαι-

64 339 291 404 ολογίαν
334 335 392 388 ἐν
428 329 575 397 ὅλοις
618 340 790 387 εἴκοσι
822 332 1223 403 καταβέβληται
1263 349 1672 405 συγγραμμασι,

63 417 164 491 τὴν
204 414 258 474 δ’
306 421 553 487 ἱστορίαν
594 419 694 472 τοῦ
734 412 857 472 κατ’
892 413 1064 472 αὐτὸν
1090 413 1397 473 Ἰουδαικοῦ
1429 418 1674 488 πολέμου

68 505 127 558 ἐν
157 501 327 572 ἑπτὰ,
368 525 401 556 α
434 499 499 557 οὐ
539 498 710 573 μόνον
739 502 807 573 τῇ
830 497 1135 571 Ελλήνων,
1178 500 1319 557 αλλὰ
1350 503 1442 556 καὶ
1474 505 1540 573 τῇ
1573 523 1674 556 πα-

64 592 198 663 τρίςο
228 589 393 659 φωνῇ
421 590 770 658 παραδοῦναι
800 581 964 648 αὐτὸς
997 586 1177 659 ἑαυτῷ
1205 598 1491 657 μαρτυρεῖ,
1523 582 1670 652 αξιός
1694 602 1714 635 5

67 693 130 742 γε
162 668 240 727 ὧν
274 670 365 726 διὰ
395 669 460 725 τὰ
492 668 655 725 λοιποὶ
686 666 1067 724 πιστεύεσθαι.
1120 673 1170 724 4.
1197 671 1288 725 καὶ
1313 672 1472 740 ἕτερα
1499 670 1558 725 δὲ
1583 667 1680 725 αὐ-

66 759 164 812 τοῦ
194 757 421 826 φέρεται
452 755 699 824 σπουδῆς
723 751 847 818 ἄξια
879 750 999 824 δυό,
1034 751 1099 807 τα
1124 755 1251 824 περὶ
1274 755 1367 824 τῆς
1393 750 1678 810 Ἰουδαίων

71 837 454 911 ἀρχαιότητος,
510 839 569 892 ἐν
621 833 703 902 οἷς
745 838 837 891 καὶ
878 834 1223 908 ἀντιρρήσεις
1264 835 1400 907 πρὸς
1434 836 1679 894 Ἀπίωνα

67 921 164 979 τὸν
186 920 564 994 γραμματικὸν
588 919 723 976 κατὰ
740 919 1028 977 Ἰουδαίων
1051 919 1312 992 τηνικάδε
1336 919 1680 988 συντάξαντα

69 1004 237 1078 λόγον
266 1011 558 1078 πεποίηται
600 1007 692 1061 καὶ
732 1003 866 1078 πρὸς
899 1002 1119 1077 ἄλλους,
1151 1011 1205 1062 οἳ
1234 1004 1556 1077 διαβάλλειν
1588 1007 1680 1062 καὶ
1703 1024 1743 1054 10

68 1089 230 1148 αὐτοὶ
260 1115 326 1147 τα
357 1114 557 1161 πατρια
598 1113 696 1146 του
721 1087 1009 1146 ”Ιουδαιων
1051 1095 1254 1155 ἔθνους
1287 1088 1681 1163 ἐπειραθησαν.

67 1180 116 1232 ὃ.
154 1173 370 1232 τούτων
402 1177 462 1231 ἐν
491 1177 569 1250 τῷ
591 1175 839 1250 προτέρῳ
863 1172 961 1230 τὸν
991 1170 1234 1247 αριθμὸν
1256 1180 1352 1246 τῆς
1383 1177 1681 1247 λεγομένης

69 1265 306 1326 παλαιᾶς
346 1262 459 1316 τῶν
502 1256 854 1330 ἐνδιαθήκων
892 1282 1127 1330 γραφων
1178 1265 1396 1331 τίθησι,
1450 1266 1575 1316 τίνα
1614 1284 1679 1315 τα

68 1343 200 1415 παρ’
230 1343 503 1415 Εβραίοις
533 1341 938 1413 ἀναντίρρητα,
973 1341 1124 1399 ωσάν
1156 1345 1208 1410 ἐξ
1240 1341 1468 1416 αρχαίας
1500 1367 1679 1417 παρα-

75 1429 302 1499 δόσεως,
336 1425 524 1492 αυτοῖς
557 1427 758 1500 ρήμασι
789 1425 879 1482 διὰ
910 1425 1122 1483 τούτων
1156 1425 1462 1485 διδασκων
1701 1445 1741 1478 15

198 1524 254 1572 X
297 1508 424 1568 “013
464 1509 729 1584 μυριαδες
780 1503 881 1567 οὖν
923 1517 1156 1582 βιβλίων
1209 1514 1315 1569 εἰσὶ
1369 1509 1500 1583 παρ’
1544 1510 1679 1585 ημῖν

59 1593 456 1669 “ἆσυμφω’νων
487 1598 579 1651 καὶ
609 1597 960 1668 μαχομένων,
996 1594 1097 1652 δύο
1131 1596 1192 1652 δὲ
1222 1597 1364 1668 μόνα
1396 1595 1532 1669 πρὸς
1563 1612 1678 1662 τοις

57 1679 271 1738 “-εἰ’κοσι
311 1686 530 1752 βιβλία,
570 1683 668 1736 τοῦ
698 1673 902 1746 παντὸς
943 1686 1136 1752 ἔχοντα
1177 1679 1380 1753 χρόνου
1410 1681 1511 1753 τὴν
1541 1679 1681 1738 ἀνα-

105 1763 346 1838 γραφὴν,
378 1763 443 1820 τὰ
470 1769 696 1830 δικαίως
717 1774 848 1821 θεῖα
879 1767 1298 1837 πεπιστευμένα.
1354 1770 1402 1822 2.
1437 1767 1528 1822 καὶ
1552 1764 1680 1822 τού-

65 1847 215 1907 “cmv
246 1851 412 1906 πέντε
441 1851 545 1921 μέν
578 1852 691 1904 ἐστι
720 1848 786 1906 τὰ
817 1853 1138 1920 Μωυσέως,
1171 1846 1206 1905 α’
1235 1848 1362 1916 τούς
1385 1874 1444 1907 τε
1473 1849 1677 1922 νόμους
1701 1869 1742 1901 20

59 1931 343 2007 “περιέχει
397 1935 487 1989 καὶ
540 1932 643 2005 τὴν
687 1937 782 2005 τῆς
834 1932 1295 2006 ἆνθρωπογονίας
1348 1933 1679 2007 παράδοσιν,

67 2015 260 2092 “μέχρι
290 2023 386 2090 τῆς
417 2017 588 2075 αὐτοῦ
620 2021 892 2090 τελευτῆς.
934 2010 1091 2084 οὗτος
1115 2017 1143 2075 ὁ
1168 2017 1363 2092 χρόνος
1395 2018 1681 2076 ἀπολείπει

65 2099 423 2176 “τρισχιλίων
466 2101 638 2178 ὀλίγῳ
681 2105 833 2159 ἐτῶν.
911 2107 958 2158 3.
1002 2102 1108 2159 ἀπὸ
1153 2104 1212 2159 δὲ
1251 2107 1346 2175 τῆς
1395 2105 1678 2169 Μωυσέως

65 2182 362 2258 “τελευτῆς
415 2190 572 2259 μέχρι
623 2190 716 2259 τῆς
753 2184 1105 2261 Ἀρταξέρξου
1152 2191 1256 2244 τοῦ
1294 2186 1428 2261 μετὰ
1467 2190 1679 2260 Ξέρξην

63 2265 336 2344 τ’Περσῶν
359 2273 628 2343 βασιλέως
652 2275 709 2328 οἱ
727 2271 863 2344 μετὰ
883 2275 1138 2344 Μωυσῆν
1162 2278 1440 2345 προφῆται
1464 2273 1529 2329 τὰ
1553 2269 1673 2329 κατ’
1700 2290 1741 2322 2²5

62 2351 307 2421 “eximis
347 2359 670 2428 πραχθέντα
723 2360 1083 2427 συνέγραψαν
1125 2360 1184 2412 ἐν
1223 2359 1368 2429 τρισὶ
1408 2359 1500 2414 καὶ
1548 2360 1679 2413 δέκα

67 2436 362 2508 Νβιβλίοις.
410 2445 471 2495 αἱ
499 2440 558 2495 δὲ
581 2443 765 2496 λοιπαὶ
789 2444 1051 2514 τέσσαρες
1080 2439 1291 2513 ὕμνους
1318 2447 1393 2507 εἰς
1417 2440 1514 2498 τὸν
1543 2440 1680 2498 θεὸν

67 2517 201 2578 “uoci
233 2536 345 2588 τοῖς
375 2519 691 2594 ἀνθρώποις
722 2523 1014 2596 ὑποθήκας
1037 2529 1135 2581 τοῦ
1161 2531 1288 2596 βιόυ
1314 2528 1676 2599 περιέχουσιν.

64 2603 153 2662 “4.
182 2605 293 2685 Δοἰπό
329 2606 390 2662 δὲ
414 2604 768 2678 Ἀρταξέρξου
807 2611 965 2681 μέχρι
994 2611 1096 2666 τοῦ
1137 2607 1269 2666 καθ’
1304 2609 1444 2682 ἡμᾶς
1474 2608 1678 2683 χρόνου

65 2687 404 2761 “γέγραπται
435 2692 536 2762 μὲν
567 2693 795 2762 ἕκαστα,
837 2700 1071 2759 πίστεως
1116 2691 1170 2749 δ’
1205 2691 1305 2766 οὐχ
1335 2690 1527 2766 ὁμοίας
1557 2691 1672 2765 ήξί-
1698 2711 1737 2742 30

187 2884 237 2922 16
269 2882 451 2936 Ioseph.
477 2896 514 2923 e.
536 2883 697 2936 Apion.
720 2884 755 2934 Ι,
779 2885 817 2922 8.
