1986 3152
542 134 625 174 DE
657 132 840 174 MART.
874 131 1165 177 PALAEST.
1194 133 1272 179 1x.
1599 133 1703 187 401

99 251 405 321 ἀναλαβεῖν
435 249 758 321 παρεκάλει,
800 251 941 322 μηδὲ
981 249 1114 317 τοῦς
1154 250 1278 308 τότε
1317 258 1570 325 παμμιγῆ
1602 275 1704 310 πε-

99 338 395 409 ριεστῶτας
436 331 812 405 ἀτημελήτους
855 334 1197 391 καταλιπών·
1287 341 1367 392 11.
1428 333 1561 409 μεθ’
1609 337 1705 404 οὓς

100 419 338 490 πάντας,
383 415 424 474 ῶ
455 419 552 489 τῆς
585 422 794 489 πολλῆς
825 420 918 474 καὶ
950 418 1166 491 ἀφάτου
1199 417 1575 492 ἀνεξικακίας,
1611 424 1705 479 καὶ

98 502 244 576 ὑπὲρ
282 506 385 558 τοῦ
425 499 527 558 τὸν
565 500 816 557 θάνατον
858 501 1011 580 αὐτῷ
1044 505 1514 577 προστιμήσαντος
1547 511 1705 563 δικα-

100 592 264 659 στοῦ,
318 590 432 643 τῶν
470 608 531 642 τε
563 586 654 642 ἐπὶ
685 589 855 643 πᾶσιν
886 585 1201 660 ἀρχόντων,
1257 594 1333 645 ἔτι
1371 613 1428 646 τε
1473 591 1565 646 καὶ
1604 597 1705 648 τοῦ
1730 610 1750 642 5

101 674 238 730 ὅσον
278 670 436 728 οὔπω
476 675 573 743 τῆς
626 675 872 743 κεφαλῆς
913 670 1086 729 αὐτὸν
1127 671 1568 746 ἀποτεμοῦντος,
1629 682 1708 742 είς

33 805 41 812 .
105 756 343 828 ἐπήκοον
375 753 556 812 αὐτοῦ
595 753 644 811 τ’
683 757 899 812 ἐκείνου
931 758 1024 812 καὶ
1054 762 1168 813 τῶν
1198 758 1494 829 παρόντων
1524 755 1709 817 ἀπάν-

102 865 248 912 των,
294 845 396 896 τοῦ
435 845 550 896 τῶν
589 839 739 897 ὅλων
785 842 962 897 ἐδεῖτο
1007 846 1179 912 θεοῦ,
1221 847 1487 915 μηδαμῶς
1520 842 1711 910 αὐτοῖς

107 929 169 983 ἐν
201 921 428 1001 ἀριθμῷ
459 925 726 996 γενέσθαι
755 923 859 996 τὴν
894 930 972 992 εἰς
1004 924 1181 983 αὐτὸν
1210 924 1500 1000 ἁμαρτάδα
1530 951 1712 1001 παρα-

104 1013 307 1068 καλῶν.
404 1013 486 1065 12.
541 1014 717 1066 ταῦτα
758 1010 852 1065 καὶ
905 1009 972 1066 τά
1013 1015 1240 1067 τοιαῦτα
1282 1011 1494 1114 μεγάλῃ
1549 1016 1710 1086 φωνῇ
1739 1029 1777 1060 10

104 1093 548 1167 κατευξάμενος,
611 1095 702 1150 καὶ
751 1096 1055 1168 μονονουχὶ
1106 1118 1237 1161 τους
1291 1096 1501 1162 πάντας
1563 1095 1715 1154 ῶσάν

106 1179 317 1245 ἀδίκως
371 1177 808 1252 ἀναιρούμενος,
865 1185 942 1246 εἰς
984 1179 1173 1237 οἶκτον
1216 1180 1449 1246 ελκύσας
1489 1182 1582 1236 καὶ
1614 1182 1714 1237 δά-

106 1288 282 1339 κρυα,
334 1265 368 1337 ᾑ
403 1262 571 1336 νόμος
618 1262 785 1330 αὐτὸς
830 1263 1028 1321 ἑαυτὸν
1080 1271 1418 1337 σχηματίσας
1470 1267 1567 1321 καὶ
1618 1265 1715 1322 τὸν

109 1347 322 1421 αὐχένα
358 1347 580 1420 γυμνὸν
618 1353 687 1421 τῇ
727 1354 828 1405 τοῦ
860 1351 1058 1421 ξίφους
1100 1347 1353 1423 ἀποτομῇ
1394 1349 1714 1423 παραδούς,

107 1441 248 1511 θείω
280 1432 674 1505 κατεκοσμήθη
705 1439 1028 1510 μαρτυρίᾳ),
1065 1433 1238 1506 μηνὸς
1271 1435 1539 1507 Πανέμου
1572 1437 1712 1508 πέμ-
1744 1453 1780 1484 15

111 1541 217 1594 πτῃ
248 1517 340 1574 καὶ
382 1517 590 1589 εἰκάδι,
644 1515 680 1590 ἢ
722 1514 926 1589 λέγοιτ’
959 1516 1031 1574 ἀν
1074 1518 1182 1592 πρὸ
1214 1515 1359 1575 όκτω
1393 1524 1719 1576 Καλανδῶν

113 1602 481 1675 Αύγούστων.
550 1603 647 1658 καὶ
680 1602 746 1658 τά
779 1626 883 1676 μεν
914 1603 1049 1661 κατά
1081 1603 1285 1660 τούσδε
1314 1608 1532 1660 τοιοῦτο
1563 1605 1718 1669 τέλος

113 1689 276 1763 εἶχεν.
352 1685 550 1743 13.ού
593 1693 812 1760 μακροῦ
845 1688 907 1744 δε
938 1687 1341 1762 διαδραμόντος
1371 1688 1578 1762 χρόνου
1611 1682 1719 1744 αὗ-

111 1783 202 1840 θις
258 1775 317 1829 ἐκ
367 1776 464 1843 τῆς
511 1777 846 1843 Αἰγυπτίων
897 1778 999 1845 γῆς
1052 1778 1110 1829 οι
1156 1772 1461 1846 θαυμάσιοι
1502 1778 1601 1844 τῆς
1642 1778 1721 1838 εἰς

115 1856 358 1931 Χριστὸν
389 1851 688 1928 ὁμολογίας
729 1856 970 1929 ἀθληταὶ
999 1857 1296 1930 τριάκοντα
1327 1856 1468 1929 πρὸς
1503 1855 1719 1927 ἑκατὸν,
1744 1873 1786 1905 20
1811 1858 1818 1861 ’

117 1947 175 2001 ἐκ
208 1940 559 2016 προστάξεως
592 1944 914 2015 Μαξιμίνου
956 1941 1053 2008 τάς
1086 1940 1258 2009 αῦτάς
1288 1954 1405 2008 τοῖς
1437 1942 1721 2015 προτέροις

117 2027 202 2086 ἐπ’
260 2024 434 2097 αὐτῆς
478 2026 776 2097 Αἰγύπτου
824 2036 903 2093 εἴς
955 2050 1014 2083 τε
1066 2026 1199 2093 τούς
1253 2025 1588 2099 ὀφθαλμούς
1631 2026 1725 2081 καὶ

115 2113 246 2178 τοῦς
277 2111 455 2176 πόδας
488 2110 784 2185 συμφορὰς
826 2109 1202 2182 ὑποστάντες,
1246 2124 1362 2177 τοῖς
1405 2111 1725 2182 δεδηλωμέ-

117 2222 236 2264 νοις
271 2199 331 2253 ἐν
362 2202 711 2270 Παλαιστίνῃ
741 2196 1056 2269 μετάλλοις,
1089 2201 1145 2252 οἱ
1173 2195 1235 2252 δὲ
1265 2209 1382 2261 τοῖς
1413 2194 1551 2251 κατά
1568 2202 1726 2251 Κιλι-

117 2290 247 2340 κίαν
276 2280 591 2352 κατάκριτοι
622 2283 1101 2355 παραπέμπονται.
1751 2294 1793 2327 25

247 2377 327 2425 IX.
394 2362 514 2422 Ἐπὶ
557 2365 625 2437 δὴ
669 2379 785 2433 τοϊς
826 2366 1106 2432 τοσούτοις
1145 2371 1259 2422 τῶν
1288 2368 1730 2439 μεγαλοπρεπῶν

124 2454 366 2526 Χριστοῦ
409 2449 712 2522 μαρτύρων
753 2450 1221 2525 ἀνδραγαθήμασι
1261 2449 1597 2522 λωφησάσης
1637 2448 1731 2504 καὶ

124 2536 330 2595 ὡσανεὶ
369 2546 486 2599 τοῖς
529 2538 701 2608 ἱεροῖς
745 2534 935 2592 αὐτῶν
978 2541 1169 2609 αἵμασι
1207 2540 1303 2607 τῆς
1345 2540 1447 2591 τοῦ
1481 2537 1731 2606 διωγμοῦ

124 2624 400 2695 πυρκαϊᾶς
425 2617 941 2694 ἀποσβεννυμένης,
969 2618 1214 2686 ἀνέσεώς
1237 2643 1296 2676 τε
1319 2619 1427 2691 ἤδη
1452 2620 1546 2675 καὶ
1573 2621 1733 2674 ε’λευ-

123 2713 322 2779 θερίας
351 2716 468 2770 τοῖς
502 2705 592 2760 ἐπὶ
622 2710 902 2778 Θηβαΐδος
935 2711 1014 2772 εἰς
1045 2704 1110 2762 to}
1137 2703 1342 2761 αύτόθι
1365 2707 1607 2777 μέταλλα
1639 2699 1731 2757 διά
1755 2717 1797 2749 30

129 2787 371 2865 Χριστὸν
411 2792 919 2863 καταπονουμένοις
964 2790 1489 2864 συγκεχωρημένης,
1533 2784 1734 2860 μικρόν

124 2901 185 2935 τε
218 2879 276 2932 ἐκ
305 2878 566 2947 καθαροῦ
605 2873 925 2948 μελλόντων
966 2873 1125 2949 ἡμῶν
1156 2869 1518 2931 ῦπαναπνεῖν
1549 2870 1731 2944 ἀέρος,

216 2982 448 3012 ΕυεΕΒΙυε
482 2982 543 3011 1v.
1414 2965 1482 3015 26
