1986 3152
621 95 776 136 HIST.
810 94 1057 138 ECCLES.
1090 95 1144 135 x.
1177 96 1216 137 8.
1619 94 1724 146 483

113 207 289 266 αὐτὸν
327 207 430 265 οὐκ
476 210 790 281 ἐφθόνησε,
832 210 1029 283 γάμων
1067 234 1126 267 τε
1168 217 1438 284 λαμπρῶν
1479 211 1723 284 ἀδελφῆς

111 300 421 366 μετουσίαν
452 291 557 349 ούκ
588 291 974 367 ἆπηρνήσατο,
1017 293 1159 351 ἄλλα
1190 296 1284 351 καὶ
1324 300 1420 367 τῆς
1464 297 1522 351 ἐκ
1552 297 1722 351 πατέ-

113 400 228 450 ρων
259 375 577 448 εὐγενείας,
620 383 908 449 βασιλικοῦ
947 401 1006 434 τε
1036 377 1315 435 ἀνέκαθεν
1346 384 1572 452 αἵματος
1604 403 1721 436 κοι-

111 459 296 518 νωνὸν
326 463 590 532 γενέσθαι
618 460 849 533 ἠξίωσε,
894 465 991 534 τῆς
1029 485 1087 519 τε
1126 462 1263 518 κατὰ
1308 463 1535 520 πάντων
1578 461 1716 520 ἀπο-

111 544 303 601 λαύειν
346 542 520 618 αρχῆς
567 542 657 601 οἶα
699 550 940 619 κηδεστῇ
993 547 1086 603 καὶ
1127 553 1459 650 συμβασιλεῖ
1495 561 1764 620 παρεῖχε-5

110 628 213 700 τὴν
247 631 525 699 ἐξουσίαν,
558 628 658 686 οὐκ
690 635 916 685 ἔλαττον
945 631 1110 703 μέρος
1141 635 1255 686 τῶν
1285 630 1398 687 ὑπὸ
1424 629 1722 703 Ῥωμαίους

114 715 304 769 ἐθνῶν
337 715 550 771 διέπειν
579 711 733 789 αύτῷ
763 715 858 768 καὶ
889 717 1116 770 διοικεῖν
1146 716 1552 787 κεχαρισμένος.
1609 719 1657 771 5.
1692 710 1720 771 ὁ

110 795 165 853 δ’
202 802 438 870 ἔμπαλιν
467 795 686 862 τούτοις
727 795 995 853 ταναντία
1036 797 1416 870 διεπραττετο,
1459 805 1723 864 παντοίας

112 876 378 955 ὁσημέραι
406 904 543 937 κατα
574 885 675 936 τοῦ
718 886 1035 953 κρείττονος
1064 881 1312 953 μηχανὰς
1356 883 1722 954 ἐπιτεχνώμε-

109 989 234 1037 νος,
265 965 474 1031 πάντας
504 987 562 1020 τε
604 967 842 1020 ἐπινοῶν
885 966 1179 1036 ἐπιβουλῆς
1222 965 1491 1038 τρόπους,
1538 964 1610 1030 ῶς
1652 964 1722 1021 ἂν
1748 984 1787 1014 10

113 1061 305 1115 κακοῖς
344 1047 447 1105 τὸν
478 1047 777 1121 εὐεργέτην
809 1047 1112 1120 αμείψοιτο.
1167 1048 1233 1104 τὰ
1261 1049 1365 1121 μὲν
1394 1051 1501 1105 οὐν
1531 1053 1723 1122 πρῶτα

115 1133 458 1206 πειρώμενος
489 1131 593 1204 τὴν
626 1131 908 1203 συσκευὴν
952 1132 1337 1205 ἐπικρύπτειν,
1378 1139 1541 1206 φίλος
1584 1132 1723 1189 εἶναι

116 1229 529 1291 προσεποιεῖτο,
571 1217 716 1292 δόλῳ
747 1239 804 1273 τε
845 1217 938 1271 καὶ
969 1238 1152 1289 απατῃ
1186 1215 1497 1282 πλειστακις
1532 1219 1721 1273 ἐπιθέ-

109 1324 275 1374 μενος
308 1305 486 1374 ῥαστα
527 1298 600 1356 α“ν
629 1313 821 1372 τυχεῖν
861 1305 962 1356 τοῦ
994 1303 1462 1374 προσδοκωμένου
1505 1300 1721 1372 ἤλπισε.

108 1391 158 1442 6.
199 1390 278 1442 τῶ
310 1385 373 1441 δε
404 1382 511 1458 ἄρα
541 1380 570 1440 ὁ
601 1383 735 1450 θεὸς
765 1387 838 1486 ἠγ
868 1391 1060 1456 φίλος,
1101 1385 1358 1457 κηδεμών
1387 1408 1446 1441 τε
1476 1385 1568 1441 καὶ
1599 1385 1715 1457 φύ-
1743 1401 1782 1432 15

108 1467 291 1540 λαξ,
273 1469 335 1534 ός
367 1467 520 1544 αύτῷ
563 1491 662 1534 τας
695 1470 755 1524 ἐν
785 1466 1079 1544 ἀπορρήτῳ
1123 1469 1218 1524 καὶ
1249 1469 1430 1525 σκότει
1458 1491 1719 1541 μηχανω-

108 1555 280 1627 μένας
314 1552 611 1625 ἐπιβουλὰς
654 1557 731 1618 εἰς
772 1554 893 1624 φῶς
925 1551 1080 1623 ἄγων
1123 1553 1391 1624 διήλεγχε.
1450 1557 1721 1609 τοσοῦτον

107 1637 307 1710 ἀρετῆς
337 1636 399 1693 τὸ
432 1639 573 1709 μέγα
602 1641 700 1708 τῆς
728 1642 1053 1707 θεοσεβείας
1094 1635 1271 1692 ὅπλον
1312 1636 1454 1709 πρὸς
1498 1636 1720 1709 ἄμυναν

106 1723 210 1795 μὲν
255 1724 506 1795 ἐχθρῶν,
549 1725 759 1786 οἰκείας
802 1721 865 1776 δε
903 1720 1161 1791 φυλακὴν
1202 1727 1476 1793 σωτηρίας
1522 1720 1715 1792 ἰσχύει

111 1831 152 1880 ω
187 1805 256 1878 δὴ
288 1807 748 1879 πεφραγμένους
720 1806 1218 1876 οθεοφιλέστατος
1259 1799 1421 1877 ἡμῶν
1458 1803 1718 1876 βασιλεῦς
1741 1822 1781 1854 20

106 1914 202 1956 τας
242 1895 343 1946 τοῦ
387 1889 728 1961 δυσωνύμου
771 1888 1163 1954 πολυπλόκους
1207 1889 1503 1960 ἐπιβουλας
1544 1892 1718 1944 διεδί-

108 1980 366 2046 δρασκεν.
427 1979 471 2029 Τ.
514 1968 543 2030 ὁ
577 1973 639 2029 δὲ
668 1972 773 2044 τὴν
805 1978 1083 2044 λαθραίαν
1114 1971 1397 2044 συσκευὴν
1440 1971 1511 2037 ῶς
1543 1971 1718 2028 οὐδα-

107 2064 225 2131 μῶς
260 2058 407 2131 ἑῶρα
439 2057 576 2113 κατὰ
617 2057 847 2129 γνώμην
889 2055 1040 2133 αὐτῷ
1081 2061 1395 2128 χωροῦσαν,
1437 2059 1542 2112 τοῦ
1578 2061 1720 2112 θεοῦ

109 2143 290 2200 πάντα
321 2142 493 2199 δόλον
523 2165 580 2198 τε
612 2143 703 2197 καὶ
735 2145 1103 2215 ῥᾳδιουργίαν
1127 2146 1203 2216 τῶ
1227 2148 1486 2212 θεοφιλεῖ
1503 2146 1724 2211 βασιλεῖ

107 2227 409 2301 κατάφωρα
439 2230 762 2296 ποιοῦντος,
795 2224 989 2281 οὐκέθ’
1024 2221 1142 2291 οἶός
1172 2248 1230 2281 τε
1263 2222 1343 2280 ῶν
1376 2224 1709 2297 ἐπικρύπτε-
1734 2224 1774 2271 25

109 2320 242 2367 σθαι
304 2318 566 2383 προφανῆ
620 2309 864 2382 πόλεμον
918 2318 1142 2382 αἴρεται.
1242 2313 1289 2364 8.
1344 2304 1513 2380 ὁμόσε
1577 2312 1717 2379 δῆτα

106 2401 518 2470 Κωνσταντίνςο
559 2401 824 2466 πολεμεῖν
853 2392 1148 2464 διαγνούς,
1189 2392 1295 2463 ἤδη
1327 2394 1418 2449 καὶ
1450 2391 1587 2448 κατὰ
1617 2396 1717 2447 τοῦ

105 2485 247 2536 θεοῦ
286 2484 398 2535 τῶν
419 2477 604 2548 ὅλων,
647 2476 714 2534 ὃν
754 2475 1023 2549 ἠπίστατο
1065 2479 1247 2547 σέβειν
1288 2474 1494 2547 αὐτὸν,
1535 2497 1715 2548 παρα-

107 2564 403 2620 τάττεσθαι
435 2561 672 2636 ῶρμᾶτο,
697 2560 923 2617 κᾶπειτα
952 2559 1081 2626 τοῦς
1103 2555 1204 2616 ὑπ’
1231 2557 1386 2635 αύτῷ
1408 2565 1714 2630 θεοσεβεῖς,

106 2648 283 2721 μηδὲν
323 2646 452 2720 μηδ’
489 2645 630 2712 ὅλως
661 2644 880 2701 πώποτε
909 2643 1010 2716 τὴν
1040 2642 1220 2717 ἀρχὴν
1251 2642 1427 2700 αὐτοῦ
1460 2639 1712 2713 λυπηρὸν
1736 2657 1776 2688 30

108 2733 504 2806 διαθεμένους,
536 2729 712 2804 ἠρέμα
743 2730 877 2795 τέως
908 2730 999 2784 καὶ
1030 2723 1209 2800 ἡσυχῆ
1242 2735 1556 2801 πολιορκεῖν
1588 2729 1713 2781 ἑπε-

42 2867 47 2871 .
107 2816 364 2888 βάλλετο·
414 2817 505 2872 καὶ
547 2812 699 2871 τοῦτ’
739 2819 1000 2886 ἔπραττε,
1032 2816 1226 2877 δεινῶς
1268 2810 1563 2883 ἄβλεπτεῖν
1602 2807 1712 2864 ὑπὸ

1347 2904 1412 2954 31
1431 2907 1458 2936 ²*
