1986 3152
574 136 1245 182 1HST.EOCLES.X.2.&
1613 135 1717 188 449

105 256 319 329 μένοις,
364 254 506 321 νεώς
537 277 595 312 τε
625 249 794 321 αὖθις
838 256 897 311 ἐκ
938 253 1171 327 βάθρων
1202 259 1280 320 εἰς
1310 253 1456 321 ὕψος
1485 252 1717 328 ἄπειρον

109 341 523 413 ἐγειρομένους,
566 340 659 395 καὶ
690 338 834 396 πολῦ
866 343 1157 411 κρείττονα
1186 337 1290 410 τὴν
1332 335 1575 410 ἀγλαΐαν
1604 343 1717 396 τῶν

105 423 277 480 πάλαι
323 425 845 496 πεπολιορκημένων
886 421 1397 495 ἀπολαμβάνοντας.
1468 427 1517 479 2.
1577 421 1717 480 ἀλλά

107 509 202 564 καὶ
237 513 484 580 βασιλεῖς
526 511 584 563 οἱ
625 503 892 564 ἀνωτάτω
936 507 1193 579 συνεχέσι
1231 519 1352 572 ταῖς
1390 504 1536 581 ὑπὲρ
1579 517 1717 581 Χρι-

107 595 350 649 στιανῶν
380 597 735 664 νομεθεσίαις
774 591 840 648 τοὶ
882 595 977 663 τῆς
1019 593 1078 647 ἐκ
1106 596 1249 648 θεοῦ
1295 595 1717 665 μεγαλοδωρεᾶς
1741 618 1760 648 5

106 671 244 748 ἡμῖν
287 681 366 743 εἰς
407 675 624 749 μακρὸν
667 683 745 732 ἔτι
784 675 878 731 καὶ
917 682 1102 747 μεῖζον
1143 675 1479 749 ἐκράτυνον,
1524 678 1719 749 ἐφοίτα

106 760 173 816 δὲ
202 762 296 817 καὶ
328 766 406 827 εἰς
439 760 743 833 πρόσωπον
768 759 1083 825 ἐπισκόποις
1112 761 1381 831 βασιλέως
1404 761 1717 833 γράμματα,

106 845 201 901 καὶ
231 846 381 918 τιμαὶ
412 845 506 900 καὶ
536 843 832 916 χρημάτων
864 842 1070 908 δόσεις·
1118 837 1198 899 ὧν
1229 841 1335 899 οῦκ
1365 841 1474 900 ἀπὸ
1506 845 1718 918 τρόπου

107 927 310 1000 γένοιτ’
344 927 418 984 ἂν
456 926 595 983 κατά
634 926 733 984 τὸν
774 926 1129 1000 προσήκοντα
1168 925 1366 1001 καιρὸν
1395 931 1496 983 τοῦ
1528 927 1719 1001 λόγου,

107 1012 299 1085 ὥσπερ
332 1015 392 1068 ἐν
425 1015 548 1086 ίερᾷ
591 1011 795 1085 στήλῃ,
837 1015 970 1084 τῇδε
999 1015 1068 1084 τῇ
1099 1017 1276 1087 βίβλῳ
1306 1010 1403 1076 τὰς
1433 1011 1629 1083 φωνάς
1661 1015 1720 1069 ἐκ
1746 1039 1782 1067 10

104 1101 204 1168 τῆς
228 1091 510 1169 Ῥωμαίων
547 1096 638 1152 ἐπὶ
660 1094 762 1168 τὴν
780 1091 1015 1153 (Ελλάδα
1045 1101 1310 1166 γλῶσσαν
1337 1103 1719 1169 μεταληφθεί·

109 1197 211 1247 σας
242 1178 562 1255 ἐγχαράξαι,
597 1178 671 1246 ὥς
701 1177 773 1236 ἄν
802 1181 895 1235 καὶ
926 1191 1043 1245 τοῖς
1073 1177 1209 1252 μεθ’
1235 1177 1381 1252 ἡμᾶς
1412 1178 1586 1237 ἅπασι
1614 1182 1720 1253 φέ-

108 1287 297 1340 ροιντο
329 1264 420 1321 διά
450 1264 682 1337 μνήμης.

254 1359 334 1409 111.
414 1358 544 1426 [Nic.
585 1359 644 1408 H.
684 1358 738 1408 E.
780 1358 887 1414 Vll,
927 1355 1040 1425 40.]
1111 1346 1230 1405 Ἐπὶ
1284 1347 1346 1404 δὲ
1396 1347 1610 1415 τούτοις
1660 1348 1721 1406 τό

112 1437 283 1491 πᾶσιν
314 1431 574 1491 εὐκταῖον
616 1427 754 1506 ἡμῖν
795 1433 888 1488 καὶ
928 1429 1288 1505 ποθούμενον
1330 1445 1719 1506 συνεκροτεῖτο
1744 1457 1783 1488 15

110 1519 324 1591 θέαμα,
369 1520 666 1589 ε’γκαινίων
699 1517 883 1590 ἑορταὶ
912 1515 1051 1572 κατὰ
1082 1515 1269 1583 πόλεις
1287 1561 1302 1590 ,
1334 1517 1428 1573 καὶ
1457 1522 1572 1574 τῶν
1602 1517 1724 1590 ἄρτι

111 1605 409 1674 νεοπαγῶν
453 1606 911 1675 προσευκτηρίων
957 1598 1283 1674 ἀφιερώσεις
1315 1601 1635 1659 ἐπισκόπων
1664 1626 1722 1660 τε

113 1687 205 1743 ἐπὶ
234 1685 404 1743 ταύτὸ
436 1686 801 1758 συνηλῦσεις,
843 1686 955 1742 τῶν
985 1684 1286 1759 πόρρωθεν
1318 1688 1370 1753 ἐξ
1404 1683 1724 1754 ἀλλοδαπῆς

114 1771 458 1845 συνδρομαὶ,
514 1772 668 1826 λαων
720 1775 799 1836 εἰς
853 1768 1022 1836 λαοῦς
1081 1769 1543 1843 φιλοφρονήσεις,
1609 1775 1724 1828 τῶν

114 1859 364 1928 Χριστοῦ
398 1855 650 1928 σώματος
690 1856 875 1927 μελῶν
917 1859 996 1920 εἰς
1036 1861 1173 1927 μίαν
1204 1853 1513 1912 συνιόντων
1545 1878 1720 1930 αρμο-
1746 1879 1787 1912 20

112 1945 244 1996 νίαν
276 1941 487 2006 ε’νωσις.
562 1943 611 1994 2.
660 1938 932 2012 συνήγετο
964 1936 1018 1995 δ’
1052 1941 1158 1995 οὐν
1188 1936 1514 2006 ἀκολούθως
1544 1961 1722 2013 προρ-

107 2021 280 2129 ρήσει
295 2025 614 2098 προφητικῇ
647 2041 927 2096 μυστικως
950 2021 1012 2079 τό
1038 2023 1244 2095 μέλλον
1265 2023 1724 2131 προσημαινοῦσῃ

107 2105 341 2165 “ὀστεόν
381 2107 524 2182 πρὸς
565 2107 761 2165 ὀστέον
799 2108 892 2164 καὶ
935 2105 1175 2182 αρμονία
1216 2106 1356 2181 πρὸς
1397 2103 1724 2182 αρμονίαν,”

115 2193 209 2248 καὶ
240 2191 346 2250 οσα
375 2197 658 2261 θεσπίζων
690 2189 718 2249 ὁ
762 2192 927 2264 λόγος
970 2189 1041 2248 δι’
1088 2191 1432 2265 αἰνιγμάτων
1461 2190 1726 2260 ἀψευδῶς

116 2283 554 2349 προανετείνετο.
636 2281 686 2333 3.
740 2281 840 2350 μία
882 2300 940 2334 τε
981 2270 1052 2349 ἦν
1090 2282 1254 2333 θείου
1286 2277 1601 2350 πνεύματος
1633 2276 1724 2334 διά
1748 2301 1789 2331 25

116 2360 344 2417 πάντων
373 2364 488 2417 τῶν
517 2365 704 2434 μελῶν
725 2366 985 2434 χωροῦσα
1015 2359 1279 2435 δύναμις,
1312 2361 1405 2418 καὶ
1430 2361 1580 2435 ψυχή
1613 2363 1727 2419 τῶν

116 2442 347 2502 πάντων
376 2450 504 2518 μία,
537 2445 631 2501 καὶ
662 2452 953 2519 προθυμία
983 2450 1219 2511 πίστεως
1250 2443 1283 2518 ἡ
1316 2442 1491 2518 αὐτή,
1522 2448 1614 2502 καὶ
1645 2442 1727 2511 εἷς

119 2531 173 2597 ἐξ,
206 2527 474 2586 ἁπάντων
503 2534 801 2600 θεολογίας
824 2529 1029 2602 ῦμνος·
1063 2530 1155 2585 ναὶ
1177 2529 1288 2602 μὴν
1319 2531 1411 2586 καὶ
1440 2535 1555 2587 τῶν
1585 2552 1723 2604 προ-

117 2615 454 2687 ηγουμένων
498 2616 734 2680 ἐντελεῖς
785 2623 1110 2687 θρησκεῖαι,
1167 2617 1474 2688 ἱερουργίαι
1514 2638 1572 2671 τε
1612 2619 1728 2670 τῶν

121 2699 475 2771 ἱερωμένων,
518 2699 611 2755 καὶ
654 2706 987 2771 θεοπρεπεῖς
1034 2700 1325 2770 ἐκκλησίας
1355 2699 1584 2771 θεσμοὶ,
1618 2692 1727 2755 ὦδε
1750 2721 1791 2754 30

233 2895 287 2934 23
321 2892 648 2943 Ezeeh.37‚7.

205 2974 519 3005 EUSEBIUSIV.
1406 2959 1474 3011 29
