1986 3152
283 118 388 171 384
969 120 1208 160 EUsEssn

285 234 414 299 στὰς
453 238 852 307 δικαστηρίοις,
883 234 1046 289 θύειν
1069 257 1126 290 τε
1149 247 1264 300 τοϊς
1298 236 1609 307 λεγομένοις
1645 254 1887 307 προστα-

282 319 437 391 χθεὶς
468 327 657 388 θεοις,
705 320 804 374 ἕνα
831 317 1008 390 μόνον
1039 323 1247 390 ἔφησεν
1287 319 1516 391 εἰδέναι,
1559 323 1602 396 ᾧ
1642 327 1888 394 καθῆκεν

286 398 358 467 ῶς
390 397 558 467 αὐτὸς
587 401 845 472 βούλεται
894 401 1083 460 θύειν·
1119 399 1191 467 ῶς
1225 403 1287 459 δὲ
1317 400 1422 459 κᾶν
1451 415 1566 470 τοῖς
1596 410 1886 475 βασιλεῦσι

282 488 542 555 τέσσαρσι
576 487 837 542 σπένδειν
870 486 1182 557 ἐκελεύετο,
1226 487 1375 559 ῥῆμά
1413 510 1462 542 τι
1503 489 1888 562 φθεγξάμενος

241 588 259 618 5
283 575 394 626 τῶν
426 568 492 626 οὐ
525 574 827 642 προσηνῶν
857 568 1048 636 αὐτοῖς
1079 566 1285 627 αὐτίκα
1322 569 1424 643 τὴν
1453 572 1714 644 κεφαλὴν
1744 571 1888 630 ἀπο-

281 656 562 727 τέμνεται,
604 653 665 710 τὸ
709 652 994 725 ποιητικὸν
1039 653 1215 710 εἰπῶν
1258 657 1439 711 ἐκεῖνο
1475 650 1628 712 ο(οὐκ
1669 655 1890 727 ἀγαθὸν

282 743 711 811 πολυκοιρανίη,
775 734 853 803 εἷς
903 746 1161 811 κοίρανος
1211 743 1380 810 ἔστω,
1435 734 1513 805 εἷς
1569 737 1886 811 βασιλεύς.”

281 827 329 879 2.
364 829 576 880 Λεσίου
607 821 781 895 μηνὸς
827 821 1064 896 ἑβδόμῃ,
1106 822 1210 892 πρὸ
1260 823 1393 879 ἑπτά
1436 828 1608 880 εἰδῶν
1634 822 1889 881 Ἰουνίων

281 905 481 978 λέγοιτ’
516 902 588 962 ἂν
617 906 766 978 παρὰ
792 901 1103 979 Ῥωμαίοις,
1142 901 1321 982 ἡμέρα
1350 907 1571 982 τετράδι
1602 908 1886 981 σαββάτου

221 1007 260 1038 10
283 996 447 1047 τοῦτο
479 995 701 1062 πρῶτον
733 991 820 1046 ἐπὶ
845 997 1187 1064 Καισαρείας
1217 996 1314 1063 τῆς
1345 997 1721 1064 Παλαιστίνης
1751 990 1889 1050 ἀπε-

281 1075 517 1146 τελέσθη
559 1086 807 1146 σημεῖον.
879 1078 927 1130 3.
983 1074 1117 1147 μετὰ
1163 1075 1224 1131 δὲ
1264 1080 1426 1132 τοῦτο
1470 1077 1558 1132 ἐπὶ
1587 1081 1685 1148 τῆς
1715 1075 1890 1147 αὐτῆς

283 1158 494 1224 πόλεως
526 1165 775 1214 πλεῖστοι
806 1157 928 1215 ὅσοι
956 1163 1071 1214 τῶν
1104 1160 1413 1232 ἐπιχωρίων
1447 1162 1754 1232 ἐκκλησιῶν
1786 1158 1885 1232 ἄρ-

281 1265 503 1315 χοντες,
567 1246 776 1308 δειναῖς
830 1247 1033 1308 αἰκίαις
1093 1242 1403 1316 προθύμως
1463 1243 1889 1316 διαθλήσαντες,

279 1326 537 1399 μεγάλων
562 1325 799 1398 ἀγώνων
819 1331 1070 1400 ἱστορίαν
1093 1339 1208 1393 τοῖς
1227 1329 1497 1400 ἐνορῶσιν
1522 1330 1886 1398 ἐνεδείξαντο,

221 1425 261 1457 15
283 1410 442 1467 ἄλλοι
496 1410 558 1467 δὲ
597 1409 711 1467 ὑπὸ
755 1415 962 1477 δειλίας
1012 1410 1114 1483 τὴν
1166 1410 1355 1484 ψυχὴν
1405 1412 1892 1486 προναρκῆσαντες

282 1501 591 1569 προχείρως
622 1494 801 1561 οὕτως
832 1493 941 1552 ἀπὸ
974 1494 1195 1568 πρώτης
1229 1497 1611 1569 ἐξησθένησαν
1642 1502 1890 1571 προσβο-

282 1584 411 1652 λῆς,
453 1585 566 1636 τῶν
598 1579 660 1636 δὲ
691 1584 902 1636 λοιπῶν
937 1581 1165 1646 ἕκαστος
1197 1585 1319 1653 εἴδη
1352 1581 1596 1654 διάφορα
1625 1581 1891 1653 βασάνων

285 1663 640 1735 διήλλαττον,
683 1663 807 1720 τοτὲ
847 1663 951 1736 μὲν
980 1664 1230 1737 μάστιξιν
1261 1663 1620 1739 ἀνηρίθμοις,
1662 1665 1785 1721 τοτὲ
1830 1665 1892 1721 δὲ

286 1747 653 1821 στρεβλώσεσι
695 1749 788 1804 καὶ
819 1748 1184 1816 καταξάνσεσι
1223 1752 1342 1806 τῶν
1373 1754 1637 1823 πλευρῶν
1668 1753 1892 1821 δεσμοῖς

221 1846 262 1879 20
285 1855 342 1889 τε
375 1828 853 1906 ἀνυπομονήτοις,
894 1830 998 1904 ὑφ’
1035 1827 1115 1889 ῶν
1145 1834 1254 1889 τισὶ
1286 1834 1379 1889 καὶ
1409 1838 1721 1907 παρεθῆναι
1751 1851 1890 1890 συν-

285 1920 381 1989 έβη
422 1916 519 1983 τὰς
561 1929 764 1990 χεῖρας.
824 1920 873 1974 4.
922 1916 1072 1990 ὅμως
1115 1915 1171 1973 δ’
1208 1911 1316 1974 οὖν
1348 1923 1550 1991 ἔφερον
1579 1916 1641 1974 τό
1674 1915 1894 1989 ἀποβὰν

283 1999 612 2067 ἀκολούθως
653 2014 774 2066 ταῖς
806 1998 1138 2075 ἀπορρήτοις
1168 2007 1382 2074 κρίσεσι
1410 2007 1511 2059 τοῦ
1546 2007 1690 2059 θεοῦ
1720 2003 1892 2068 τέλος.

285 2083 311 2139 ὁ
355 2084 460 2156 μὲν
499 2084 607 2158 γὰρ
641 2086 845 2157 ἑτέρων
886 2085 1237 2157 κατεχόντων
1277 2085 1455 2143 αὐτοῦ
1495 2085 1572 2142 τῶ
1613 2099 1761 2158 χεῖρε
1801 2087 1892 2141 καὶ

283 2173 360 2243 τῶ
402 2173 572 2243 βωμῷ
614 2168 1047 2241 προσαγόντων,
1098 2168 1199 2240 τήν
1239 2192 1297 2225 τε
1337 2169 1542 2242 μιαρὰν
1582 2171 1677 2225 καὶ
1723 2171 1891 2240 ἐναγῆ

223 2265 263 2297 25
287 2257 502 2308 θυσίαν
531 2251 669 2308 κατὰ
698 2257 794 2323 τῆς
826 2255 1004 2319 δεξιᾶς
1035 2253 1537 2325 ἐπιρριπτούντων,
1586 2251 1659 2320 ῶς
1699 2251 1771 2309 ἀν
1801 2275 1891 2309 τε-

283 2334 476 2401 θυκῶς
519 2333 923 2407 ἀπηλλάττετο,
984 2334 1013 2393 ὁ
1057 2336 1120 2392 δὲ
1160 2336 1292 2409 μηδ’
1337 2337 1479 2404 ὅλως
1519 2337 1892 2410 ἐφαψάμενος,

285 2419 586 2492 εἰρηκότων
617 2418 670 2475 δ’
708 2421 911 2494 ἑτέρων
952 2419 1036 2477 ὅτι
1074 2419 1332 2494 τεθύκοι,
1377 2421 1662 2495 σιωπήσας
1701 2421 1891 2496 ἀπῄει,

285 2503 450 2569 ἄλλος
489 2502 770 2576 ἡμιθανὴς
812 2505 1104 2577 αἰρόμενος
1156 2500 1311 2562 ῶσάν
1352 2505 1460 2579 ἤδη
1500 2506 1698 2580 νεκρὸς
1741 2508 1887 2579 ἐρρίν

285 2609 448 2644 πτετο
472 2588 563 2643 καὶ
588 2586 777 2645 ἀνίετό
798 2612 862 2660 γε
881 2594 994 2646 τῶν
1018 2594 1260 2662 δεσμῶν,
1293 2593 1355 2648 ἐν
1379 2590 1679 2648 τεθυκόσιν
1701 2589 1893 2656 αὐτοῖς

224 2685 264 2718 30
290 2672 703 2744 λελογισμένος,
746 2668 775 2729 ὁ
808 2673 870 2730 δὲ
910 2679 1061 2746 βοῶν
1093 2675 1185 2730 καὶ
1215 2675 1664 2749 μαρτυρόμενος,
1707 2671 1789 2731 ὅτι
1817 2673 1890 2747 μὴ
1949 2743 1951 2745 ³

399 2867 424 2906 6
454 2866 583 2907 Hom.
609 2866 662 2910 ΙΙ.
687 2868 733 2915 2,
757 2869 852 2907 204.
