1986 3152
490 121 647 162 HIST.
680 120 931 162 ECCLES.
963 121 1015 163 v.
1051 122 1230 165 10—12.
1561 119 1662 171 211

47 242 259 296 ,τεσθαί
284 260 376 308 μοι
410 240 590 306 δοκεῖ,
631 234 722 292 ὅτε
750 233 878 302 τούς
911 237 1352 309 ἐμφανεστέρους
1382 226 1446 306 ἧς
1478 242 1658 294 κατεί-

58 329 238 394 ληφεν
276 318 640 392 ἀποστολικῆς
682 323 939 393 διαδοχῆς
971 319 1464 393 ἐπισημαινόμενος
1493 321 1666 377 ταῦτά

57 424 231 477 φησιν
264 400 470 476 3.“ἥδη
490 405 549 461 δὲ
570 403 636 461 οὐ
658 403 846 477 γραφὴ
872 411 950 471 είς
983 407 1247 472 ἐπίδειξιν
1264 407 1665 478 τετεχνασμένη

52 485 188 562 “ἦδε
218 487 252 561 ἡ
284 496 657 562 πραγματεία,
698 485 839 545 ἄλλά
867 513 958 561 μοι
989 487 1355 561 ὑπομνήματα
1388 494 1464 554 εἰς
1494 492 1665 562 γῆρας

51 568 498 646 “θησαυρίζεται,
518 571 695 645 λήθης
719 571 1033 645 φάρμακον,
1057 579 1291 630 εἴδωλον
1314 571 1556 645 ἀτεχνῶς
1573 576 1665 629 καὶ
1688 590 1708 623 5

51 652 427 730 “σκιαγραφία
466 660 579 714 τῶν
622 660 872 728 ἐναργῶν
909 659 1000 712 καὶ
1034 657 1295 730 ἐμψύχων
1327 661 1556 714 ἐκείνων
1588 648 1667 714 ὦν

50 737 435 812 τὲ’κατηξιτόθην
478 743 778 796 ἐπακοῦσαι
808 738 990 810 λόγων
1019 763 1078 796 τε
1109 743 1200 796 καὶ
1232 739 1459 813 ἀνδρῶν
1487 764 1668 849 μακα-

49 820 224 897 “ρίων
264 826 357 880 καὶ
394 827 470 900 τῷ
508 821 627 880 ὄντι
667 821 985 895 ἀξιολόγων.
1050 829 1098 881 4.
1142 823 1353 881 τούτων
1384 823 1411 880 ὁ
1444 848 1544 896 μεν
1577 826 1666 880 ἐπὶ

65 904 189 981 τῆς
222 903 597 978 Ελλαδος,ο
580 905 897 979 ‘'Imvcx63‚
958 903 986 964 ὁ
1035 908 1095 964 δὲ
1145 910 1233 965 ἐπὶ
1282 914 1377 980 τῆς
1427 906 1666 1011 μεγαλης

49 988 373 1063 “Ἐλλαδος,
413 996 511 1063 τῆς
541 997 748 1064 Κοίλης
786 990 976 1065 ἅτερος
1019 991 1204 1049 αὐτῶν
1234 999 1449 1064 Συρίας
1490 993 1591 1063 ἠν,
1634 991 1662 1048 ὁ
1686 1010 1726 1043 10

50 1073 151 1134 “δε
181 1074 277 1133 ἀπ’
317 1075 636 1148 Αἰγύπτου,
678 1074 834 1133 ἄλλοι
866 1077 925 1133 δὲ
956 1075 1064 1133 ἀνὰ
1091 1076 1195 1148 τὴν
1225 1075 1528 1149 ἀνατολὴν,
1573 1078 1665 1132 καὶ

48 1156 283 1233 ἐταύτης
314 1156 343 1216 ὁ
374 1162 476 1234 μέν
506 1185 586 1227 τις
615 1165 729 1217 τῶν
751 1159 1084 1234 Ἀσσυρίων,
1116 1157 1145 1218 ὁ
1180 1162 1241 1218 δὲ
1275 1164 1334 1218 ἐν
1362 1164 1432 1234 τῇ
1455 1168 1664 1219 Παλαι-

49 1239 244 1318 “στίνῃ
288 1243 539 1318 Ἑβραῖος
591 1243 886 1302 ἀνέκαθεν.
967 1241 1186 1346 ὑστάτῳ
1240 1246 1302 1302 δὲ
1353 1245 1664 1317 περιτυχών

47 1324 347 1402 (((δυνάμει
408 1331 468 1387 δὲ·
528 1327 636 1402 ἄρα
696 1333 910 1402 πρῶτος
961 1321 1056 1403 ἦν)
1111 1327 1539 1402 ἀνεπαυσαμην,
1605 1333 1665 1386 ἐν

45 1409 352 1515 ΞΣΑίγύπτςο
396 1412 651 1486 θηράσας
699 1412 987 1486 λεληθότα.
1070 1419 1116 1470 5.
1165 1412 1284 1470 ἀλλ’
1330 1419 1387 1470 οἱ
1421 1415 1522 1486 μὲν
1563 1437 1664 1485 την
1688 1429 1727 1462 15

45 1493 268 1599 ἓάληθῆ
319 1502 414 1570 τῆς
466 1503 738 1571 μακαρίας
779 1497 1042 1566 σωζοντες
1089 1503 1448 1563 διδασκαλίας
1491 1520 1664 1566 παρα-

45 1577 242 1639 “δοσιν
274 1580 449 1647 εὐθυς
478 1579 586 1638 απὸ
618 1583 838 1654 Πέτρου
869 1584 959 1638 καὶ
985 1581 1280 1654 Ἰακώβου,
1313 1580 1574 1639 Ἰωαννου
1606 1605 1664 1638 τε

46 1661 173 1723 “nal
203 1665 439 1724 Παύλου
469 1669 583 1724 τῶν
611 1662 789 1738 ὧγίων
818 1663 1172 1737 ἀποστόλων,
1216 1679 1346 1732 παῖς
1381 1666 1530 1738 παρὰ
1560 1690 1662 1723 πα-

47 1745 207 1823 “τρὸς
261 1749 617 1824 ἐκδεξάμενος
669 1747 869 1823 (ὀλίγοι
922 1751 983 1807 δὲ
1033 1755 1090 1808 οἱ
1127 1749 1400 1823 πατράσιν
1441 1747 1662 1824 ὅμοιοι),

46 1827 217 1907 “,ἧκον
249 1833 316 1907 δὴ
348 1835 455 1892 σὺν
484 1838 604 1912 θεῷ
633 1837 724 1891 καὶ
757 1841 834 1902 εἰς
865 1830 1026 1907 ἡμᾶς,
1058 1833 1122 1891 τὰ
1146 1833 1449 1907 προγονικὰ
1477 1839 1661 1893 ἐκεῖνα
1684 1852 1726 1884 20

48 1914 175 1976 “καὶ
206 1917 541 1977 ἀποστολικοὶ
571 1918 1014 1992 καταθησόμενοι
1046 1918 1376 1992 σπέρματα.”

178 2015 282 2064 ΧΙΙ.
325 2014 454 2080 [Nic.
484 2016 542 2064 H.
571 2014 623 2063 E.
654 2015 729 2072 IV,
762 2013 870 2080 19.]
906 2001 1022 2061 Ἐπὶ
1053 2003 1266 2061 τούτων
1296 2007 1390 2077 τῆς
1423 2007 1483 2060 ἐν
1497 2002 1665 2076 Ἱερο-

53 2086 312 2160 σολύμοις
354 2091 644 2160 ἐκκλησίας
677 2090 973 2156 ἐπίσκοπος
1003 2085 1032 2145 ὁ
1064 2087 1213 2162 παρὰ
1243 2096 1466 2154 πολλοῖς
1500 2090 1664 2145 εἰσέτι

54 2177 162 2230 νῦν
200 2175 535 2246 βεβοημένος
568 2170 885 2244 Ναρκισσος
919 2176 1268 2246 ἐγνωρίζετο,
1312 2178 1663 2230 πεντεκαιδε-

53 2279 223 2329 κατην
264 2281 416 2329 αγων
459 2256 725 2330 διαδοχὴν
764 2256 871 2314 ἀπὸ
915 2262 1011 2330 τῆς
1054 2264 1166 2315 τῶν
1200 2255 1485 2315 Ἰουδαίων
1525 2281 1661 2313 κατα
1686 2273 1726 2305 25

50 2336 339 2413 Ἀδριανόν
380 2348 726 2415 πολιορκίας,
776 2345 827 2409 ἐξ
869 2343 937 2398 οὐ
981 2340 1050 2413 δὴ
1082 2364 1301 2445 πρωτον
1330 2339 1432 2413 τὴν
1462 2339 1661 2398 αὐτόθι

57 2427 350 2498 ἐκκλησίαν
394 2430 446 2494 ἐξ
489 2429 674 2483 ἐθνων
712 2429 981 2499 συστῆναι
1021 2450 1155 2499 μετα
1196 2451 1327 2494 τους
1361 2430 1419 2483 ἐκ
1450 2448 1663 2498 περιτο·

45 2513 184 2590 μῆς,
223 2509 662 2583 καθηγήσασθαί
686 2533 745 2567 τε
775 2507 962 2568 αὐτῶν
991 2515 1212 2583 πρῶτον
1246 2514 1298 2579 ἐξ
1332 2514 1517 2568 ἐθνῶν
1549 2514 1661 2566 ἐπί-

57 2609 263 2651 σκοπον
306 2594 541 2666 Μάρκον
593 2594 962 2668 ἐδηλώσαμεν.
1047 2600 1094 2652 2.
1146 2594 1276 2668 μεθ’
1326 2591 1394 2652 ὂν
1448 2598 1661 2651 ἐπισκο-

53 2681 254 2735 4πεῦσαι
295 2677 616 2736 Κασσιανόν
665 2684 726 2735 αἱ
771 2685 884 2736 τῶν
934 2677 1132 2737 αὐτόθι
1185 2681 1439 2751 διαδοχαὶ
1483 2679 1659 2748 περιέ·
1684 2691 1724 2723 30

170 2873 196 2912 3
226 2870 367 2913 Clem.
401 2872 563 2913 Strom.
596 2874 634 2925 1,
669 2875 706 2912 1.
741 2886 784 2925 p.
817 2874 913 2914 322.

1304 2938 1407 2988 14ss
