1986 3152
663 85 684 103 Δ

295 101 397 150 226
975 95 1220 136 EUSEBII

287 213 479 285 “ἡμῶν
504 209 680 283 Ἰησοῦ
709 212 953 283 Χριστοῦ
991 211 1083 265 καὶ
1125 206 1260 265 κατὰ
1301 211 1395 280 τῆς
1437 207 1666 277 ἐνδόξου
1697 231 1903 284 παρου-

285 296 445 361 “σίας
488 293 690 366 αὐτοῦ,
732 286 795 367 ἧς
837 299 1048 366 ἔρχεται
1080 306 1266 366 κρῖναι
1298 296 1499 360 ζῶντας
1530 296 1620 349 καὶ
1651 292 1903 367 νεκρούς,

286 376 417 436 “ἴνα
458 376 758 452 ἀντιβάλῃς
788 373 819 433 ὂ
847 376 1199 449 μετεγράψω,
1243 377 1334 432 καὶ
1377 374 1737 452 κατορθώσῃς
1768 375 1904 435 αὐτὰ

286 459 458 535 “πρός
488 460 548 518 τὸ
579 460 924 533 ἀντίγραφον
953 463 1135 533 τοῦτο,
1167 458 1306 517 ὅθεν
1335 458 1681 534 μετεγράψω,
1715 465 1903 534 ἐπιμε-

252 543 456 612 5“λῶς“
511 548 604 602 καὶ
632 543 729 603 τὸν
757 543 926 616 ὅρκον
956 547 1152 602 τοῦτον
1182 543 1382 616 ὁμοίως
1411 542 1779 616 μεταγράψεις
1811 547 1902 602 καὶ

285 628 516 702 “θήσεις
560 633 620 686 ἐν
657 633 731 705 τῷ
770 625 1138 706 ἄντιγράφω.”
1202 632 1251 685 3.
1284 630 1375 685 καὶ
1405 634 1581 685 ταῦτα
1613 629 1674 685 δὲ
1705 627 1904 701 ὠφελί-

292 738 430 815 poeg'
428 710 528 771 ὑπ’
557 715 774 771 ἐκείνου
805 714 1072 786 λελέχθω,
1104 711 1241 785 πρὸς
1271 711 1431 785 ἡμῶν
1461 735 1519 768 τε
1551 716 1904 786 ἱστορείσθω,

295 822 367 864 ως
398 795 467 855 ἂν
492 803 708 871 ἔχοιμεν
731 795 957 871 ἄριστον
981 795 1419 869 σπουδαιοτάτης
1445 800 1754 870 ἐπιμελείας
1777 795 1905 864 τοὺς

293 881 555 955 ἀρχαίους
581 884 826 948 ἐκείνους
850 883 941 938 καὶ
958 879 1131 946 ὄντως
1150 879 1332 954 ίερους
1347 878 1559 981 ἄνδρας
1575 879 1902 954 ὑπόδειγμα.

231 991 271 1022 10
294 971 340 1022 4.
386 970 445 1023 ἐν
487 967 520 1039 ᾖ
563 990 624 1037 γε
665 964 777 1039 μὴν
817 964 1222 1038 προειρήκαμεν
1259 963 1394 1038 πρός
1423 963 1521 1022 τὸν
1553 973 1846 1038 Φλωρῑνον
1875 963 1904 1022 6

293 1057 593 1123 Εἰρηναῖος
628 1053 884 1123 ἐπιστολῇ
917 1041 1084 1117 αὖθις
1114 1055 1210 1121 τῆς
1241 1074 1351 1122 αμα
1382 1047 1736 1126 Πολυκαρπω
1767 1067 1907 1106 συν-

292 1141 485 1200 ουσίας
517 1132 687 1190 αὐτοῦ
718 1131 1052 1206 μνημονεύει
1083 1135 1307 1206 λέγων’
1312 1131 1505 1190 ταῦτα
1539 1157 1604 1189 τα
1640 1132 1905 1206 δόγματα,

284 1214 610 1290 “Φλωρῖνε,
653 1222 746 1274 ἵνα
776 1219 1155 1290 πεφεισμένως
1188 1226 1353 1289 εἴπω,
1397 1213 1502 1274 οὐκ
1532 1222 1682 1273 ε”στιν
1711 1213 1907 1289 ὑγιοῦς
1939 1287 1943 1290 ἢ

285 1297 568 1374 “γνω’μης·
610 1304 780 1358 ταῦτα
822 1300 886 1358 τὰ
930 1299 1174 1374 δόγματα
1214 1299 1526 1374 ἀσύμφωνα
1568 1304 1682 1358 ἐστι
1723 1304 1792 1375 τῇ
1821 1305 1906 1359 ε’κ-

234 1382 555 1460 15“κλησίᾳ,
610 1390 686 1451 εἰς
735 1382 836 1457 τὴν
887 1391 1152 1458 μεγίστην
1202 1382 1464 1457 ἀσέβειαν
1502 1383 1906 1460 περιβάλλοντα

283 1468 449 1537 “z-0259
492 1471 860 1542 πειθομένους
901 1466 1114 1536 αὐτοῖς·
1166 1472 1337 1527 ταῦτα
1376 1469 1443 1526 τὰ
1485 1467 1731 1543 δόγματα
1771 1465 1906 1529 οὐδὲ

285 1553 381 1611 “οί
422 1557 522 1622 ἔξω
568 1558 662 1626 τῆς
706 1557 996 1627 ἐκκλησίας
1037 1556 1301 1626 αἰρετικοὶ
1341 1552 1649 1627 ἐτόλμησαν
1688 1551 1904 1628 ἀποφή-

284 1637 539 1695 “νασθαί
564 1654 719 1695 ποτε·
760 1642 932 1695 ταῦτα
963 1637 1028 1695 τὰ
1061 1637 1304 1712 δόγματα
1335 1642 1393 1696 οἶ
1417 1635 1523 1712 πρὸ
1553 1636 1710 1711 ἡμῶν
1740 1658 1905 1711 πρεσ-

286 1718 546 1795 “βύτεροι
587 1727 644 1778 οἱ
680 1725 771 1779 καὶ
811 1737 924 1789 τοῖς
966 1721 1290 1789 ἀποστόλοις
1332 1720 1805 1796 συμφοιτήσαντες
1835 1719 1904 1780 ού

231 1804 662 1879 2υ“παρε’δωκάν
692 1824 798 1864 σοι.
859 1811 905 1864 ἶ).
953 1807 1106 1865 εἶδον
1135 1805 1240 1882 γάρ
1273 1828 1336 1864 σε
1367 1820 1497 1872 παῖς
1528 1813 1607 1864 ἔτι
1638 1802 1718 1864 ὧν
1750 1809 1810 1864 ἐν
1838 1810 1904 1882 τῇ

285 1886 471 1948 “κα’τω
495 1889 653 1966 Ἀσία
691 1889 839 1965 παρὰ
869 1890 1252 1968 Πολυκάρπω,
1295 1894 1557 1964 λαμπροῖς
1587 1889 1905 1965 πράσσοντα

285 1970 387 2031 “ε’ν
430 1980 496 2047 τῇ
543 1981 802 2050 βασιλικῇ
843 1972 1013 2050 αὐλῇ,
1067 1978 1159 2032 καὶ
1201 1974 1547 2049 πειρώμενον
1587 1973 1905 2049 εὐδοκιμεῖν

287 2055 456 2162 “παρ’
491 2057 656 2135 αὐτῷ.
717 2063 927 2132 μᾶλλον
955 2058 1060 2133 γαρ
1091 2057 1157 2116 τὰ
1186 2057 1312 2116 τότε
1346 2058 1769 2132 διαμνημονεύω
1792 2062 1906 2116 τῶν

305 2137 553 2214 ’ἔναγχος
583 2145 907 2216 γινομένων.
979 2148 1028 2200 6.
1071 2147 1130 2199 αι
1156 2167 1261 2216 γαρ
1295 2145 1353 2199 ἐκ
1382 2148 1602 2200 παίδων
1631 2141 1906 2217 μαθήσεις

232 2246 273 2280 25
289 2223 701 2293 “συναύξουσαι
741 2229 806 2301 τῇ
845 2230 998 2300 ψυχῇ
1036 2229 1292 2284 ἑνοῦνται
1323 2250 1464 2300 αντη
1478 2271 1494 2299 ,
1538 2225 1678 2284 ὥστε
1709 2252 1777 2300 με
1811 2226 1903 2285 δύ-

290 2305 536 2367 “νασθαι
569 2316 747 2367 εἰπεῖν
778 2313 868 2367 καὶ
899 2310 995 2368 τὸν
1026 2309 1196 2368 τόπον
1230 2313 1290 2367 ἐν
1322 2312 1364 2388 ςὸ
1399 2309 1763 2385 καθεζόμενος
1795 2317 1903 2370 διε·-

287 2390 513 2465 Ἣλεγετο
553 2393 582 2450 ὁ
624 2419 887 2469 μακαριος
919 2394 1317 2468 Πολύκαρπος,
1364 2397 1456 2452 καὶ
1496 2419 1591 2462 τας
1630 2394 1904 2470 προόδους

329 2475 500 2535 αὐτοῦ
529 2480 620 2535 καὶ
642 2477 737 2546 τὰς
762 2478 1031 2551 εἰσόδους,
1064 2482 1154 2536 καὶ
1179 2478 1274 2537 τὸν
1296 2483 1612 2554 χαρακτῆρα
1634 2483 1731 2538 τοῦ
1754 2485 1903 2552 βίου,

288 2561 418 2619 “nal
457 2560 559 2634 τὴν
599 2569 697 2620 τοῦ
738 2562 986 2637 σώματος
1029 2566 1213 2637 ἰδέαν,
1265 2567 1358 2621 καὶ
1399 2564 1493 2632 τὰς
1535 2566 1799 2632 διαλέξεις
1839 2559 1904 2630 ἃς

233 2644 560 2704 30“ε’ποιεῐτο
611 2647 746 2722 πρὸς
795 2648 853 2705 τὸ
900 2652 1142 2722 πλῆθος,
1196 2652 1287 2706 καὶ
1327 2648 1430 2721 τὴν
1470 2647 1604 2722 μετὰ
1642 2645 1904 2706 Ἰωάννου

287 2473 318 2497 ‘C

411 2843 462 2880 12
494 2842 612 2881 Iren.
645 2841 805 2895 fragm.
836 2855 879 2894 p.
913 2844 994 2884 339
1025 2843 1165 2883 Mass.
