1986 3152
262 102 367 152 220
929 98 1177 139 EUSEBII

256 213 428 272 “σθαι
469 220 543 292 τῷ
585 213 677 271 διά
717 216 1019 271 Μοντανοῦ
1071 213 1161 268 καὶ
1201 216 1314 268 τῶν
1359 215 1644 283 γυναικῶν
1695 209 1865 270 πνεύ-

255 296 430 371 “ματι.
494 301 584 356 καὶ
624 297 707 354 ὅτι
749 300 909 353 τοῦτο
947 293 1154 366 ἀληθὲς
1195 297 1286 351 καὶ
1321 297 1408 352 ε’πὶ
1439 302 1551 353 τῶν
1581 295 1861 368 ἡμετέρων

253 381 507 455 “χρόνων
549 386 607 438 ἐν
653 378 919 455 Ἀπαμείᾳ
960 384 1026 452 τῇ
1068 378 1203 451 πρὸς
1245 377 1559 456 Μαιάνδρῳ
1600 379 1863 454 τυγχάνει

253 465 660 537 “γεγενημε’νον
714 468 773 521 ἐν
824 477 937 530 τοῖς
986 465 1113 536 περὶ
1157 461 1330 520 Γάϊον
1369 465 1461 519 καὶ
1500 462 1865 539 Ἀλέξανδρον

257 547 323 569 ‘t’

219 574 240 606 5
296 549 404 607 από
437 546 744 622 Εὐμενείας
775 546 1159 621 μαρτυρήσασι
1191 544 1523 620 πρόδηλον.”

386 645 527 695 XVII.
573 643 703 709 [Nic.
732 645 789 692 H.
819 644 874 692 Ε.
903 639 1118 707 1v,24.]
1181 629 1273 689 ’Ev
1308 629 1484 706 τούτῳ
1522 632 1582 688 δὲ
1618 635 1691 707 τῷ
1731 649 1862 703 συγ-

258 716 534 791 γράμματι
574 720 666 774 καὶ
706 714 1023 774 Μιλτιάδου
1054 717 1418 788 συγγραφέως
1449 719 1746 788 μέμνηται,
1789 711 1867 781 ὣς

259 801 426 874 λόγον
464 800 588 858 τινὰ
629 803 722 857 καὶ
763 799 935 857 αὐτοῦ
979 798 1116 856 κατὰ
1154 804 1251 871 τῆς
1281 801 1679 873 προειρημένης
1713 801 1865 873 αἰρέ-

261 907 400 953 σεως
440 884 795 958 γεγραφότος.
858 886 1243 956 παραθέμενος
1284 887 1424 955 γοῦν
1463 881 1652 941 αὐτῶν
1692 886 1866 952 λέξεις

197 993 237 1024 ιο
259 970 411 1037 τινας
444 971 690 1041 ἐπιφέρει
722 971 899 1040 λέγων
922 964 1132 1024 ε(ταῦτα
1154 966 1332 1041 εὑρών
1365 974 1425 1025 ἔν
1447 992 1555 1024 τινι
1578 966 1863 1041 συγγράμ-

251 1049 415 1156 Σῖματι
457 1050 642 1110 αὐτῶν
685 1055 1056 1124 ἐνισταμένων
1096 1075 1171 1108 τω
1214 1050 1531 1109 Μιλτιάδου
1571 1054 1671 1108 τοῦ
1703 1049 1861 1108 άδελ-

251 1132 401 1209 “φοῦ
441 1135 856 1209 συγγράμματι,
900 1139 959 1192 ἐν
996 1160 1038 1192 ω
1081 1132 1444 1192 ἀποδείκνυσι
1485 1138 1611 1207 περὶ
1652 1139 1752 1193 τοῦ
1789 1135 1865 1208 μὴ

250 1219 411 1278 “δεῖν
463 1219 754 1292 προφήτην
807 1223 867 1276 ἐν
920 1218 1166 1276 ἐκστάσει
1213 1228 1429 1292 λαλειν,
1480 1217 1847 1292 ἐπετεμόμηνῖ

258 1309 306 1361 2.
354 1302 710 1376 ὑποκαταβας
756 1304 816 1360 δε
863 1306 923 1360 ἐν
968 1299 1118 1380 αυτῷ
1165 1302 1292 1370 τούς
1339 1327 1476 1360 κατα
1521 1301 1623 1375 τήν
1667 1302 1870 1376 καινὴν

195 1410 236 1442 15
263 1388 545 1460 διαθήκην
575 1386 1094 1460 προπεφητευκότας
1137 1390 1452 1460 καταλέγει,
1497 1391 1557 1445 ἐν
1587 1384 1669 1455 οἷς
1702 1412 1864 1446 κατα-

260 1483 454 1545 ριθμεῖ
497 1469 728 1545 Ἀμμίαν
779 1470 902 1529 τινὰ
955 1474 1047 1528 καὶ
1099 1477 1416 1545 Κοδρατον,
1470 1475 1647 1544 λέγων
1690 1471 1868 1540 οὕτως

252 1555 412 1613 “οἰλλ’
450 1554 479 1612 ό
509 1579 572 1628 γε
604 1555 1070 1657 ψευδοπροφήτης
1104 1560 1162 1613 ἐν
1187 1554 1574 1662 παρεκστάσει,
1607 1548 1653 1633 ᾦ
1675 1563 1863 1614 ἕπεται

250 1638 449 1697 “άδεια
480 1642 571 1697 καὶ
603 1638 839 1713 άφοβιᾞα
877 1637 1180 1713 ἀρχόμενος
1222 1665 1325 1714 μεν
1357 1643 1411 1708 ἐξ
1442 1643 1700 1699 ἕκουσιου
1730 1638 1866 1714 ἆμα-

250 1723 447 1795 “θίας,
493 1727 888 1797 καταστρέφων
922 1725 980 1780 δὲ
1015 1731 1091 1790 εἰς
1123 1723 1388 1782 ἀκούσιον
1425 1730 1633 1798 μανίαν
1663 1726 1863 1798 ψυχῆς,

196 1806 365 1873 2ο“ὦς
397 1815 731 1882 προείρηται
794 1813 840 1865 3.
888 1814 1085 1865 τοῦτον
1119 1810 1180 1865 δὲ
1210 1808 1307 1866 τὸν
1347 1807 1554 1883 τρόπον
1585 1808 1714 1866 οὔτε
1742 1809 1866 1866 τινα

252 1890 403 1948 “τῶν
435 1917 570 1948 κατα
610 1891 712 1964 τὴν
743 1891 1013 1963 παλαιὰν,
1056 1890 1182 1950 οὕτε
1211 1899 1324 1950 τῶν
1354 1892 1491 1950 κατα
1531 1892 1633 1966 τὴν
1664 1894 1865 1965 καινὴν

254 1974 897 2048 “πνε-υματοφορηθέντα
947 1976 1239 2049 προφήτην
1292 1982 1466 2044 δεῖξαι
1509 1977 1863 2050 δυνήσονται,

251 2054 458 2115 “οῧτε’
458 2059 722 2132 Ἀγαβον,
766 2058 892 2117 οὔτε
923 2058 1168 2132 Ἰούδαν,
1209 2059 1335 2117 οὔτε
1368 2069 1568 2131 Σίλαν,
1611 2062 1741 2118 οὔτε
1770 2086 1865 2127 τας

251 2141 573 2200 “Φιλιππου
596 2146 928 2216 θυγατέρας,
961 2143 1088 2200 οὔτε
1117 2143 1219 2216 τὴν
1251 2148 1310 2201 ἐν
1337 2150 1717 2220 Φιλαδελφεία
1740 2144 1862 2218 ’·Αμ

192 2225 441 2298 25“μίαν,
474 2224 600 2283 οὔτε
632 2232 939 2298 Κοδρᾶτον,
996 2225 1122 2284 οἷῗτε
1152 2252 1214 2300 γε
1246 2227 1316 2299 δή
1345 2253 1496 2294 τινας
1527 2227 1728 2296 ἄλλους
1758 2254 1863 2302 μη-

250 2308 387 2367 “δὲν
418 2307 604 2376 αὐτοῖς
651 2309 1029 2382 προσήκοντας
1071 2310 1491 2385 καυχήσονται.”
1552 2318 1599 2370 4.
1635 2316 1727 2370 καὶ
1760 2307 1862 2371 αὖ-

255 2404 348 2459 θις
402 2395 464 2450 δὲ
515 2394 648 2467 μετὰ
702 2398 905 2467 βραχέα
965 2394 1136 2452 ταῦτά
1198 2417 1371 2469 φησιν
1433 2397 1520 2454 “sl
1570 2398 1674 2471 γὰρ
1725 2398 1861 2471 μετὰ

246 2476 575 2549 “Κοδρᾶτον
605 2480 696 2534 καὶ
727 2477 827 2551 τὴν
861 2483 920 2535 ἐν
953 2485 1330 2556 Φιλαδελφειά
1355 2479 1607 2555 Ἀμμίαν,
1649 2481 1720 2549 ὥς
1750 2507 1861 2555 φα-

246 2559 397 2633 “σιν,
429 2567 491 2618 αἱ
517 2565 641 2633 περὶ
675 2563 974 2620 Μοντανὸν
1006 2568 1319 2632 διεδεξαντο
1349 2580 1610 2638 γυναῖκες
1639 2566 1698 2623 τὸ
1729 2590 1859 2641 προ-

190 2668 232 2699 30
249 2642 520 2718 “φητικὸν
549 2644 815 2719 χάρισμα,
858 2648 985 2720 τοὺς
1016 2646 1122 2705 ἀπὸ
1162 2654 1459 2707 Μοντανού
1498 2653 1589 2707 καὶ
1620 2654 1731 2708 τῶν
1761 2675 1857 2723 γυ·-
1925 2717 1940 2721 ἱ

247 2728 496 2787 “ναικῶν
537 2738 684 2796 τίνες
724 2728 856 2803 παρ’
899 2730 1087 2799 αὐτοῖς
1133 2737 1446 2801 διεδέξαντο
1488 2733 1855 2803 δειξάτωσαν·

245 2810 404 2871 τεδεῖν
444 2813 548 2888 γὰρ
579 2815 721 2871 εἶναι
752 2814 810 2871 τὸ
842 2817 1185 2890 προφητικὸν
1228 2817 1467 2893 χάρισμα
1510 2824 1569 2877 ἐν
1611 2818 1759 2893 πάσῃ
1789 2824 1856 2892 τῇ
