1986 3152
332 84 434 137 154
1014 85 1263 127 EUSEBH

321 201 454 257 “καὶ
486 199 687 268 πάσαις
717 215 837 270 ταῖς
867 201 1004 259 κατὰ
1035 199 1214 259 πάντα
1245 199 1416 259 τόπον
1445 205 1541 275 τῆς
1573 198 1733 274 ἀγίας
1765 213 1940 261 καθο-

320 281 511 356 “λικῆς
537 288 824 358 ἐκκλησίας
861 291 1172 360 παροικίαις
1203 292 1383 358 ἔλεος,
1423 286 1614 359 εἰρήνη
1639 289 1731 344 καὶ
1753 284 1937 360 ἀγάπη

319 364 498 426 “θεοῦ
529 370 732 443 πατρὸς
764 374 855 428 καὶ
896 377 1095 445 κυρίου
1134 368 1293 443 ἡμῶν
1318 366 1496 443 Ἰησοῦ
1526 374 1768 443 Χριστοῦ
1805 379 1940 444 πλη·
1985 439 1986 449 ¹

323 449 621 526 “&vvfish'n.
687 453 1004 528 ἐγράψαμεν
1032 453 1200 527 ὑμῖν,
1242 453 1505 527 ἀδελφοὶ,
1548 453 1614 511 τὰ
1645 453 1782 512 κατά
1811 454 1940 522 τοὺς

280 563 302 593 5
322 533 819 612 “μαρτυρήσαντας
843 541 934 596 καὶ
958 538 1058 597 τὸν
1080 537 1353 611 μακάριον
1378 537 1769 613 Πολύκαρπον,
1794 538 1940 605 ὅστις

318 619 545 696 “ὠ’σπερ
589 625 989 697 ἐπισφραγίσας
1034 622 1125 680 διὰ
1164 626 1260 694 τῆς
1299 630 1604 696 μαρτυρίας
1636 621 1810 680 αὐτοῦ
1841 646 1959 680 κα--

319 702 596 763 “τε’παυσε
619 706 716 765 τὸν
743 704 1034 781 διωγμόν.”
1089 712 1138 763 4.
1171 705 1381 773 τούτοις
1406 711 1526 781 ἑξῆς
1550 706 1654 779 πρὸ
1678 713 1774 779 τῆς
1797 705 1939 780 ἀμφὶ

326 794 424 848 τοῦ
440 790 820 865 Πολυκάρπου
846 792 1154 866 διηγήσεως
1174 791 1240 848 τά
1265 793 1402 848 κατὰ
1424 790 1551 858 τούς
1576 791 1800 858 λοιποὺς
1823 788 1940 849 ἀνι-

327 879 584 948 στοροῦσι
614 876 915 950 μάρτυρας,
947 882 1064 944 οἵας
1098 875 1378 942 ἐνστάσεις
1409 875 1545 950 πρὸς
1575 875 1669 942 τὰς
1700 874 1940 948 ἀλγηδό-

264 983 305 1014 10
328 984 427 1024 νας
453 963 818 1034 ἐνεδείξαντο,
847 960 1262 1034 διαγράφοντες.
1315 964 1652 1033 καταπλῆξαι
1675 959 1781 1033 γάρ
1804 979 1941 1033 φασι

326 1043 453 1120 τοὺς
486 1047 546 1100 ἐν
575 1043 761 1121 κύκλῳ
794 1049 1161 1118 περιεστῶτας
1202 1047 1293 1102 καὶ
1337 1048 1660 1117 θεωμένους
1689 1045 1808 1102 τοτὲ
1839 1045 1942 1117 μὲν

325 1126 542 1199 μάστιξι
581 1131 739 1201 μέχρι
781 1131 872 1186 καὶ
916 1135 1029 1186 τῶν
1071 1128 1343 1187 ἐνδοτάτω
1386 1133 1613 1202 φλεβῶν
1653 1131 1746 1186 καὶ
1776 1126 1940 1202 ἀρτη-

326 1215 463 1280 ριῶν
487 1214 1003 1286 καταξαινομένους,
1032 1212 1104 1280 ὡς
1128 1211 1237 1284 ἤδη
1262 1216 1353 1270 καὶ
1377 1212 1443 1270 τὰ
1470 1217 1529 1270 ἐν
1554 1226 1747 1286 μυχοῖς
1771 1210 1941 1286 ἀπόρ-

326 1320 463 1368 ρητα
487 1299 587 1352 τοῦ
610 1296 859 1370 σώματος
884 1296 1172 1371 σπλάγχνα
1195 1321 1254 1353 τε
1286 1294 1472 1354 αὐτῶν
1503 1299 1593 1354 καὶ
1625 1298 1762 1369 μέλη
1786 1319 1942 1354 κατο-

262 1400 303 1433 15
327 1379 658 1453 πτεύεσθαι,
698 1382 820 1439 τοτὲ
862 1382 924 1438 δὲ
965 1382 1093 1448 τοὺς
1123 1380 1230 1438 ἀπὸ
1261 1380 1540 1454 θαλάττης
1571 1379 1816 1455 κήρυκας
1847 1387 1944 1438 καί

323 1488 477 1532 τινας
518 1464 660 1532 ὀξεῖς
700 1463 1026 1538 ὀβελίσκους
1068 1465 1670 1539 ὑποστρωννυμένους,
1713 1467 1806 1522 καὶ
1848 1463 1940 1523 διά

323 1547 527 1616 παντὸς
560 1555 744 1618 εἴδους
776 1550 1060 1608 κολάσεων
1090 1553 1183 1608 καὶ
1207 1549 1473 1624 βασάνων
1496 1549 1812 1624 προϊόντας,
1845 1551 1938 1606 καὶ

322 1637 476 1700 τέλος
505 1636 714 1707 θηρσὶν
746 1641 822 1702 εἰς
854 1636 1031 1707 βοράν
1061 1639 1554 1708 παραδιδομένους.
1617 1638 1665 1691 5.
1698 1632 1939 1707 μάλιστα

327 1718 388 1774 δὲ
421 1723 739 1791 ἱστοροῦσιν
772 1721 1072 1793 διαπρέψαι
1102 1717 1201 1777 τὸν
1241 1718 1633 1792 γενναιότατον
1663 1726 1941 1791 Γερμανι-

259 1823 302 1855 20
326 1801 455 1874 κὸν,
506 1798 950 1877 ὑπορρωννύντα
1002 1802 1109 1862 σὺν
1158 1810 1290 1879 θείᾳ
1333 1803 1509 1877 χάριτι
1550 1803 1652 1875 τὴν
1693 1809 1940 1875 ἔμφυτον

324 1889 451 1960 περὶ
481 1885 577 1944 τὸν
607 1887 859 1946 θάνατον
889 1894 986 1946 τοῦ
1018 1887 1266 1962 σώματος
1301 1895 1529 1945 δειλίαν.
1594 1888 1940 1959 βουλομένου

324 1973 391 2041 γε’
416 1995 500 2028 τοι
540 1978 639 2029 τοῦ
681 1969 1014 2030 ἀνθυπάτου
1055 1979 1279 2031 πείθειν
1318 1971 1517 2043 αὐτὸν,
1562 1972 1939 2046 προβαλλομέ-

324 2077 427 2110 νου
466 2079 524 2111 τε
565 2054 667 2127 τὴν
706 2055 928 2129 ἡλικίαν
967 2059 1059 2115 καὶ
1102 2056 1529 2129 ἀντιβολοῦντος
1571 2061 1770 2129 κομιδῆ
1810 2057 1940 2112 νέον

324 2135 460 2195 ὄντα
492 2141 586 2195 καὶ
617 2139 858 2212 ἀκμαῖον
896 2140 1085 2198 οἶκτον
1128 2144 1330 2198 ἑαυτοῦ
1364 2147 1590 2212 λαβεῖν,
1633 2140 1707 2212 μὴ
1740 2141 1938 2212 μελλῆ-

257 2242 303 2274 25
326 2240 445 2294 σαι,
486 2222 790 2296 προθύμως
832 2225 892 2281 δὲ
936 2223 1354 2282 ἐπισπάσασθαι
1394 2230 1471 2290 εἰς
1513 2221 1715 2281 ἑαυτὸν
1743 2220 1804 2280 τὸ
1834 2233 1937 2295 θη-

324 2313 475 2378 ρίον,
507 2309 805 2381 μονονουχὶ
836 2309 1174 2381 βιασάμενον
1204 2310 1295 2366 καὶ
1328 2307 1732 2382 παροξύναντα,
1765 2303 1838 2374 ὡς
1867 2303 1939 2365 ἂν

323 2389 512 2464 τάχιον
541 2397 638 2448 τοῦ
671 2389 870 2450 ἀδίκου
913 2395 1005 2449 καὶ
1047 2391 1257 2466 ἀνόμου
1298 2399 1426 2465 βίου
1468 2391 1655 2451 αὐτῶν
1683 2392 1935 2449 ἀπαλλα-

323 2482 461 2547 γείη.
518 2480 565 2533 6.
600 2475 799 2534 τούτου
826 2477 889 2533 δὲ
921 2479 1009 2534 ἐπὶ
1040 2483 1115 2553 τῷ
1151 2483 1447 2551 διαπρεπεῖ
1473 2475 1702 2553 θανάτῳ
1733 2475 1794 2533 τὸ
1824 2479 1936 2535 πᾶν

326 2561 541 2630 πλῆθος
572 2559 986 2634 ἀποθαυμάσαν
1015 2566 1111 2634 τῆς
1135 2559 1397 2635 ἀνδρείας
1420 2561 1517 2620 τὸν
1539 2563 1781 2634 θεοφιλῆ
1801 2559 1936 2634 μάρ-

259 2661 302 2693 30
323 2667 464 2715 τυρα
495 2646 588 2701 καὶ
628 2644 730 2717 τὴν
770 2644 1021 2703 καθόλου
1065 2651 1164 2703 τοῦ
1207 2648 1402 2719 γένους
1441 2649 1555 2704 τῶν
1585 2646 1937 2715 Χριστιανῶν

325 2725 546 2800 ἀρετὴν,
573 2724 793 2802 ἀθρόως
821 2733 1054 2803 ἐπιβοᾶν
1077 2729 1352 2802 ἄρξασθαι
1369 2726 1529 2802 “αἷρε
1550 2728 1678 2796 τοὺς
1702 2727 1907 2795 ἀθέους
1922 2743 1933 2752 “

317 2809 621 2884 “ζητείσθω
654 2812 1069 2889 Πολύκαρπος.”
1109 2820 1154 2873 7.
1189 2817 1281 2872 καὶ
1307 2812 1374 2887 δὴ
1409 2821 1666 2886 πλείστης
1699 2815 1789 2869 ἐπὶ
1817 2825 1936 2878 ταῖς
