1986 3152
595 106 749 148 HIST.
779 105 1030 148 ECCLES.
1064 107 1163 148 vn.
1194 109 1262 147 32.
1632 103 1734 156 347

125 229 308 280 ἔτεσιν
351 220 485 278 ἑπτα
527 221 952 294 κατενοήσαμεν.
1024 226 1107 278 29.
1165 225 1261 294 τῆς
1299 220 1353 278 δ’
1400 225 1460 278 ἐν
1495 221 1735 296 Ἱεροσο-

129 307 318 379 λύμοις
351 307 642 377 ἐκκλησίας
672 306 808 378 μετὰ
837 305 935 362 τὸν
961 312 1171 382 σμικρῷ
1204 306 1460 380 πρόσθεν
1484 311 1734 378 δεδηλω-

121 391 298 464 μένον
339 393 645 447 ἐπίσκοπον
676 388 972 462 Ὑμέναιον
1015 391 1278 462 Ζάμβδας
1329 389 1431 462 τὴν
1482 398 1733 463 λειτουρ-

126 481 258 547 γίαν
329 474 765 548 παραλαμβάνει.
862 472 980 547 μετ’
1056 473 1124 531 οῦ
1197 475 1341 531 πολύ
1413 474 1475 530 δὲ
1532 475 1734 531 τούτου

123 560 524 631 κεκοιμημένον
553 558 777 631 “Ἐρμων
822 558 1059 624 ὕστατος
1100 564 1216 615 τῶν
1256 561 1415 633 μέχρι
1451 564 1554 615 τοῦ
1592 558 1730 615 καθ’
1758 582 1777 611 5

125 642 270 715 ἡμᾶς
312 647 560 714 διωγμοῦ
603 642 704 699 τὸν
746 644 909 699 εἰσέτι
949 648 1060 699 νῦν
1094 646 1269 699 ἐκεῖσε
1299 644 1736 715 πεφυλαγμένον

126 725 497 783 ἀποστολικὸν
536 728 846 798 διαδέχεται
886 726 1119 799 θρόνον.
1192 730 1275 781 30.
1333 728 1427 783 καὶ
1460 726 1545 782 ἐπ’
1575 726 1734 784 Ἀλε-

125 814 420 884 ξανδρείας
463 811 525 866 δὲ
557 811 817 882 Μάξιμον
858 808 1238 866 ὀκτωκαίδεκα
1279 816 1424 867 ἔτεσι
1465 810 1600 882 μετὰ
1630 810 1735 882 τὴν

124 899 436 953 Διονυσίου
468 892 732 965 τελευτὴν
769 894 1251 950 ἐπισκοπεύσαντα
1285 898 1510 959 Θεωνᾶς
1543 895 1735 949 διαδέ-

49 1023 52 1026 .
123 994 297 1051 χεται·
368 976 504 1035 καθ’
550 975 618 1033 ὃν
661 978 748 1033 ἐπὶ
790 985 887 1051 τῆς
922 976 1336 1051 Ἀλεξανδρείας
1388 979 1475 1034 ἐπὶ
1527 977 1735 1035 ταυτὸν
1760 1001 1799 1031 10

122 1067 203 1138 τῷ
234 1068 444 1139 Πιερίςο
487 1068 894 1135 πρεσβυτερίου
935 1060 1238 1134 ἠξιωμένος
1266 1060 1516 1134 Ἀχιλλᾶς
1560 1065 1736 1134 ἐγνω-

127 1152 330 1220 ρίζετο,
371 1152 470 1218 τῆς
519 1151 671 1220 ίερᾶς
703 1153 938 1212 πίστεως
969 1146 1030 1202 τὸ
1063 1151 1458 1202 διδασκαλεῖον
1492 1149 1736 1218 ἐγκεχει-

128 1232 412 1303 ρισμένος,
467 1229 701 1295 οὐδενὸς
754 1225 919 1302 ῆττον
976 1231 1360 1287 σπανιώτατον
1401 1236 1736 1302 φιλοσοφίας

125 1320 292 1388 ἔργον
343 1316 438 1369 καὶ
490 1321 764 1380 πολιτείας
817 1313 1179 1387 εῦαγγελικῆς
1242 1314 1453 1387 τρόπον
1505 1315 1737 1386 γνήσιον

125 1400 583 1471 ἐπιδεδειγμένος.
656 1403 739 1454 31.
799 1397 933 1471 μετα
979 1399 1040 1455 δὲ
1074 1404 1308 1456 Θεωνᾶν
1342 1401 1736 1455 ἐννεακαίδεκα
1759 1418 1801 1450 15

62 1537 75 1551 ,
127 1489 308 1540 ἔτεσιν
351 1483 903 1555 ἐξυπηρετησάμενον
947 1485 1253 1555 διαδέχεται
1294 1482 1397 1555 τῆν
1429 1482 1737 1555 ἐπισκοπὴν

125 1571 241 1624 τῶν
274 1565 366 1623 ἐπ’
395 1565 815 1640 Ἀλεξανδρείας
847 1569 1093 1638 Πέτρος,
1122 1570 1198 1623 -ἐν
1228 1581 1344 1633 τοῖς
1375 1567 1613 1640 μάλιστα
1643 1568 1737 1623 καὶ

127 1647 299 1717 αῦτὸς
331 1654 641 1725 διαπρέψας
668 1650 755 1724 ἐφ’
784 1651 931 1718 ὅλοις
964 1657 1300 1708 δυοκαίδεκα
1332 1654 1623 1722 ἐνιαυτοῖς,
1658 1645 1738 1708 ὦν

126 1733 233 1809 πρὸ
287 1741 389 1792 τοῦ
432 1741 682 1809 διωγμοῦ
730 1738 912 1809 τρισὶν
951 1734 1078 1792 οὐδ’
1125 1736 1272 1802 ὅλοις
1314 1742 1491 1792 ἔτεσιν
1521 1733 1735 1807 ἡγησά-

126 1842 293 1894 μενος
334 1825 431 1892 τῆς
476 1823 799 1892 ἐκκλησίας,
853 1820 955 1877 τὸν
996 1820 1195 1876 λοιπὸν
1237 1826 1339 1877 τοῦ
1369 1826 1498 1891 βίου
1530 1821 1735 1892 χρόνον
1759 1838 1800 1870 20

130 1902 476 1978 εῦτονωτέρα
515 1910 584 1978 τῇ
632 1905 971 1977 συνασκήσει
1014 1905 1213 1961 ἑαυτόν
1255 1927 1313 1960 τε
1342 1898 1474 1976 ῆγε,
1518 1906 1610 1959 καὶ
1639 1906 1737 1975 τῆς

125 1993 313 2060 κοινῆς
324 1994 439 2045 τῶν
454 1992 760 2061 ἐκκλησιῶν
776 1987 1045 2061 ὠφελείας
1063 1986 1168 2045 οὐκ
1182 1988 1414 2061 ἀφανῶς
1428 1990 1735 2060 ἐπεμέλετο.

129 2072 305 2146 ταύτῃ
338 2071 391 2128 δ’
427 2067 535 2129 οῦν
569 2074 746 2149 ἐνάτῳ
790 2079 897 2129 ἔτει
926 2078 1028 2130 τοῦ
1060 2078 1309 2145 διωγμοῦ
1349 2071 1455 2144 τῆν
1485 2071 1737 2144 κεφαλὴν

129 2156 474 2229 ἀποτμηθεὶς
499 2162 576 2232 τῷ
590 2162 693 2213 τοῦ
708 2164 1021 2231 μαρτυρίου
1046 2157 1435 2230 κατεκοσμήθη
1460 2156 1735 2232 στεφάνῳ.

254 2244 339 2297 32.
383 2237 471 2298 Ἐν
510 2241 724 2308 τούτοις
753 2241 857 2314 τὴν
886 2247 999 2298 τῶν
1030 2244 1307 2314 διαδοχῶν
1350 2241 1736 2315 περιγράψαν-
1761 2257 1802 2289 25

124 2348 214 2390 τες
245 2322 552 2396 ὑπόθεσιν,
595 2321 706 2381 ἆπὸ
738 2331 836 2397 τῆς
867 2330 969 2383 τοῦ
1003 2331 1249 2398 σωτῆρος
1279 2324 1439 2398 ἡμῶν
1469 2327 1737 2397 γενέσεως

129 2409 218 2465 ἐπὶ
269 2407 372 2480 τὴν
423 2413 541 2464 τῶν
599 2416 1057 2482 προσευκτηρίων
1114 2418 1445 2484 καθαίρεσιν
1505 2415 1583 2475 εἰς
1644 2415 1736 2481 ἔτη

126 2499 539 2549 συντείνουσαν
581 2494 746 2549 πέντε
776 2494 870 2549 καὶ
910 2494 1228 2566 τριακόσια,
1273 2497 1409 2567 φέρε
1452 2496 1572 2565 ἑξῆς
1603 2493 1736 2559 τούς

54 2626 57 2630 .
127 2574 260 2633 καθ’
295 2576 436 2649 ἡμᾶς
467 2582 580 2633 τῶν
612 2575 760 2650 ὑπὲρ
793 2575 1081 2649 εὐσεβείας
1122 2576 1549 2652 ἆνδρισαμένων
1581 2576 1735 2648 ἀγῶ-

127 2685 258 2732 νας,
311 2661 435 2718 ὅσοι
474 2683 533 2718 τε
572 2663 667 2717 καὶ
709 2668 932 2733 πηλίκοι
973 2662 1266 2734 γεγόνασι,
1318 2663 1409 2719 καὶ
1454 2675 1569 2727 τοῖς
1600 2659 1729 2733 μεθ’
1755 2675 1798 2707 30

127 2743 272 2818 ἡμᾶς
304 2747 512 2802 εἰδέναι
544 2745 634 2802 διὰ
669 2751 888 2820 γραφῆς
919 2753 1356 2820 καταλείψωμεν.
