2032 3174
827 117 953 159 CAP.
984 120 1024 159 2.
1574 117 1732 159 XLIII

116 228 288 296 „Vidi
315 228 483 295 enim,
526 228 729 298 inquit,
764 229 944 280 Deum
971 228 1114 280 facie
1141 228 1211 280 ad
1237 227 1433 281 faciem
1461 237 1515 281 et
1542 238 1730 299 erepta

117 315 182 384 (S.
211 311 447 382 salvata)
487 321 570 365 est
607 312 788 364 anima
824 329 959 364 mea.
1037 315 1069 378 ἓ
1112 313 1194 365 10.
1257 312 1382 366 Non
1422 313 1564 364 enim
1602 312 1730 366 licet

111 398 268 451 nobis
298 396 590 469 suspicari,
628 396 868 449 visiones
895 395 1028 461 Dei,
1068 415 1206 467 quae
1240 397 1297 449 in
1324 397 1596 467 scriptura
1621 407 1729 449 tra-

113 482 262 535 ditae
307 489 458 547 sunt,
517 481 688 533 fuisse
743 481 984 533 visiones
1040 480 1360 534 inferiorum
1409 480 1729 550 angelorum

111 567 294 619 Deum
319 565 758 618 ministrantium.
825 563 1054 630 Quoties
1085 565 1228 617 enim
1254 564 1560 618 hominibus
1587 583 1726 617 unus

112 669 183 703 ex
219 649 327 702 illis
368 649 641 720 apparuit,
685 650 798 700 eius
837 667 1034 702 nomen
1070 650 1341 719 scriptura
1369 649 1590 702 minime
1618 648 1725 701 dis-

112 733 359 799 simulat,
407 750 703 803 numquam
740 733 884 784 enim
931 733 1249 800 „Dominus
1265 736 1299 763 “
1347 733 1437 786 vel
1475 734 1676 800 „Deus
1694 734 1728 763 (ί

111 817 483 889 appellantur,
524 815 621 868 sed
656 816 853 886 angeli.
928 817 1050 870 Hoc
1086 817 1229 869 enim
1254 816 1439 870 multis
1466 816 1728 887 exemplis

110 920 366 973 expresse
414 900 727 953 hominibus
775 901 1152 954 demonstrare
1188 920 1497 971 possumus
1581 901 1728 953 Eun-

110 987 235 1040 dem
289 1003 505 1056 quoque
560 985 760 1052 Josua,
825 987 917 1056 qui
977 985 1191 1056 excepit
1247 986 1482 1053 Mosem,
1538 994 1726 1056 utpote

109 1078 374 1124 rectorem
421 1068 738 1139 angelorum
789 1078 843 1122 et
888 1069 1207 1123 coelestium
1265 1078 1320 1123 et
1376 1069 1726 1139 archangelo-

108 1174 229 1208 rum
268 1164 322 1208 et
361 1155 700 1207 exercituum
739 1152 1117 1223 gloriosorum,
1159 1154 1353 1207 ducem
1388 1155 1726 1207 exercituum

110 1248 166 1293 et
190 1239 487 1293 Dominum
514 1236 784 1308 appellat,
813 1238 1064 1308 quamvis
1101 1240 1449 1309 conspexerit
1475 1257 1596 1291 eum
1624 1240 1724 1291 sub

112 1324 294 1394 specie
330 1322 577 1374 hominiS.
655 1325 687 1388 ξ
731 1321 813 1373 12.
883 1321 1161 1392 Scriptum
1198 1324 1342 1376 enim
1380 1332 1464 1376 est
1502 1323 1644 1391 (JOS.
1671 1323 1721 1389 5,

43 1399 50 1403 ’
114 1405 422 1474 13-15.);
483 1405 715 1472 „Quum
753 1405 926 1458 Josua
963 1413 1107 1458 esset
1142 1409 1200 1458 in
1241 1406 1442 1476 (urbe)
1484 1407 1722 1473 JerichO,

112 1489 333 1543 sustulit
380 1488 564 1543 oculos
614 1497 667 1541 et
714 1489 999 1560 conspexit
1042 1491 1222 1542 virum
1260 1508 1445 1544 coram
1484 1509 1542 1543 se
1580 1499 1726 1543 stan-

109 1584 247 1641 tem,
304 1573 550 1644 gladium
596 1574 945 1643 evaginatum
992 1593 1159 1626 manu
1204 1583 1494 1628 tenentem.
1576 1575 1725 1628 Huic>

109 1658 567 1729 appropinquavit
604 1656 778 1709 Josua
830 1659 985 1729 eique
1043 1658 1220 1710 dixit:
1285 1659 1492 1726 „Tune
1538 1666 1724 1712 noster

111 1761 198 1810 eS,
238 1761 307 1795 an
347 1759 416 1794 ex
452 1760 677 1795 numero
717 1741 1200 1794 adversariorum?
1261 1742 1568 1813 Respondit
1603 1742 1719 1796 ille:

111 1827 278 1895 „Ego
328 1825 443 1878 dux
489 1827 826 1879 exercituum
873 1826 1099 1879 Domini
1145 1835 1198 1878 et
1245 1845 1386 1879 nunc
1433 1827 1573 1879 veni.
1648 1827 1723 1880 Et

103 1910 282 1970 ,Josua
306 1909 503 1962 cecidit
526 1928 728 1980 pronus
755 1910 812 1960 in
838 1919 1064 1978 terram,
1106 1911 1353 1982 dixitque
1379 1910 1484 1963 illi:
1526 1950 1557 1978 „
1574 1910 1724 1977 Quid

109 1993 337 2046 mandas
366 2012 523 2047 servo
552 1993 732 2046 tuo?“
777 1994 1082 2064 Respondit
1108 1995 1222 2048 dux
1248 1997 1587 2048 exercituum
1611 1995 1722 2048 Do-

110 2079 242 2130 mini
268 2077 470 2131 Josuae
509 2077 720 2145 „Solve
759 2079 1189 2132 calceamentum
1223 2079 1292 2132 de
1324 2079 1555 2150 pedibus
1591 2080 1720 2146 tuis,

110 2164 238 2233 quia
285 2161 432 2216 locus
479 2163 537 2214 in
584 2180 688 2232 quo
739 2170 878 2230 stas,
928 2171 1146 2216 sanctus
1198 2167 1345 2217 est“.
1421 2167 1452 2230 ξ
1495 2164 1578 2216 13.
1639 2164 1721 2216 Ic-

108 2246 252 2299 circo
290 2265 360 2298 ex
395 2246 479 2298 his
505 2246 690 2299 verbis
727 2265 1054 2317 cognoscere
1087 2256 1242 2318 potes
1255 2288 1269 2315 ,
1307 2248 1514 2301 huncce
1550 2247 1722 2300 fuisse

109 2348 217 2382 non
237 2330 254 2362 ¹
291 2329 524 2382 eundem
560 2338 723 2401 atque
762 2333 854 2402 qui
890 2333 1145 2404 apparuit
1169 2332 1328 2387 Mosi.
1405 2333 1542 2385 Sunt
1576 2331 1721 2384 enim

110 2413 301 2465 eadem
338 2412 509 2466 verba
545 2415 745 2484 quibus
779 2416 881 2469 hoc
918 2416 1034 2469 loco
1071 2418 1343 2487 scriptura
1377 2417 1618 2486 loquitur
1643 2424 1720 2468 at-

110 2515 215 2567 que
261 2497 369 2549 ista
414 2497 612 2565 verba,
665 2517 803 2569 quae
849 2500 917 2552 de
953 2500 1046 2552 illo
1083 2500 1298 2571 prolata
1344 2507 1469 2553 sunt
1507 2499 1719 2569 (Exod.

109 2582 168 2646 3,
207 2580 440 2650 4—6.):
499 2581 730 2649 „Quum
767 2584 919 2636 Deus
958 2593 1204 2638 cerneret
1241 2585 1478 2651 Mosem,
1528 2585 1620 2654 qui
1658 2590 1720 2635 ut

111 2663 348 2734 (melius)
377 2665 564 2718 videre
597 2675 784 2738 posset
820 2668 1306 2739 appropinquavit,
1345 2669 1565 2721 vocavit
1598 2685 1719 2719 eum

203 2849 225 2889 1
259 2848 328 2889 Sic
359 2849 514 2902 Syrus,
554 2852 629 2892 sed
661 2853 753 2892 sine
783 2852 910 2892 dubio
942 2851 968 2898 ll
1002 2852 1126 2905 (non)
1161 2853 1385 2893 delendum
1419 2861 1496 2892 est.
