1986 3152
599 118 757 160 HIST.
788 116 1039 162 ECOLES.
1073 119 1130 159 x.
1166 121 1201 159 1.
1605 117 1707 170 447

17 281 27 291 .
102 234 263 307 ἡμῶν
298 233 482 307 Ἰησοῦ
515 239 765 311 Χριστῷ,
820 232 895 290 δι’
941 227 1011 291 οὗ
1050 233 1117 290 τοὶ
1158 239 1256 307 τῆς
1298 235 1520 309 εἰρήνης
1561 242 1621 293 ἔκ
1651 260 1709 294 τε

100 324 214 376 τῶν
246 321 458 386 ἔξωθεν
488 316 746 392 ὀχληρῶν
775 319 867 374 καὶ
907 323 1020 375 τῶν
1061 318 1198 375 κατὰ
1231 319 1485 377 διάνοιαν
1514 322 1709 394 βέβαια

100 403 194 459 καὶ
235 401 514 460 ἄσάλευτα
566 400 947 476 φυλάττεσθαι
986 397 1122 476 ἡμῖν
1163 402 1253 460 διὰ
1295 404 1504 471 παντὸς
1545 403 1707 478 εὐχό-

100 497 265 560 μεθα.
346 491 396 544 2.
467 486 578 560 ἅμα
619 487 681 544 δὲ
725 500 850 554 σαῖς
893 486 1083 560 εὐχαῖς
1124 488 1216 544 καὶ
1250 488 1350 545 τὸν
1381 490 1615 546 δέκατον
1648 493 1708 547 ἐν

100 571 279 648 τούτῳ
338 583 455 638 τοῖς
524 575 1038 645 προδιεξοὸευθεῖσι
1103 575 1199 644 τῆς
1260 575 1707 646 ἐκκλησιαστικῆς
1732 592 1752 624 5

103 661 346 729 ἱστορίας
379 657 661 722 ἐπιθέντες
701 656 900 729 τόμον,
946 657 1033 713 σοὶ
1063 661 1265 714 τοῦτον
1297 659 1708 732 ἐπιγράψωμεν,

102 740 368 813 ίερώτατέ
392 763 483 814 μοι
513 748 798 812 Παυλῖνε,
842 739 1027 814 ὥσπερ
1072 742 1485 815 ἐπισφράγισμά
1523 761 1583 799 σε
1613 748 1709 814 τῆς

100 825 233 896 ὅλης
286 819 618 890 ὑποθέσεως
673 822 1071 896 άναβοώμενοι.
1152 828 1203 881 3.
1271 825 1494 891 εἰκότως
1550 825 1600 882 δ’
1649 829 1708 883 ἐν

98 906 324 985 ἀριθμῷ
353 914 545 984 τελείῳ
576 906 678 965 τὸν
699 908 909 964 τέλειον
934 909 1183 964 ἐνταῦθα
1206 909 1299 964 καὶ
1323 910 1709 983 πανηγυρικὸν

98 1000 196 1065 τῆς
227 997 341 1049 τῶν
374 995 683 1064 ἐκκλησιῶν
713 990 1077 1059 ἀνανεώσεως
1111 992 1282 1064 λόγον
1311 992 1705 1067 κατατάξομεν,
1732 1012 1770 1044 10

97 1083 238 1135 θείω
279 1076 550 1150 πνεύματι
594 1082 1060 1151 πειθαρχοῦντες,
1106 1071 1221 1134 οἶδε’
1256 1100 1371 1144 πως
1415 1080 1707 1149 ἐγκελευο-

97 1163 248 1238 μένω
273 1160 301 1182 ‘
310 1158 479 1237 ᾅσατε
509 1184 585 1217 τω
617 1167 796 1238 κυρίω
841 1164 990 1236 ἆσμα
1021 1160 1249 1234 καινὸν,
1294 1161 1376 1218 ὅτι
1404 1162 1704 1264 θαυμαστά

100 1250 374 1318 ἐποίησεν.
436 1251 645 1303 ἔσωσεν
684 1242 859 1303 αὐτὸν
889 1244 922 1318 ἡ
954 1244 1103 1313 δεξια
1144 1245 1323 1303 αὐτοῦ
1365 1247 1459 1302 καὶ
1501 1242 1529 1303 ὁ
1563 1254 1706 1321 βρα-

96 1339 235 1404 χίων
265 1325 293 1387 ὁ
338 1330 494 1403 ἅγιος
534 1326 738 1387 αὐτοῦ
795 1330 1059 1403 ἐγνώρισε
1099 1330 1289 1405 κύριος
1328 1331 1389 1387 τὸ
1432 1331 1706 1406 σωτήριον

96 1412 302 1489 αὐτοῦ,
350 1417 606 1472 ἐναντίον
635 1419 750 1471 τῶν
783 1416 970 1471 ἐθνῶν
1001 1413 1330 1483 ἀπεκάλυψε
1359 1414 1463 1488 τὴν
1493 1420 1702 1472 δικαιο-
1726 1431 1767 1463 15

97 1501 282 1573 σύνην
321 1498 525 1557 αὐτοῦ·
515 1497 557 1527 ·”
630 1503 681 1556 4.
738 1500 831 1555 καὶ
874 1499 941 1571 δὴ
982 1504 1059 1576 τῷ
1100 1505 1271 1577 λογίῳ
1313 1500 1708 1574 προστάττοντι

96 1585 157 1642 τὸ
173 1583 371 1642 καινὸν
386 1578 534 1660 ᾆσμα
552 1581 643 1640 διά
660 1588 829 1640 τοῦδε
845 1589 953 1641 νῦν
968 1580 1300 1650 ἀκολούθως
1315 1586 1703 1658 ἐπιφωνῶμεν,

98 1669 183 1727 ὅτι
214 1669 283 1742 δὴ
315 1668 450 1742 μετὰ
492 1668 589 1735 τὰς
626 1666 811 1735 δεινὰς
853 1669 945 1724 καὶ
978 1667 1262 1735 σκοτεινὰς
1305 1671 1519 1735 ἐκείνας
1550 1668 1705 1737 ὄψεις

98 1777 157 1812 τε
188 1754 281 1811 καὶ
313 1753 593 1826 διηγήσεις
624 1758 852 1810 τοιαῦτα
882 1757 992 1809 νῦν
1035 1753 1175 1827 ὁρᾶν
1216 1754 1309 1810 καὶ
1336 1758 1565 1810 τοιαῦτα
1595 1775 1704 1810 πα-

97 1844 415 1911 νηγυρίζειν
460 1837 778 1911 ἠξιώθημεν
830 1833 919 1894 οἷα
970 1842 1085 1894 τῶν
1135 1837 1243 1911 πρὸ
1296 1835 1459 1911 ἡμῶν
1510 1839 1705 1894 πολλοὶ
1729 1853 1769 1886 ²0

97 1927 174 2000 τῷ
207 1923 326 1980 ὄντι
355 1927 556 1980 δίκαιοι
595 1923 689 1978 καὶ
718 1924 863 1979 θεοῦ
899 1922 1175 1997 μάρτυρες
1218 1921 1582 1995 ἐπεθύμησαν
1616 1922 1706 1978 ἐπὶ

97 2012 200 2080 γῆς
256 2011 427 2081 ἰδεῖν,
479 2007 572 2063 καὶ
623 2005 728 2064 ούκ
781 2005 963 2079 εἶδον,
1017 2007 1109 2065 καὶ
1151 2003 1415 2078 ἀκοῦσαι,
1469 2009 1560 2064 καὶ
1602 2002 1706 2062 οὐκ

99 2092 365 2165 ἤκουσαν.
447 2096 496 2148 5.
553 2090 683 2148 ἀλλ’
719 2095 776 2148 οἱ
801 2092 905 2164 μὲν
946 2085 983 2165 ᾗ
1013 2089 1177 2164 τάχος
1219 2091 1563 2157 σπεύσαντες
1592 2095 1707 2147 τῶν

96 2177 240 2234 πολὺ
272 2176 607 2251 κρειττόνων
639 2181 867 2248 ἔτυχον,
910 2181 972 2232 ἔν
1002 2174 1054 2231 τ’
1090 2173 1281 2242 αὐτοῖς
1319 2173 1584 2250 οὐρανοῖς
1615 2176 1707 2230 καὶ

99 2266 420 2339 παραδείσω
451 2265 548 2334 τῆς
573 2263 775 2318 ἐνθέου
799 2265 1016 2335 τρυφῆς
1041 2259 1516 2334 ἀναρπασθέντες,
1548 2255 1706 2332 ἡμεῖς
1732 2276 1768 2307 25

99 2346 161 2403 δὲ
192 2346 285 2402 καὶ
314 2345 448 2403 τάδε
487 2352 710 2419 μείζονα
751 2343 785 2418 ἢ
824 2343 960 2402 καθ’
1003 2342 1145 2418 ἡμᾶς
1186 2339 1463 2418 ὑπάρχειν
1504 2343 1696 2418 ὁμολο-

6 2482 20 2490 ,
99 2435 330 2503 γοῦντες
389 2424 972 2531 ύπερεκπεπληγμεθα
1039 2429 1144 2502 μὲν
1206 2434 1305 2500 τῆς
1369 2434 1472 2485 τοῦ
1525 2435 1705 2485 αἰτίου

100 2519 527 2589 μεγαλοδωρεᾶς
567 2514 671 2586 τὴν
711 2513 903 2588 χάριν,
954 2513 1313 2586 θαυμάζομεν
1366 2513 1428 2570 δε
1480 2513 1706 2579 εἰκότως

101 2599 232 2672 ὅλης
264 2604 445 2672 ψυχῆς
477 2599 713 2672 δυνάμει
742 2600 1027 2670 σέβοντες,
1060 2598 1152 2653 καὶ
1182 2609 1302 2665 ταῖς
1333 2595 1706 2671 αναγράπτοις

101 2684 476 2758 προρρήσεσιν
536 2681 806 2756 ἀλήθειαν
873 2685 1376 2757 ἐπιμαρτυροῦντες
1402 2725 1416 2753 ,
1485 2680 1560 2737 δι’
1626 2683 1705 2736 ὠν
1730 2698 1768 2730 3ο

215 2881 267 2920 12
299 2879 464 2922 Psalm.
490 2880 541 2919 97
566 2876 674 2930 (98),
701 2879 737 2919 1.
855 2879 908 2918 20
939 2876 1100 2917 Matth.
1126 2878 1192 2923 13,
1215 2878 1254 2918 7.
