1986 3152
350 108 447 161 156
1027 109 1271 149 EUSEBII

346 232 442 282 ναί
467 243 640 297 φασιν
672 223 762 298 ἐφ’
801 228 991 298 ἕτερον
1021 221 1220 297 άγρόν,
1255 230 1398 283 ἔνθα
1437 221 1555 297 μετ’
1599 222 1666 282 ού
1697 233 1955 287 πλεῖστον

345 307 472 374 τούς
512 309 957 375 συνελαύνοντας
999 312 1292 379 ἐπελθεῖν,
1349 307 1449 365 δύο
1492 310 1553 365 δὲ
1592 312 1705 366 τῶν
1755 308 1955 372 αὐτόθι

347 400 650 466 συλλαβεῖν
690 399 937 466 παίδων,
993 384 1073 450 ὦν
1113 391 1355 465 θάτερον
1397 395 1785 466 αἰκισαμένους
1845 397 1955 453 ἐπιέ-

348 483 541 549 στῆναι
575 476 652 534 δι’
690 476 863 534 αὐτοΐ
893 480 963 551 τῇ
991 482 1089 534 τοῦ
1122 476 1501 548 Πολυκάρπου
1532 481 1837 552 καταγωγῇ.
1872 483 1951 542 12.

302 559 449 629 εόψὲ
492 562 552 618 δὲ
591 565 687 634 τῆς
731 559 875 635 ὥρας
922 559 1256 626 ἐπελθόντας
1298 560 1470 618 αὐτὸν
1512 562 1616 635 μὲν
1656 560 1845 633 εὑρεῖν
1896 567 1955 623 ἐν

344 645 583 723 ὑπερῴῳ
625 652 1050 719 κατακείμενον,
1100 642 1239 703 ὅθεν
1282 645 1522 703 δυνατὸν
1560 644 1627 703 ὂν
1667 644 1820 723 αὐτῷ
1863 640 1951 721 ἐφ’

347 733 540 802 ἑτέραν
579 734 910 803 μεταστῆναι
953 736 1136 787 οἰκίαν
1166 727 1240 803 μὴ
1281 734 1689 803 βεβουλῆσθαι,
1733 729 1956 804 εἰπόντα

355 811 435 871 τὸ
452 816 669 888 θέλημα
686 819 783 872 τοῦ
802 818 944 872 θεοῦ
959 810 1251 887 γινέσθω.”
1310 819 1390 871 13.
1417 817 1509 871 καὶ
1542 813 1610 887 δὴ
1633 813 1836 888 μαθών
1857 838 1956 873 noc*-

347 899 573 972 ρόντας,
607 924 679 965 ως
712 898 741 956 ὁ
773 900 933 971 λόγος
963 901 1132 971 φησὶ,
1166 898 1409 971 καταβας
1441 897 1631 965 αυτοῖς
1664 901 1955 972 διελέξατο,

283 1002 322 1033 10
348 984 409 1039 εὐ
450 982 595 1056 μάλα
634 989 854 1059 φαιδρῷ
895 986 987 1040 καὶ
1036 982 1323 1059 πραοτάτῳ
1376 983 1686 1060 προσώπω,
1741 983 1814 1051 ὡς
1866 985 1956 1042 καὶ

345 1073 538 1141 θαῦμα
572 1066 810 1125 δοκεῖν
788 1071 927 1140 ορᾶν
957 1067 1085 1134 τούς
1116 1066 1286 1124 πάλαι
1315 1071 1413 1125 τοῦ
1443 1066 1648 1140 ἀνδρὸς
1689 1065 1958 1142 ἀγνῶτας,

347 1155 824 1222 ἐναποβλέποντας
864 1156 938 1228 τῷ
991 1155 1085 1223 τῆς
1126 1147 1339 1223 ἡλικίας
1390 1149 1818 1229 αὐτοῦ-παλαιῷ
1867 1155 1958 1211 καὶ

344 1238 422 1310 τῷ
464 1239 651 1312 σεμνῷ
689 1238 779 1292 καὶ
823 1235 1091 1293 εὐσταθεῖ
1128 1240 1226 1292 τοῦ
1267 1235 1597 1308 προσώπου,
1651 1239 1744 1293 καὶ
1786 1243 1838 1293 εἰ
1873 1262 1956 1295 το·-

346 1317 523 1392 σαύτη
554 1322 769 1392 γένοιτο
801 1318 1020 1391 σπουδὴ
1050 1316 1191 1393 ὑπὲρ
1221 1323 1322 1377 τοῦ
1351 1324 1603 1378 τοιοῦτον
1632 1325 1956 1425 συλληφθῆ-

283 1421 323 1453 15
349 1428 441 1462 ναι
481 1405 818 1478 πρεσβύτην.
885 1409 963 1461 14.
1007 1400 1035 1461 ὁ
1079 1401 1136 1461 δ’
1180 1428 1247 1461 ου
1279 1405 1553 1478 μελλήσας
1586 1401 1797 1472 εὐθέως
1827 1406 1956 1479 τρά-

346 1495 512 1557 πεζαν
543 1485 731 1554 αὐτοῖς
772 1494 1158 1560 παρατεθῆναι
1198 1490 1551 1562 προστάττει,
1596 1490 1711 1546 εἶτα
1750 1492 1958 1591 τροφῆς

344 1571 604 1645 ἀφθόνου
647 1579 978 1646 μεταλαβεῖν
1019 1571 1190 1675 άξιοῖ,
1243 1579 1376 1646 μίαν
1416 1597 1475 1630 τε
1528 1571 1706 1647 ω’ραν,
1762 1598 1836 1640 ως
1887 1595 1971 1651 αν,

345 1656 700 1730 προσεύξοιτο
733 1657 928 1759 ἀδεῶς,
956 1656 1088 1732 παρ’
1117 1655 1308 1715 αὐτῶν
1332 1663 1574 1715 αἰτεῖται.
1634 1656 1957 1733 ἐπιτρεψάνὓ

344 1765 457 1798 των
490 1743 552 1798 δε
581 1735 820 1808 άναστας
851 1741 1076 1816 ηύχετο,
1111 1749 1356 1816 ἔμπλεως
1385 1747 1481 1814 τῆς
1510 1741 1727 1816 χάριτος
1759 1738 1838 1799 ὢν
1858 1744 1956 1810 τοῦ

281 1842 321 1874 20
345 1832 573 1900 κυρίου,
619 1826 692 1893 ὡς
736 1825 1139 1898 ἐκπλήττεσθαι
1179 1851 1307 1892 τους
1348 1825 1624 1900 παρόντας
1655 1825 1957 1900 εὐχομένοῠ

344 1907 522 1967 αύτού
575 1911 996 1985 ἀκροωμένους,
1050 1909 1290 1978 πολλούς
1341 1934 1400 1967 τε
1442 1908 1631 1969 αὐτων
1668 1925 1956 1985 μετανοεῖν

344 1993 452 2066 ἤδη
486 1997 575 2052 ἐπὶ
607 2020 682 2052 τω
713 2020 966 2053 τοιουτον
996 1995 1351 2070 ἀναιρεῖσθαι
1381 1998 1603 2069 μέλλειν
1633 1994 1838 2069 σεμνὸν
1867 1995 1955 2052 καὶ

343 2082 633 2151 θεοπρεπῆ
662 2078 1001 2152 πρεσβύτην.
1067 2085 1148 2136 15.
1184 2082 1272 2136 ἐπὶ
1303 2079 1518 2147 τούτοις
1553 2079 1582 2152 ἡ
1614 2082 1741 2152 περὶ
1782 2077 1956 2137 αὐτοῦ

343 2162 531 2235 γραφὴ
562 2187 698 2219 κατα
730 2166 878 2232 λέξιν
910 2156 1023 2220 ωδέ
1049 2186 1165 2230 πως
1193 2188 1259 2220 τα
1294 2166 1415 2236 ἑξῆς
1445 2167 1539 2236 τῆς
1572 2169 1814 2236 ἱστορίας
1847 2170 1955 2237 ἔχει

279 2244 348 2295 25
354 2241 494 2303 οἐπεὶ
529 2249 593 2303 δέ
618 2269 748 2304 ποτε
778 2251 1087 2305 κατέπαυσε
1116 2245 1219 2319 τὴν
1258 2247 1605 2321 προσευχὴν,
1648 2271 1955 2320 μνημονευ*

334 2328 472 2395 “σας
503 2329 765 2388 ἁπάντων
795 2333 885 2388 καὶ
915 2356 1029 2388 των
1058 2331 1280 2388 πω’ποτε
1309 2331 1776 2405 συμβεβληκότων
1807 2330 1952 2408 avt&

335 2410 586 2487 “μικρῶν
626 2438 685 2472 τε
725 2417 816 2472 καὶ
859 2416 1144 2489 μεγάλων,
1207 2414 1449 2483 ἐνδόξων
1489 2440 1548 2473 τε
1587 2419 1678 2474 καὶ
1719 2414 1952 2487 ἀδόξων,

334 2497 463 2554 “nal
526 2497 704 2572 πάσης
765 2504 860 2573 τῆς
921 2499 1056 2557 κατὰ
1116 2498 1218 2572 τὴν
1272 2503 1606 2574 οἰκουμένην
1656 2502 1952 2573 καθολικῆς

335 2579 696 2656 “ἐκκλησίας,
737 2589 832 2656 τῆς
885 2583 1030 2658 ὥρας
1079 2584 1353 2657 ἐλθούσης
1402 2591 1502 2643 τοῦ
1556 2588 1782 2657 ἐξιέναι,
1842 2581 1952 2660 ὄνῳ

275 2662 705 2735 30“καθίσαντες
767 2667 936 2726 αὐτὸν
997 2667 1205 2742 ἤγαγον
1265 2675 1342 2736 εἰς
1399 2669 1504 2742 τὴν
1554 2668 1739 2740 πόλιν,
1797 2666 1953 2736 ὄντος

338 2746 656 2824 “σαββάτου
701 2752 972 2826 μεγάλου,
1027 2756 1118 2810 καὶ
1168 2752 1388 2825 ὑπήντα
1433 2751 1582 2831 αὐτῷ
1622 2750 1651 2810 ὁ
1698 2752 1950 2827 εἰρήναρ-

336 2831 467 2908 “χος
504 2835 754 2909 “Ηρω’δης
798 2838 887 2893 καὶ
930 2835 958 2893 ὁ
1003 2837 1179 2910 πατὴρ
1221 2836 1396 2895 αὐτοῦ
1438 2836 1713 2911 Νικήτης,
1767 2844 1823 2894 οἳ
1863 2836 1950 2894 καὶ
