1986 3152
565 88 722 131 HIST
754 87 1000 130 ECCLES.
1031 89 1116 129 111.
1137 91 1202 130 30
1228 87 1697 139 31.123

92 205 290 271 τούτου
328 206 661 277 θυγατέρων
701 197 812 261 ὧδέ
845 226 961 271 πως
994 203 1123 261 “καὶ
1163 204 1267 276 γὰρ
1308 207 1400 261 καὶ
1431 229 1568 262 κατα
1598 204 1700 278 τὴν

79 286 312 348 “Ἀσίαν
342 287 551 363 μεγάλα
591 303 833 362 στοιχεῖα
875 294 1219 362 κεκοίμηται,
1262 288 1423 346 ἅτινα
1462 286 1699 362 αναστή-

79 372 273 431 “σεται
316 378 382 448 τῇ
425 372 620 449 ἐσχάτῃ
662 373 836 449 ἡμέρα
876 380 971 444 τῆς
1013 380 1320 446 παρουσιας
1350 378 1447 431 τοῦ
1479 380 1696 448 κυρίου,

82 454 111 478 (θ
137 462 148 480 2

121 483 182 516 εν
210 450 247 533 ᾗ
278 464 489 531 ἔρχεται
518 458 653 531 μετὰ
687 457 845 530 δόξης
878 462 930 526 ἐξ
962 455 1224 530 οὐρανοῦ,
1257 460 1349 515 καὶ
1374 457 1699 531 ἀναζητήσει

80 540 325 609 “mimas
355 541 482 609 τούς
514 543 722 614 ἁγίους,
759 548 1039 600 Φίλιππον
1068 542 1165 599 τὸν
1187 546 1299 599 τῶν
1324 542 1542 600 δώδεκα
1566 540 1697 600 ἄπο·
1721 562 1742 593 5

99 623 361 699 στόλων,
408 623 467 692 ὂς
510 633 827 699 κεκοίμηται
869 630 928 682 ἐν
950 625 1280 699 Ιεραπόλει,
1323 629 1415 683 καὶ
1458 626 1557 684 δύο
1588 637 1701 684 θυ-

82 708 348 812 Ϊγατέρες
389 710 561 767 αὐτοῦ
603 723 967 782 γεγηρακυῖαι
997 713 1298 782 παρθένοι,
1341 713 1432 767 καὶ
1473 708 1507 783 ἡ
1542 713 1699 784 ἑτέρα

81 792 290 895 τζαύτοῦ
318 794 572 868 θυγατηρ
607 797 666 851 ἐν
697 794 836 871 ἁγίῳ
868 796 1143 867 πνεύματι
1174 798 1632 868 πολιτευσαμένη,
1664 793 1699 866 ἢ

81 874 178 934 “ε’ν
202 875 411 955 Ἐφέσω
442 876 815 951 αναπαύεται,
850 883 927 935 ἔτι
962 879 1022 935 δὲ
1053 880 1144 934 καὶ
1169 876 1429 950 Ἰωαννης
1459 875 1487 935 ὁ
1521 882 1610 936 ἐπὶ
1639 878 1699 935 τὸ

77 958 327 1064 ἶστῆθος
356 967 455 1020 τοῦ
486 969 685 1036 κυρίου
715 959 1034 1034 αναπεσών,
1065 960 1124 1028 ὃς
1154 962 1397 1036 ἐγενήθη
1430 961 1609 1034 ἱερεύς
1638 962 1698 1019 τὸ

79 1042 356 1104 “πε’ταλον
385 1070 715 1121 πεφορηκως
746 1049 838 1104 καὶ
861 1049 1070 1121 μάρτυς
1094 1049 1185 1104 καὶ
1212 1046 1568 1114 διδασκαλος·
1603 1039 1698 1104 οὗ-

77 1130 203 1199 “τος
229 1135 289 1188 ἐν
306 1130 518 1209 Ἐφέσῳ
542 1129 891 1206 κεκοίμηται.
942 1134 1114 1189 ταῦτα
1137 1135 1229 1189 καὶ
1253 1135 1380 1206 περὶ
1402 1135 1497 1204 τῆς
1521 1135 1699 1189 τωνδε

87 1220 356 1288 τελευτῆς.
419 1221 467 1275 4.
502 1219 594 1273 καὶ
627 1221 688 1274 ἐν
717 1220 795 1294 τῷ
825 1224 999 1274 Γαΐου
1033 1217 1111 1289 δὲ,
1146 1209 1212 1274 οὗ
1241 1223 1418 1292 μικρῷ
1450 1215 1700 1289 πρόσθεν

88 1299 465 1374 ἐμνήσθημεν,
501 1300 741 1377 διαλόγῳ
766 1300 1036 1374 Πρόκλος,
1069 1299 1205 1374 πρὸς
1235 1299 1302 1357 ὃν
1335 1305 1568 1358 ἐποιεῖτο
1598 1298 1699 1374 τὴν

85 1383 336 1457 ζήτησιν,
369 1388 494 1456 περὶ
525 1389 619 1458 τῆς
653 1393 938 1442 Φιλίππου
970 1388 1062 1442 καὶ
1092 1391 1205 1442 τῶν
1234 1387 1566 1457 θυγατέρων
1596 1382 1696 1441 αὐ-

76 1473 193 1571 ‹vos›
234 1476 490 1541 τελευτῆς
531 1468 796 1545 συνᾴδων
834 1483 948 1536 τοῖς
989 1474 1298 1527 ἐκτεθεῖσιν
1338 1469 1482 1526 οὕτω
1523 1477 1699 1542 φησίν

76 1548 251 1658 ἶμετὰ
288 1557 485 1610 τοῦτον
528 1556 587 1611 δε
629 1554 965 1627 προφήτιδες
1005 1557 1266 1628 τέσσαρες
1316 1579 1372 1610 αι
1415 1561 1699 1611 Φιλίππου

78 1632 446 1739 ἕγεγένηνται
479 1641 538 1695 ἐν
563 1634 861 1710 Ἱεραπόλει
891 1643 957 1711 τῇ
989 1638 1126 1694 κατὰ
1165 1638 1266 1710 τὴν
1292 1635 1504 1695 Ἀσίαν
1547 1635 1576 1693 ὁ
1608 1637 1701 1693 τά·

48 1747 52 1750 ·
78 1716 220 1794 “φος
261 1720 448 1779 αυτῶν
491 1727 642 1779 ἐστιν
682 1726 799 1780 ἐκεῖ
855 1725 947 1779 καὶ
987 1719 1016 1779 ὁ
1058 1728 1155 1780 τοῦ
1205 1722 1409 1795 πατρὸς
1460 1718 1693 1779 αὐτῶν.”

85 1810 136 1862 5.
180 1811 351 1863 ταῦτα
395 1831 498 1879 μεν
536 1799 710 1874 οὗτος.
774 1803 802 1863 ὁ
846 1808 906 1863 δε
938 1811 1158 1874 Λουκᾶς
1203 1809 1263 1862 ἐν
1302 1820 1422 1873 ταῖς
1460 1805 1698 1878 Πραξεσι

83 1893 197 1947 τῶν
235 1888 557 1948 ἀποστόλων
595 1895 706 1948 τῶν
749 1898 1032 1948 Φιλίππου
1082 1893 1414 1964 θυγατέρων
1456 1894 1515 1948 ἐν
1558 1899 1700 1948 Και-

85 1982 284 2050 σαρείᾳ
323 1979 418 2047 τῆς
445 1972 713 2042 Ἰουδαίας
753 1973 864 2049 ἅμα
905 1980 980 2052 τῷ
1020 1977 1186 2048 πατρὶ
1226 1974 1347 2032 τότε
1381 1981 1698 2048 διατριβου-

85 2065 232 2131 σῶν,
275 2064 619 2133 προφητικοῦ
650 2085 708 2118 τε
739 2067 1070 2134 χαρίσματος
1100 2057 1450 2132 ἠξιωμένων,
1491 2082 1699 2133 μνημο·

77 2142 240 2246 νεύει
270 2142 406 2202 κατὰ
436 2148 585 2212 λέξιν
625 2136 741 2202 οἶδέ
775 2167 890 2211 πως
923 2148 1100 2216 λέγων
1134 2142 1422 2217 “ἤλθομεν
1455 2150 1532 2210 εἰς
1563 2152 1698 2200 Και-

77 2225 373 2330 Σσαρειαν,
427 2232 518 2286 καὶ
569 2228 919 2296 εἰσελθόντες
962 2235 1039 2296 εἰς
1078 2229 1176 2286 τὸν
1216 2229 1371 2286 οἷκον
1414 2236 1696 2287 Φιλίππου

78 2310 215 2368 “τοῦ
250 2309 687 2385 εὖαγγελιστοῦ’
670 2313 827 2380 όντος
859 2318 919 2371 ἐκ
941 2318 1054 2371 τῶν
1081 2313 1216 2370 ἑπτα
1243 2317 1536 2386 ἐμείναμεν
1560 2310 1690 2382 παρ’

99 2391 285 2471 ἀὐτῷ
345 2396 521 2454 τούτω
554 2399 615 2455 δε
647 2400 790 2470 ἦσαν
819 2400 1093 2470 παρθένοι
1132 2399 1439 2470 θυγατέρες
1479 2419 1697 2471 προφη-

75 2477 380 2536 “τεύουσαι
420 2483 694 2556 τέσσαρες.
697 2480 727 2502 ”
790 2488 838 2540 6.
883 2507 949 2540 τα
988 2507 1092 2556 μεν
1144 2484 1250 2540 οὐν
1301 2488 1378 2549 εἰς
1427 2481 1697 2585 ημετέραν

89 2561 327 2621 ἐλθόντα
368 2583 578 2636 γνωσιν
616 2573 749 2637 περί
782 2591 841 2624 τε
883 2571 994 2624 τῶν
1033 2563 1357 2624 αποστόλων
1387 2565 1574 2622 αὐτῶν
1604 2565 1695 2621 καὶ

88 2651 198 2704 τῶν
228 2646 606 2707 ἄποστολικῶν
629 2649 862 2723 χρόνων,
896 2643 975 2708 ὧν
998 2675 1057 2708 τε
1080 2659 1540 2709 καταλελοίπασιν
1565 2647 1697 2721 ἡμῖν

79 2391 95 2411 (’

201 2842 255 2880 24
285 2842 387 2882 Act.
412 2844 485 2889 21,
508 2844 548 2883 8.

1723 984 1763 1014 10

1722 1403 1761 1434 15

1722 1824 1762 1855 20

1720 2250 1761 2282 25

1720 2668 1761 2700 30
