1986 3152
242 85 346 136 250
924 79 1171 121 EUSEBH

241 199 307 256 οὐ
358 211 586 270 μακροῖς
641 197 702 252 δὲ
752 193 968 269 χρόνοις
1019 190 1254 266 ὕστερον
1296 189 1325 250 ὃ
1370 192 1532 260 αὐτὸς
1583 193 1729 266 ὁρῶν
1782 185 1846 251 εὖ

242 281 577 353 πράττοντα,
618 281 791 351 μέγαν
833 301 890 335 τε
931 279 1022 334 καὶ
1066 274 1318 351 λαμπρὸν
1356 280 1447 334 καὶ
1488 275 1636 352 παρὰ
1676 281 1845 335 πασιν

240 366 372 421 ὄντα
403 365 760 436 βεβοημένον,
797 360 1159 434 ἀνθρώπινόν
1187 385 1239 418 τι
1270 359 1565 428 πεπονθώς
1594 377 1707 430 τοῖς
1738 360 1846 418 ἀνα

241 447 342 519 την
382 450 713 519 οἰκουμένην
754 445 1066 512 ἐπισκόποις
1107 443 1484 518 καταγράφειν
1527 443 1600 511 ὡς
1629 444 1845 502 ἀτοπω-

199 532 405 589 5τοέτου
455 534 555 588 τοῦ
600 534 943 604 πραχθέντος
984 529 1133 607 αὐτῷ
1175 533 1454 604 ἐπειρᾶτο,
1505 526 1596 585 ὅτε
1635 553 1699 600 γε
1735 534 1847 587 τῶν

242 616 376 672 κατὰ
404 623 790 688 Παλαιστίνην
820 619 877 672 οἰ
900 614 1134 688 μάλιστα
1159 613 1371 687 δόκιμοι
1397 616 1487 670 καὶ
1518 614 1848 687 διαπρέπον·

240 723 327 767 τες
359 706 692 773 Καισαρείας
727 723 786 756 τε
818 702 908 756 καὶ
933 696 1328 807 Ἱεροσολύμων
1360 700 1646 755 ἐπίσκοποι
1677 714 1850 769 πρεσ-

243 791 413 855 βείων
464 783 559 841 τὸν
594 781 883 858 Ὠριγένην
923 786 1014 840 καὶ
1056 787 1151 855 τῆς
1191 806 1453 840 ανωτατω
1498 785 1655 855 τιμῆς
1695 779 1850 850 αξιον

245 868 385 924 εἶναι
442 867 835 941 δοκιμασαντες
886 881 1070 941 χεῖρας
1125 874 1202 934 εἰς
1254 867 1654 940 πρεσβυτέριον
1698 864 1850 941 αὐτῷ

181 976 220 1005 ιο
243 958 541 1008 τεθείκασι.
631 958 678 1009 5.
734 955 1032 1024 τηνικαῦτα
1094 950 1145 1007 δ’
1212 943 1316 1008 οὖν
1369 957 1445 1016 εἰς
1498 952 1636 1023 μέγα
1690 949 1850 1022 δόξης

243 1036 615 1107 προελθόντος
667 1033 865 1109 αυτοῦ,
919 1035 1091 1108 ὄνομα
1143 1060 1201 1092 τε
1246 1058 1394 1108 παρα
1439 1048 1554 1100 τοῖς
1599 1036 1850 1107 πανταχῆ

243 1124 410 1175 πᾶσιν
461 1119 779 1192 ἀνθρώποις
831 1123 921 1177 καὶ
968 1122 1122 1184 κλέος
1167 1117 1362 1191 ἀρετῆς
1408 1121 1503 1174 καὶ
1543 1124 1743 1190 σοφίας
1782 1114 1850 1174 οὗ

243 1202 473 1275 σμικρὸν
531 1207 906 1276 κτησαμένου,
966 1206 1234 1277 μηδεμιᾶς
1292 1201 1460 1275 ἄλλης
1515 1200 1770 1275 εὐπορῶν
1820 1199 1849 1258 ὁ

242 1286 555 1360 Δημήτριος
606 1294 963 1362 κατηγορίας,
1015 1292 1109 1359 τῆς
1162 1285 1329 1343 πάλαι
1383 1290 1443 1343 ἐν
1487 1287 1645 1342 παιδὶ
1690 1308 1852 1358 γεγο-

181 1393 219 1423 15
243 1378 402 1438 νυίας
434 1368 585 1447 αὐτῷ
617 1371 864 1445 πράξεως
898 1369 1091 1443 δεινὴν
1123 1385 1360 1428 ποιεῖται
1392 1368 1678 1443 διαβολὴν,
1714 1388 1850 1443 συμ-

243 1462 565 1527 περιλαβεῖν
615 1455 888 1529 τολμήσας
937 1470 1057 1521 ταῐς
1102 1462 1453 1528 κατηγορίαις
1491 1455 1621 1521 τούς
1663 1457 1751 1511 ἐπὶ
1791 1452 1851 1511 τὸ

242 1543 645 1614 πρεσβυτέριον
686 1539 856 1597 αὐτὸν
895 1539 1252 1614 προάξαντας.
1315 1545 1362 1596 6.
1396 1543 1569 1597 ταῦτα
1607 1538 1711 1612 μὲν
1749 1531 1852 1596 οὖν

242 1622 439 1696 μικρὸν
480 1624 731 1698 ἐπράχθη
770 1623 1020 1699 ὕστερον.
1092 1623 1213 1681 τότε
1253 1647 1317 1696 γε
1355 1623 1466 1697 μὴν
1505 1623 1533 1680 ὁ
1568 1619 1853 1697 Ὠριγένης

245 1710 333 1764 ἐπὶ
363 1712 458 1780 τῆς
475 1707 890 1783 Ἀλεξανδρείας
917 1708 976 1766 τό
1001 1715 1094 1781 τῆς
1118 1712 1278 1773 θείας
1304 1713 1663 1772 διδασκαλίας
1688 1712 1852 1779 ἔργον

177 1812 220 1843 20
246 1798 323 1857 εἰς
363 1791 570 1859 πάντας
611 1790 941 1866 ἀφυλάκτως
980 1794 1107 1861 τοὺς
1147 1791 1476 1864 προσιόντας
1508 1790 1729 1863 νύκτωρ
1760 1793 1852 1847 καὶ

243 1873 375 1948 μεθ’
409 1875 619 1951 ἡμέραν
662 1880 928 1949 ἐπετέλει,
969 1890 1082 1943 τοῖς
1112 1883 1289 1943 θείοις
1319 1873 1533 1942 ἀόκνως
1564 1874 1852 1948 μαθήμασι

244 1962 336 2015 καὶ
387 1975 501 2026 τοῖς
554 1958 626 2027 ὦς
679 1959 850 2019 αὐτὸν
900 1965 1133 2034 φοιτῶσι
1183 1962 1285 2033 τὴν
1337 1963 1522 2017 πᾶσαν
1568 1958 1852 2026 ἀνατιθεὶς

245 2041 462 2116 σχολήν.
542 2050 586 2101 7.
634 2048 721 2102 ἐπὶ
764 2047 897 2102 δέκα
941 2047 1001 2102 δὲ
1042 2049 1134 2102 καὶ
1171 2043 1314 2102 ὀκτώ
1356 2051 1499 2102 ἔτεσι
1537 2044 1638 2116 τὴν
1676 2041 1853 2116 ἀρχὴν

247 2127 688 2200 ἐπικρατήσαντα
732 2132 990 2202 Σεβῆρον
1029 2128 1357 2196 Ἀντωνῖνος
1406 2125 1435 2185 ὁ
1489 2141 1618 2194 παῖς
1670 2129 1853 2184 διαδέ-

179 2230 223 2260 25
246 2235 412 2283 χεται.
489 2216 549 2268 ἐν
579 2211 756 2287 τούτῳ
789 2214 849 2269 δὲ
879 2217 991 2269 τῶν
1022 2212 1159 2269 κατὰ
1188 2211 1285 2268 τὸν
1316 2212 1561 2284 διωγμὸν
1590 2209 1854 2285 ἀνδρισα-

245 2297 430 2365 μένων
470 2298 561 2352 καὶ
592 2296 727 2369 μετὰ
756 2295 883 2362 τούς
916 2299 975 2353 ἐν
1004 2292 1319 2370 ὁμολογίαις
1349 2294 1567 2369 ἀγῶνας
1601 2293 1692 2352 διὰ
1723 2318 1853 2368 προ-

245 2385 399 2446 νοίας
438 2382 579 2437 θεοῦ
617 2383 1061 2454 πεφυλαγμένων
1093 2378 1170 2447 εἷς
1199 2405 1281 2447 τις
1313 2377 1391 2438 ὧν
1421 2377 1450 2437 ὃ
1474 2378 1851 2452 Ἀλέξανδρος,

244 2460 310 2518 ὃν
350 2461 549 2536 ἀρτίως
593 2467 891 2521 ἐπίσκοπον
922 2469 1016 2537 τῆς
1049 2470 1110 2523 ἐν
1130 2463 1533 2539 Ἱεροσολύμοις
1565 2469 1853 2535 ἐκκλησίας

248 2547 631 2622 ἐδηλώσαμεν,
664 2546 754 2606 οἶα
785 2563 902 2616 ταῖς
933 2548 1076 2623 ὑπερ
1107 2552 1352 2624 Χριστοῦ
1384 2552 1691 2623 διαπρέψας
1720 2546 1854 2620 ὁμο-

180 2645 224 2676 30
246 2638 483 2704 λογίαις,
541 2637 636 2706 τῆς
693 2638 1037 2706 δηλωθείσης
1090 2637 1390 2706 ἐπισκοπῆς
1442 2631 1714 2704 ἀξιοῦται,
1775 2637 1853 2688 ἔτι

247 2723 604 2791 Ναρκίσσου,
657 2741 714 2782 ος
766 2708 833 2788 ἦν
880 2716 1052 2775 αὐτοῦ
1098 2717 1391 2793 πρότερος,
1443 2715 1730 2790 περιόντος
1777 2738 1852 2772 τω

247 2805 370 2878 βίῳ.
1758 2825 1762 2828 ·
