2032 3174
565 104 722 146 HIST.
756 104 1006 146 ECCLES.
1039 105 1100 149 11.
1137 108 1201 151 18.
1621 106 1684 157 71

84 222 332 280 Μωυσέα
381 220 765 294 θεοπέμπτους
807 221 948 278 εἶναι
987 218 1114 287 τούς
1153 217 1405 295 ὀνείρους
1446 225 1687 295 πρῶτον,

82 304 374 378 δεύτερον,
428 311 642 377 τρίτον,
704 306 989 379 τέταρτον,
1044 306 1303 378 πέμπτον.
1372 307 1462 362 καὶ
1516 311 1688 363 ταῦτα

79 390 185 463 μὲν
213 388 278 446 τὰ
311 395 386 456 εἰς
418 387 558 462 ἡμᾶς
593 387 828 446 ἐλθόντα
859 393 971 446 τῶν
1004 394 1081 455 εἰς
1113 388 1214 461 τὴν
1244 392 1477 462 γένεσιν.
1533 395 1580 447 5.
1611 397 1688 456 εἰς

84 474 146 531 δὲ
175 471 276 546 τὴν
308 477 498 542 ἔξοδον
530 479 777 546 ἔγνωμεν
808 471 979 530 αὐτοῦ
1011 472 1327 546 ζητημάτων
1351 476 1442 530 καὶ
1472 473 1689 532 λύσεων

81 561 330 631 πρῶτον,
364 556 654 631 δεύτερον,
694 563 908 630 τρίτον,
939 558 1226 629 τέταρτον,
1271 561 1533 630 πέμπτον.
1597 560 1686 615 καὶ
1711 583 1730 614 5

80 641 141 698 τὸ
173 644 298 714 περὶ
330 647 425 714 τῆς
455 645 690 713 σκηνῆς,
721 639 781 696 τό
812 663 868 696 τε
899 642 1024 714 περὶ
1051 646 1160 698 τῶν
1187 643 1318 697 δέκα
1343 648 1563 714 λογίων,
1597 644 1688 699 καὶ

79 725 148 782 τὰ
171 727 295 798 περὶ
319 731 431 782 τῶν
453 723 889 798 ἀναφερομένων
914 728 973 781 ἐν
999 730 1134 781 εἴδει
1158 724 1343 797 νόμων
1369 732 1445 792 εἰς
1470 726 1534 783 τὰ
1559 746 1688 784 συν-

79 816 333 866 τείνοντα
364 807 636 882 κεφάλαια
667 811 779 865 τῶν
813 811 944 865 δέκα
975 807 1174 881 λόγων,
1208 808 1267 865 α’
1298 807 1357 881 β’
1387 808 1446 880 γ’
1478 809 1549 866 δ’.
1599 812 1690 866 καὶ

79 891 139 950 τὸ
181 894 307 967 περὶ
346 898 457 951 τῶν
498 898 576 959 εἰς
615 890 710 959 τάς
757 897 1070 967 ἱερουργίας
1113 891 1295 969 ζῴων,
1338 894 1428 949 καὶ
1471 900 1595 950 τίνα
1626 894 1690 950 τὰ

75 981 191 1034 τῶν
219 980 439 1034 θυσιῶν
485 981 621 1050 εἴδη.
692 979 782 1034 καὶ
812 977 872 1034 τὸ
903 978 1029 1050 περὶ
1068 980 1180 1034 τεᾶν
1219 979 1598 1052 προκειμένων
1631 981 1690 1035 ἐν

77 1064 157 1138 τῷ
185 1060 337 1138 νόμῳ
366 1075 480 1128 τοῖς
509 1061 611 1135 μὲν
641 1059 875 1134 ἀγαθοῖς
915 1059 1137 1134 ἄθλων,
1180 1075 1293 1127 τοῖς
1337 1062 1396 1117 δὲ
1428 1076 1692 1135 πονηροῖς

82 1149 368 1219 ἐπιτιμίων
398 1149 486 1203 καὶ
520 1144 684 1219 ἀρῶν.
742 1151 788 1204 6.
824 1145 959 1219 πρὸς
983 1144 1194 1211 τούτοις
1219 1143 1391 1203 ἅπασι
1416 1149 1506 1203 καὶ
1530 1145 1691 1218 μονό-

80 1236 250 1303 βιβλα
293 1227 468 1287 αὐτοῦ
510 1233 768 1303 φέρεται,
813 1229 884 1296 ὡς
925 1228 984 1286 τὸ
1026 1232 1152 1302 περὶ
1194 1236 1486 1304 προνοίας,
1541 1226 1689 1286 καὶὸ

79 1316 207 1386 περὶ
234 1310 516 1372 Ἰουδαίων
557 1312 706 1389 αὐτῷ
749 1316 1081 1387 συνταχθεὶς
1111 1313 1305 1386 λόγος,
1348 1316 1439 1370 καὶ
1478 1309 1507 1370 ὁ
1539 1322 1690 1371 πολι-

79 1396 254 1464 τικός·
314 1405 391 1455 ε’τι
421 1422 479 1455 τε
508 1397 537 1454 ὁ
562 1396 972 1506 'Akwe'ssocvcspoffi
989 1394 1022 1470 ἢ
1054 1400 1179 1470 περὶ
1222 1401 1320 1455 τοῦ
1350 1397 1514 1470 λόγον
1546 1403 1692 1471 ἔχειν

81 1479 147 1538 τά
179 1480 351 1554 ἀλογα
382 1486 502 1559 ζωα.
578 1484 665 1539 ἐπὶ
696 1480 909 1548 τούτοις
948 1506 976 1538 ο
1008 1484 1133 1557 περὶ
1177 1485 1276 1539 τοῦ
1317 1487 1518 1539 δοῦλον
1550 1483 1692 1539 εἶναι

82 1565 263 1622 πάντα
294 1569 541 1639 φαυλον,
575 1590 617 1622 ω
650 1569 770 1640 ἑξῆς
802 1562 996 1624 ἐστινὸ
1028 1569 1155 1669 περὶ
1178 1590 1275 1623 του
1307 1564 1487 1623 πάντα
1518 1584 1694 1623 σπου-

79 1655 244 1708 δαῖον
297 1649 595 1724 ἐλεύθερον
649 1649 806 1707 εἶναι.
903 1655 946 1707 7.
1000 1649 1127 1722 μεθ’
1186 1648 1283 1717 οὓς
1336 1653 1694 1707 συντέτακται

30 1754 33 1757 ·
78 1732 231 1791 αὐτω
271 1732 299 1790 ὁ
342 1736 468 1808 περὶ
508 1740 636 1807 βίου
681 1738 1030 1807 θεωρητικου
1072 1731 1105 1806 ἢ
1148 1739 1369 1805 ικετων,
1426 1737 1477 1802 ἐξ
1518 1726 1586 1791 οὗ
1628 1733 1694 1791 τὰ

80 1821 205 1891 περὶ
237 1823 334 1876 τοῦ
364 1825 493 1891 βίου
522 1823 635 1876 τῶν
672 1817 1052 1876 ἀποστολικων
1091 1817 1316 1892 ἀνδρῶν
1358 1816 1690 1891 διεληλύθα-

78 1919 211 1976 μεν
259 1904 351 1959 καὶ
396 1928 506 1960 των
549 1907 609 1960 ἐν
639 1927 789 1980 νομω
824 1903 885 1959 δε
928 1905 1020 1960 καὶ
1061 1901 1367 1976 προφήταις
1390 1900 1694 1975 Ἑβραῖκῶν

78 1985 368 2060 ὀνομάτων
400 1991 460 2043 αἶ
489 1989 773 2061 ἑρμηνεῖαι
804 1993 900 2044 τοῦ
942 1984 1116 2044 αὐτοῦ
1157 1988 1398 2044 σπουδαὶ
1431 1987 1572 2044 εἶναι
1604 1988 1694 2042 λέ-

81 2092 284 2143 γονται.
347 2076 392 2128 8.
428 2064 587 2138 οὗτος
618 2096 721 2145 μεν
751 2064 853 2129 οὖν
883 2070 1018 2129 κατὰ
1049 2069 1223 2129 Γαῖον
1255 2072 1343 2128 ε’πὶ
1374 2076 1468 2142 τῆς
1491 2068 1694 2143 Ρεόμης

79 2152 412 2228 ἀφικόμενος
443 2155 507 2212 τὰ
539 2158 666 2228 περὶ
695 2180 793 2228 της
816 2162 991 2213 Γαίου
1013 2161 1346 2227 θεοστυγίας
1379 2151 1530 2211 αύτω
1559 2178 1695 2227 γρα-

83 2241 277 2312 φέντα,
311 2264 344 2295 α
375 2264 508 2313 μετα
539 2238 716 2312 ἤθους
747 2242 839 2297 καὶ
872 2247 1158 2315 εἰρωνείας
1183 2241 1310 2312 περὶ
1333 2236 1546 2312 ἀρετων
1577 2239 1694 2294 ἐπέ-

82 2337 324 2395 γραψεν,
368 2326 456 2381 ἐπὶ
487 2323 666 2397 πάσης
698 2327 912 2397 λέγεται
953 2329 1047 2397 τῆς
1071 2323 1356 2397 Ρωμαίων
1387 2321 1697 2395 συγκλήτου

85 2404 222 2462 κατὰ
253 2405 542 2465 Κλαύδιον
574 2414 844 2481 διελθεῖν,
878 2433 951 2475 ως
982 2411 1073 2466 καὶ
1104 2412 1199 2480 τῆς
1225 2411 1284 2466 ἐν
1308 2405 1696 2480 βιβλιοθήκαις

87 2486 406 2557 ἀναθέσεως
448 2494 883 2565 θαυμασθέντας
927 2491 1100 2550 αὐτοῦ
1131 2495 1540 2564 καταξιωθῆναι
1570 2513 1696 2555 τους

83 2572 294 2646 λόγους.
358 2580 404 2632 9.
438 2582 738 2648 τηνικαῦτα
771 2578 830 2634 δε
860 2579 951 2634 καὶ
983 2576 1217 2635 Παύλου
1247 2574 1348 2648 τὴν
1372 2565 1476 2632 ἀπὸ
1500 2571 1696 2647 Ιερου-

84 2657 264 2732 σαλὴμ
295 2661 387 2716 καὶ
418 2658 603 2716 κύκλω
634 2666 865 2733 πορείαν
911 2663 1068 2735 μέχρι
1110 2664 1208 2718 τοῦ
1231 2659 1539 2733 Ἰλλυρικοῦ
1573 2663 1695 2714 δια-

82 2740 340 2816 νύοντος,
386 2742 690 2812 Ἰουδαίους
721 2739 927 2818 Ῥώμης
968 2742 1269 2803 ἀπελαύνει
1309 2741 1617 2811 Κλαύδιος,
1666 2739 1695 2795 ὅ

82 2849 140 2883 τε
165 2825 397 2894 Ἀκύλας
428 2830 520 2884 καὶ
552 2835 864 2902 Πρίσκιλλα
894 2828 1029 2902 μετὰ
1060 2832 1172 2886 τῶν
1201 2825 1386 2884 ἀλλων
1409 2822 1695 2884 Ἰουδαίων

1714 1003 1753 1034 10

1715 1422 1754 1453 15

1715 1842 1756 1873 20

1719 2261 1758 2292 25

1719 2678 1758 2710 30
