2032 3174
545 131 701 172 ffls'r.
734 130 981 171 ECCLES.
1013 131 1049 171 1.
1083 132 1122 170 7.
1147 109 1191 170 ’8.
1620 127 1688 178 29

81 254 142 307 ἐκ
171 253 268 305 τοῦ
312 245 483 304 αὐτοῦ
530 245 708 320 δήμου
740 247 831 303 καὶ
878 251 1107 319 πατριᾶς
1138 248 1232 316 τῆς
1265 241 1432 316 αὐτῆς
1464 251 1688 316 ζευγνυ-

77 343 216 390 σθαι
247 330 381 404 πρὸς
411 331 588 438 γάμον
619 329 1050 405 παρακελεύεται
1090 328 1162 396 ὡς
1193 325 1263 386 ἂν
1302 328 1375 402 μὴ
1406 331 1689 401 περιστρέ-

77 441 238 490 φοιτο
289 419 390 474 τοῦ
427 419 623 489 γένους
663 414 691 472 5
737 418 936 521 κλῆρος
975 411 1082 470 ἀπὸ
1123 417 1303 486 φυλῆς
1356 416 1445 470 ἐπὶ
1486 411 1686 485 φυλήν.

81 498 186 559 ὡδὶ
217 501 319 574 μὲν
351 501 454 558 οὐν
484 503 576 557 καὶ
607 503 780 557 ταῦτα
813 499 993 571 ἐχέτω.

210 597 327 645 v111.
386 592 509 664 [Nic.
539 596 596 644 H.
624 596 678 643 E
707 590 1016 662 1,12—15]
1081 578 1242 639 ’Λλλόι
1282 606 1386 654 γαρ
1426 583 1524 638 τοῦ
1554 589 1734 655 Xon-5

79 672 215 726 στοῦ
257 671 626 742 γεννηθέντος
670 681 789 734 ταῖς
840 671 1202 739 προφητείαις
1254 663 1578 733 ἀκολούθως
1632 669 1692 722 ἐν

80 754 336 826 Βηθλεὲμ
367 756 462 824 τῆς
488 749 754 817 Ἰουδαίας
786 750 922 808 κατὰ
961 748 1086 816 τούς
1120 753 1536 822 δεδηλωμένους
1568 748 1692 824 χρό-

83 860 232 909 νους,
258 835 508 910 θΗρω’δης
541 838 628 893 ἐπὶ
659 842 724 910 τῇ
747 842 858 893 τῶν
891 838 943 903 ἐξ
975 832 1245 906 ἀνατολῆς
1269 833 1463 906 μάγων
1486 832 1691 907 ἀνερω-

80 919 261 993 τήσει,
293 919 400 993 ὅπη
433 930 516 992 εἴη
550 921 1093 992 διαπυνθανομένων
1121 915 1149 975 5
1182 921 1400 992 τεχθεὶς
1432 918 1693 990 βασιλεὺς

79 1008 191 1062 τῶν
216 1001 529 1075 Ἰουδαίων,
563 1006 867 1079 ἑωρακέναι
898 1001 1002 1077 γὰρ
1027 1001 1204 1061 αὐτοῦ
1227 1001 1323 1060 τὸν
1347 1001 1567 1074 ἀστέρα,
1600 1004 1689 1058 καὶ
1716 1025 1755 1055 10

81 1093 176 1160 τῆς
206 1094 442 1162 τοσῆσδε
482 1095 709 1163 πορείας
751 1087 897 1146 τοῦτ’
937 1098 1115 1145 αἴτιον
1157 1086 1344 1154 αὐτοῖς
1385 1089 1691 1160 γεγονέναι,

79 1171 171 1230 οἶα
211 1178 328 1251 θεῷ
369 1177 751 1246 προσκυνῆσαι
791 1179 867 1250 τῷ
897 1175 1150 1246 τεχθέντι
1198 1171 1289 1228 διὰ
1320 1176 1568 1243 σπουδῆς
1599 1194 1691 1227 πε-

82 1261 398 1331 ποιημένοις
418 1302 432 1329 ,
464 1255 531 1315 ού
562 1262 804 1333 σμικρῶς
837 1261 925 1315 ἐπὶ
955 1261 1030 1334 τῷ
1067 1255 1344 1330 πράγματι
1376 1253 1470 1314 ἅτε
1502 1261 1691 1312 κινδυ-

84 1340 384 1415 νευούσης,
427 1341 499 1407 ὥς
528 1365 593 1414 γε
624 1341 694 1413 δὴ
727 1340 890 1418 ᾧέτο,
937 1340 1090 1418 αὐτῷ
1118 1345 1214 1414 τῆς
1247 1338 1416 1414 ἀρχῆς
1449 1345 1693 1411 διακινη-

84 1427 230 1498 θεὶς,
256 1424 574 1498 πυθόμενος
597 1430 709 1483 τῶν
732 1424 880 1500 παρὰ
901 1430 976 1502 τῷ
1012 1431 1167 1482 ἔθνει
1198 1423 1693 1498 νομοδιδασκάλων
1719 1445 1756 1476 15

82 1514 192 1567 ποῦ
243 1509 339 1567 τὸν
380 1507 620 1582 Χριστὸν
671 1509 1124 1583 γεννηθήσεσθαι
1177 1512 1567 1586 προσδοκῷεν,
1622 1507 1695 1575 ὡς

83 1599 226 1665 ἔγνω
257 1594 358 1666 τὴν
389 1600 639 1667 Μιχαίου
671 1601 1014 1667 προφητείαν
1057 1597 1116 1650 ἐν
1145 1593 1399 1666 Βηθλεὲμ
1448 1615 1696 1667 προανα-

80 1683 419 1750 φωνοῦσαν,
465 1680 549 1735 ἑνὶ
579 1678 954 1752 προστάγματι
997 1677 1124 1745 τοὺς
1161 1673 1497 1749 ὑπομαζίους
1537 1683 1598 1734 ἔν
1637 1699 1694 1733 τε

35 1769 38 1771 ’
83 1767 150 1835 τῇ
182 1763 436 1868 Βηθλεὲμ
477 1764 570 1819 καὶ
611 1766 748 1820 πᾶσι
793 1777 906 1829 τοῖς
936 1757 1109 1835 ὁρίοις
1141 1759 1310 1833 αὐτῆς
1342 1760 1450 1818 ἀπὸ
1482 1764 1694 1827 διετοῦς

83 1847 173 1903 καὶ
205 1848 491 1921 κατωτέρω
515 1853 720 1914 παῖδας
750 1845 888 1904 κατὰ
917 1845 1014 1903 τὸν
1044 1844 1509 1919 απηκριβωμένον
1543 1842 1691 1902 αύτω
1717 1868 1757 1898 20

83 1929 283 2003 χρόνον
333 1953 481 2005 παρα
531 1955 644 1988 των
695 1929 888 2004 μάγων
940 1927 1311 2031 αναιρεθῆναι
1350 1928 1691 2003 προστάττει,

84 2013 302 2081 πάντως
346 2038 454 2073 που
485 2018 577 2072 καὶ
615 2015 712 2073 τὸν
746 2013 991 2088 Ἰησοῦν,
1047 2011 1118 2082 ὥς
1158 2039 1220 2088 γε
1261 2015 1333 2086 ῆν
1375 2014 1546 2086 εἰκὸς,
1599 2018 1694 2086 τῆς

84 2095 254 2172 αὐτῆς
283 2114 395 2167 τοῖς
425 2098 639 2172 ὁμήλιξι
663 2102 1084 2157 συναπολαῦσαι
1107 2101 1397 2172 συμφοράς
1428 2097 1692 2172 οἰόμενος.

6 2237 9 2240 ,
84 2186 132 2239 2.
164 2181 372 2255 φθάνει
411 2207 475 2256 γε
514 2183 625 2257 μὴν
662 2182 764 2258 τὴν
795 2182 1100 2256 ἐπιβουλὴν
1143 2190 1220 2250 εις
1252 2192 1540 2255 Αἴγυπτον
1573 2188 1695 2239 δια-

85 2269 368 2339 κομισθεὶς
398 2263 427 2325 5
459 2283 618 2341 παῖς,
661 2266 741 2325 δι’
775 2270 1102 2374 ἐπιφανείας
1134 2265 1372 2341 άγγέλου
1402 2265 1462 2325 τὸ
1492 2270 1694 2341 μέλλον
1717 2290 1757 2323 25

85 2351 593 2424 προμεμαθηκότων
623 2349 796 2411 αὐτοῦ
823 2377 936 2411 των
966 2355 1191 2426 γονέων.
1260 2357 1434 2410 ταῦτα
1463 2377 1565 2426 μεν
1594 2353 1698 2408 οὐν

87 2435 178 2489 καὶ
210 2433 242 2506 ἡ
277 2433 394 2507 ίερα
424 2439 525 2492 τοῦ
555 2435 881 2509 εὐαγγελίου
914 2436 1164 2495 διδάσκει
1195 2437 1398 2510 γραφή
1461 2442 1508 2493 3
1542 2434 1694 2503 ἄξιον

89 2516 141 2573 δ’
181 2520 269 2574 ἐπὶ
298 2517 510 2585 τούτοις
541 2527 795 2579 συνιδεῖν
824 2519 1114 2596 τάπίχειρα
1155 2525 1249 2593 τῆς
1273 2519 1527 2596 “Ηρεόδου
1559 2518 1694 2579 κατὰ

85 2605 183 2657 τοῦ
225 2607 466 2675 Χριστοῦ
519 2606 611 2661 καὶ
661 2609 772 2662 τῶν
812 2602 1093 2680 ὁμηλίκων
1142 2603 1295 2682 αύτῷ
1341 2605 1567 2678 τόλμης,
1622 2602 1694 2669 ὡς

89 2692 427 2759 παραυτίκα,
468 2689 610 2761 μηδὲ
649 2694 880 2765 σμικρᾶς
922 2689 1199 2763 ἀναβολῆς
1230 2691 1628 2762 γεγενημένης,
1660 2684 1756 2758 ῆ3ο

201 2882 224 2918 :2
255 2881 384 2919 Num.
409 2882 476 2932 36,
500 2883 538 2923 6.
715 2885 765 2922 17
796 2883 932 2925 Mieh.
958 2884 996 2932 ἴ),
1022 2885 1059 2922 2,
