1986 3152
566 102 648 141 DE
681 100 865 142 MART.
887 101 1179 143 PALAEST.
1209 102 1293 142 III.
1629 101 1733 154 387

125 223 221 290 τῆς
265 217 392 289 περὶ
431 215 493 271 τὸ
540 225 702 272 θεῖον
755 217 1130 288 γνησιωτάτης
1171 215 1459 288 εὐσεβείας
1504 217 1598 273 διὰ
1637 223 1736 290 τῆς

124 300 264 373 πρὸς
307 297 490 356 πάντα
532 298 822 373 ὑπομονῆς
870 300 1200 373 παρασχών,
1244 300 1345 358 τὸν
1379 306 1491 358 τῶν
1531 307 1736 375 ἶερονι-

123 390 240 441 κῶν
269 389 369 456 τῆς
403 391 726 456 θεοσεβείας
759 381 1027 457 άθλητῶν
1058 385 1336 458 στέφανον
1367 382 1735 457 ἀπηνέγκατο.

122 470 301 545 τούτῳ
344 473 378 524 δ
388 465 400 485 ’
446 467 558 542 ἅμα
598 469 998 541 γενναιοτάτην
1041 475 1303 526 ἔνστασιν
1336 470 1739 543 ἐπιδειξάμενοι

117 551 382 624 Ἀγάπιος
415 555 508 609 καὶ
539 549 571 625 ἡ
607 552 744 609 καθ’
779 550 927 626 ἡμᾶς
975 555 1157 610 Θέκλα
1186 560 1407 627 θηρίοις
1451 560 1528 620 είς
1558 554 1737 629 βορὰν
1761 575 1780 608 5

121 637 620 709 κατεδικάσθησαν.
707 642 756 694 2.
813 637 879 693 τὰ
924 639 1014 693 ἐπὶ
1055 638 1270 703 τούτοις
1320 645 1403 704 τίς
1448 638 1588 695 ἰδών
1633 637 1738 695 οὐκ

124 720 475 794 ἐθαύμασεν,
519 720 554 793 ἢ
585 723 679 777 καὶ
711 721 853 795 ἀκοῇ
883 721 1089 794 μαθων
1120 720 1224 777 οὐκ
1257 722 1556 794 ἐξεπλάγη;
1590 723 1737 780 πάν-

122 811 300 878 δημον
331 805 439 879 γάρ
470 828 552 861 τοι
582 810 695 861 τῶν
729 808 917 862 ἐθνῶν
951 804 1147 876 ἑορτὴν
1176 807 1271 860 καὶ
1303 806 1570 877 συνήθεις
1600 808 1737 872 θέας

123 889 410 962 ἀγόντων,
461 912 597 961 μετα
649 895 762 946 τῶν
803 889 985 954 ἄλλως
1027 885 1218 954 αὐτοῖς
1273 892 1738 962 σπουδαζομένων

120 975 214 1030 καὶ
254 973 387 1039 τούς
428 972 632 1047 ἀρτίως
671 980 892 1046 θηρίοις
923 975 1362 1046 κατακριθέντας
1394 973 1572 1039 πολύς
1604 977 1675 1046 ἠν
1708 973 1736 1030 ὁ

119 1058 284 1129 λόγος
330 1061 702 1125 ἐπιδείξεσθαι
750 1058 850 1114 τὸν
890 1081 1098 1128 αγωνα.
1171 1063 1220 1113 3.
1278 1057 1557 1129 αὐξούσης
1601 1063 1740 1130 δῆτα

118 1144 213 1198 καὶ
244 1141 652 1214 πλεοναζούσης
690 1164 843 1216 παρα
874 1147 1009 1198 πᾶσι
1040 1165 1136 1214 της
1168 1142 1354 1215 φήμης
1395 1149 1613 1199 νεανίαι
1641 1142 1741 1199 τόν

120 1225 368 1300 ἀριθμὸν
400 1229 487 1297 ἓξ,
522 1229 603 1283 ὠν
634 1224 663 1282 ὁ
699 1250 802 1299 μεν
834 1227 1107 1293 Ποντικὸς
1136 1226 1199 1283 τὸ
1231 1228 1392 1298 γένος
1425 1222 1525 1298 ἦν,
1559 1226 1738 1300 ὄνομα

127 1311 424 1384 Τιμόλαος,
459 1306 488 1367 6
525 1308 582 1366 δ’
622 1312 681 1366 ἐκ
715 1311 1030 1384 Τριπόλεως
1060 1317 1158 1382 τῆς
1194 1319 1490 1383 Φοινίκης,
1523 1311 1739 1368 Διονύ-

116 1413 231 1461 σιος
278 1398 556 1466 ἐκαλειτο,
612 1397 796 1469 ε’τερος
850 1391 904 1451 δ’
950 1393 1141 1451 αὐτῶν
1193 1401 1290 1467 τῆς
1335 1398 1395 1451 ἐν
1438 1395 1738 1453 Διοσπόλει

115 1485 406 1553 παροικίας
423 1477 815 1551 ὑποδιάκονος,
842 1475 1118 1552 Ρωμύλος
1147 1473 1221 1551 ήν
1244 1481 1338 1535 καὶ
1358 1479 1537 1556 τούτῳ
1560 1498 1739 1553 προσ-

112 1571 344 1636 ηγορία,
387 1564 493 1619 δύο
536 1586 596 1619 τε
641 1565 731 1619 ἐπὶ
762 1564 980 1629 τούτοις
1013 1564 1343 1635 Αἰγύπτιοι,
1387 1537 1602 1635 Πάήσις
1646 1565 1739 1619 καὶ

110 1647 500 1722 Ἀλέξανδρος,
542 1649 636 1703 καὶ
681 1647 850 1714 ἄλλος
890 1648 1069 1723 τούτῳ
1110 1648 1449 1721 συνώνυμος
1478 1644 1738 1715 Ἀλέξαν-

118 1738 249 1806 δρος
293 1756 410 1789 των
462 1728 572 1788 άπὸ
625 1732 832 1804 Γάζης,
888 1733 977 1788 ἐπὶ
1022 1732 1084 1788 τὸ
1137 1733 1471 1804 κυνηγέσιον
1525 1731 1741 1789 ἀνιέναι

113 1819 369 1889 μέλλοντι
422 1821 499 1892 τῷ
556 1815 870 1892 Ούρβανῷ,
926 1816 1259 1888 ἐνδήσαντες
1314 1817 1587 1890 πρότερον
1642 1840 1737 1883 τας

114 1900 307 1958 αύτων
350 1913 575 1974 χεῖρας,
622 1924 696 1966 ως
741 1899 813 1957 ἂν
855 1924 956 1972 την
998 1898 1143 1972 άγαν
1186 1901 1487 1974 σημήνειαν
1519 1903 1647 1975 περὶ
1676 1900 1738 1957 τὸ

115 1985 422 2059 μαρτύριον
453 1992 818 2057 προθυμίαν,
862 1990 1120 2058 δρομαιοι
1150 1992 1440 2059 προσίασι,
1474 1995 1739 2059 Χριστια-

119 2069 256 2135 νούς
289 2074 435 2141 σφᾶς
467 2065 910 2141 ὁμολογοῦντες,
944 2070 1037 2126 διά
1067 2093 1127 2126 τε
1156 2075 1252 2141 τῆς
1284 2070 1424 2143 πρὸς
1457 2070 1637 2126 πάντα
1675 2067 1741 2125 τοὶ·

114 2159 148 2210 δ
158 2153 275 2232 εινιά
305 2153 697 2227 παρατάξεως,
731 2153 814 2210 ὅτι
843 2154 988 2227 μηδὲ
1017 2154 1116 2220 τοὶς
1148 2160 1263 2211 τῶν
1293 2160 1514 2228 θηρίων
1548 2156 1739 2225 ἐπιβο-

115 2237 219 2304 λας
262 2243 320 2293 οἱ
355 2238 459 2310 τὴν
502 2243 581 2304 είς
627 2237 731 2294 τὸν
773 2243 886 2294 τῶν
927 2238 1077 2295 ὅλων
1118 2238 1259 2295 θεὸν
1303 2237 1592 2311 εὐσέβειαν
1629 2234 1737 2295 αύ-
1763 2262 1782 2290 2

111 2327 341 2395 χοῦντες
385 2323 834 2396 κατεπτήχασιν,
887 2323 1343 2396 ἐπιδεικνύμενοι.
1431 2327 1480 2379 4.
1528 2320 1740 2384 αύτίκα

112 2405 217 2478 μὲν
249 2411 329 2471 εἰς
360 2404 427 2462 ού
474 2405 577 2478 τὴν
616 2412 902 2479 τυχοῦσαν
945 2407 1285 2479 κατάπληξιν
1326 2406 1499 2465 αὐτόν
1540 2431 1597 2464 τε
1639 2406 1739 2463 τὸν

111 2490 353 2564 ἄρχοντα
399 2491 493 2545 καὶ
534 2489 666 2556 τούς
709 2487 853 2563 ἄμφ’
900 2489 1078 2547 αὐτὸν
1119 2492 1562 2564 καταστήσαντες
1606 2497 1738 2548 δεσ-

110 2580 371 2650 μωτηρίῳ
402 2581 869 2650 καθείργνυνται,
910 2574 1031 2647 μετ’
1066 2574 1133 2631 ού
1182 2575 1392 2642 πολλὰς
1436 2577 1498 2632 δὲ
1528 2572 1737 2649 ἡμέρας

1763 1000 1802 1032 10

1763 1417 1803 1448 15

1762 1839 1805 1871 :20

70 2713 72 2715 ι
111 2663 278 2715 δυοῖν
309 2657 502 2725 αὐτοῖς
534 2656 722 2716 ἄλλων
753 2661 1199 2732 καταλεγέντων,
1241 2666 1347 2717 τοῦ
1370 2661 1474 2733 μὲν
1496 2662 1594 2716 καὶ
1626 2658 1733 2732 πρὸ
1759 2679 1800 2711 30

112 2741 304 2800 αὐτῶν
357 2748 563 2809 δειναῖς
615 2745 714 2799 καὶ
770 2749 1046 2810 ποικίλαις
1100 2741 1209 2816 ἤδη
1269 2745 1541 2818 πρότερον
1592 2741 1731 2798 καθ’

113 2829 303 2899 ἑτέρας
335 2823 640 2900 ὁμολογίας
675 2828 1104 2900 ἐναθλήσαντος
1135 2829 1437 2900 βασάνοις,
1477 2827 1733 2899 Ἀγάπιος

1370 2920 1479 2989 255*
