1986 3152
278 101 376 152 192
956 100 1202 142 EUSEBH

266 215 557 273 “ποικίλον
597 214 1004 288 ὑπομείναντας
1046 213 1236 287 ἀγωνα
1285 218 1376 272 καὶ
1429 215 1677 289 μεγάλως
1729 216 1880 290 νική-

266 298 542 406 ἶίσαντας,
584 298 891 370 ἀπολαβεῖν
931 299 1026 355 τὸν
1065 302 1239 372 μέγαν
1278 304 1373 372 τῆς
1407 297 1728 406 αφθαρσιάς
1760 304 1884 358 στέ-

267 382 505 486 ἶφανον.
561 388 642 441 37.
677 381 705 440 5
737 384 839 456 μὲν
870 374 973 440 οὐν
1006 381 1303 456 Μάτουρος
1334 385 1425 439 καὶ
1456 382 1484 440 5
1509 382 1759 457 Σάγκτος
1789 388 1883 442 καὶ

268 466 339 540 “ἧ
362 473 646 526 Βλανδῖνα
669 469 761 524 καὶ
783 465 1039 534 Ἄτταλος
1070 466 1270 539 ἤγοντο
1304 470 1391 523 ἐπὶ
1422 491 1488 524 τα
1517 474 1692 541 θηρία
1723 475 1801 535 εἰς
1823 463 1883 526 τὸ

233 571 253 602 5
269 550 297 571 “
310 550 576 625 δημόσιον
606 554 697 608 καὶ
723 558 800 618 εἰς
823 550 882 608 τὸ
907 551 1098 609 κοινὸν
1120 557 1231 609 τῶν
1257 554 1443 609 ἐθνῶν
1465 557 1560 623 τῆς
1583 548 1884 626 ἀπανθρω-

265 634 435 702 “πίας
467 639 669 709 θέαμα,
704 639 956 708 ἐπίτηδες
986 639 1081 708 τῆς
1112 640 1224 694 τῶν
1253 639 1637 710 θηριομαχιῶν
1677 634 1886 711 ἡμέρας

265 718 398 777 (ςδιὰ
421 719 547 786 τοὺς
570 719 868 794 ἡμετέρους
895 722 1202 793 διδομένης.
1257 725 1341 777 38.
1374 722 1466 776 καὶ
1489 718 1518 776 5
1541 719 1645 792 μὲν
1659 719 1886 777 Μάτου-

265 802 400 878 “ρος
425 807 516 862 καὶ
547 803 575 862 5
602 803 851 877 Σάγκτος
877 797 1043 871 αὖθις
1071 804 1301 879 διῄεσαν
1327 807 1385 862 ἐν
1415 807 1490 881 τῷ
1523 802 1886 882 ἀμφιθεάτρῳ

265 886 401 945 “δια
432 887 611 962 πάσης
643 887 946 962 κολάσεως,
990 888 1062 955 ὡς
1105 891 1281 962 μηδεν
1320 888 1461 956 όλως
1501 887 1887 962 προπεπονθό-

221 970 293 1022 10
299 973 434 1045 “τες,
477 977 687 1047 μαλλον
721 974 781 1030 δε
814 998 886 1040 ως
918 973 1010 1030 δια
1040 972 1317 1031 πλειόνων
1346 974 1454 1046 ἤδη
1485 972 1706 1047 κλήρων
1739 977 1889 1046 ἐκβε-

271 1055 562 1159 ἱζβιακότες
593 1056 689 1115 τὸν
721 1055 1045 1130 ἀντίπαλον,
1078 1061 1170 1115 καὶ
1201 1061 1327 1131 περὶ
1357 1062 1455 1114 τοῦ
1486 1055 1766 1130 στεφάνου
1792 1055 1889 1113 αὐ-

271 1139 415 1198 “του
442 1141 538 1198 τὸν
569 1141 759 1213 ἀγῶνα
791 1148 1037 1215 ἔχοντες,
1083 1141 1367 1216 ὑπέφερον
1397 1141 1563 1198 πάλιν
1593 1139 1687 1207 τὰς
1722 1139 1890 1209 διεξό-

273 1223 446 1291 “δους
477 1232 587 1282 τῶν
618 1232 902 1298 μαστίγων
931 1224 1024 1292 τάς
1059 1229 1237 1284 ἐκεῖσε
1270 1227 1611 1298 εἰθισμένας,
1643 1227 1735 1281 καὶ
1766 1222 1892 1292 τούς

273 1307 421 1365 “ἆπὸ
451 1315 563 1366 τῶν
593 1317 814 1383 θηρίων
846 1309 1190 1383 ἐλκηθμοὺς,
1233 1313 1325 1367 καὶ
1356 1306 1532 1367 πάνθ’
1566 1307 1668 1366 ὅσα
1699 1307 1889 1382 μαινό-

219 1391 287 1440 15
314 1418 476 1467 μενος
507 1392 535 1450 5
573 1397 741 1467 δῆμος
774 1392 931 1451 άλλοι
962 1393 1275 1468 ἀλλαχόθεν
1307 1393 1554 1467 ἐπεβόων
1584 1395 1676 1451 καὶ
1709 1396 1893 1451 ἐπεκε-

271 1476 571 1580 ῐλεύοντο,
617 1481 708 1535 καὶ
752 1481 840 1535 ἐπὶ
870 1498 1004 1536 πασι
1034 1477 1136 1551 τὴν
1166 1483 1403 1555 σιδηρᾶν
1443 1483 1756 1585 καθέδραν,
1799 1473 1891 1551 ἐφ’

274 1553 377 1634 “ἧς
407 1561 803 1636 τηγανιζόμενα
833 1588 898 1620 τα
930 1582 1153 1637 σωματα
1177 1569 1370 1636 κνίσης
1395 1561 1598 1630 αυτούς
1624 1562 1891 1635 ἐνεφόρει.

275 1644 397 1704 “.39
432 1652 489 1704 οι
517 1645 568 1703 δ’
606 1644 734 1705 οὐδ’
778 1645 952 1715 οὕτως
994 1654 1219 1720 ἔληγον,
1261 1645 1381 1705 ἀλλ’
1429 1655 1507 1705 ἔτι
1551 1649 1642 1703 καὶ
1682 1650 1895 1719 μάλλον

274 1729 695 1804 “ἐξεμαίνοντο,
738 1731 1069 1806 βουλόμενοι
1111 1735 1332 1806 νικῆσαι
1362 1731 1465 1805 τὴν
1497 1735 1726 1789 ἐκείνων
1754 1729 1893 1788 ὑπο-

221 1813 291 1864 20
296 1813 509 1889 μονήν.
572 1820 664 1874 καὶ
695 1813 819 1874 ουδ’
856 1812 929 1883 ω“ς
959 1840 1108 1892 παρα
1138 1815 1397 1889 Σάγκτου
1428 1814 1617 1914 ἕτερόν
1646 1839 1697 1872 τι
1727 1813 1898 1887 ἥκου-

276 1898 422 2002 ἶῖσαν
452 1899 583 1974 παρ’
619 1897 690 1973 ἣν
720 1897 818 1958 ἀπ’
833 1898 1002 1975 ἀρχῆς
1036 1911 1247 1959 εἴθιστο
1278 1905 1461 1974 λέγειν
1479 1903 1575 1973 τῆς
1605 1898 1897 1973 ὁμολογίας

277 1981 530 2085 ζφωνήν.
583 1989 666 2041 40.
702 1977 854 2042 οὗτοι
883 1986 986 2058 μὲν
1017 1978 1137 2058 οὐν,
1171 1982 1249 2042 δι’
1282 1984 1494 2059 ἀγῶνος
1516 1982 1760 2058 μεγάλου
1787 1986 1897 2040 ἐπι-

279 2065 462 2125 “πολὺ
504 2068 930 2142 παραμενούσης
972 2066 1159 2127 αὐτῶν
1197 2076 1293 2142 τῆς
1335 2072 1542 2143 ψυχῆς,
1595 2065 1900 2141 τοῦσχατον

280 2146 606 2223 “ἐτυ’θησαν
639 2153 729 2208 δια
761 2157 854 2225 τῆς
895 2149 1100 2226 ἡμέρας
1145 2157 1390 2226 ἐκείνης,
1431 2152 1555 2210 ἀντὶ
1594 2151 1772 2224 πάσης
1803 2155 1896 2223 τῆς

224 2233 383 2291 25“ε’ν
413 2249 525 2302 τοῖς
555 2242 906 2309 μονομαχίοις
937 2243 1210 2303 ποικιλίας
1250 2235 1408 2294 αὐτοὶ
1449 2239 1632 2309 θέαμα
1677 2234 1899 2309 γενόμε-

281 2317 406 2377 “vot
436 2325 511 2394 τῷ
544 2318 743 2396 κόσμῳ.
800 2324 883 2376 41.
917 2319 950 2392 ἡ
986 2321 1047 2377 δὲ
1070 2327 1353 2379 Βλανδῖνα
1385 2323 1472 2378 ἐπὶ
1503 2320 1671 2388 ξύλου
1701 2343 1898 2394 κρεμα-

281 2398 522 2460 “σθει”σα
553 2403 844 2476 προύκειτο
875 2403 1014 2478 βορά
1044 2409 1156 2461 τῶν
1189 2409 1634 2479 εἰσβαλλομένων
1657 2410 1896 2478 θηρίων,

283 2483 358 2559 “ἣ
399 2489 490 2543 καὶ
537 2485 628 2543 διά
670 2491 770 2546 τοῦ
807 2490 1114 2560 βλέπεσθαι
1158 2494 1401 2564 σταυροῦ
1430 2488 1661 2564 σχήματι
1701 2512 1898 2561 κρεμα-

283 2569 479 2644 “με’νη,
515 2569 605 2628 διά
634 2575 731 2644 τῆς
756 2569 987 2630 εὐτόνου
1011 2578 1320 2648 προσευχῆς
1344 2573 1555 2648 πολλὴν
1577 2577 1900 2646 προθυμίαν

226 2672 272 2703 30
290 2653 441 2722 “τοϊς
481 2651 899 2730 ἀγωνιζομένοις
943 2662 1210 2731 ἐνεποίει,
1252 2658 1574 2731 βλεπόντων
1615 2654 1798 2714 αὐτῶν
1840 2659 1900 2712 ἐν

287 2734 402 2815 “tq-3
431 2738 610 2812 ἀγῶνί
639 2743 730 2797 καὶ
763 2755 876 2807 τοῖς
909 2745 1119 2809 ἔξωθεν
1150 2741 1588 2816 ὀφθαλμοϊςὍιὰ
1616 2745 1711 2813 τῆς
1741 2739 1899 2797 ἀδελ-

285 2819 435 2896 “φῆς
466 2824 562 2881 τὸν
592 2821 735 2898 ὑπὲρ
770 2821 954 2883 αὐτῶν
988 2829 1424 2900 ἐσταυρωμένον,
1457 2833 1548 2885 ἵνα
1580 2832 1743 2899 πείσῃ
1775 2824 1902 2890 τοὺς
