1986 3152
289 118 392 170 386
968 118 1212 158 EUSEBII

1579 233 1894 264 wwwwww

291 239 566 307 ἐπίκρισιν
610 234 1017 306 ἐκδεχομένων,
1071 228 1230 289 “ποῦ
1281 256 1372 305 μοι
1411 232 1470 289 τὸ
1516 256 1635 307 πυρ
1737 243 1867 307 εβοα

288 324 336 375 3.
369 319 462 374 καὶ
491 323 669 374 ταῦτα
701 319 881 388 λέγων
913 316 1219 389 ἀνάκλητος
1243 316 1386 391 πρός
1408 319 1638 389 βασιλέα
1662 326 1895 392 γίνεται,

287 404 580 476 καινοτέρᾳ
630 400 1168 474 ὐποβληθησόμενος
1219 401 1442 457 κολάσει
1493 407 1591 473 τῆς
1631 403 1895 476 γλώττης,

284 481 349 558 ἧς
381 485 679 557 ἀποκοπὴν
718 484 1085 558 ἀνδρειότατα
1125 481 1436 558 ὑπομείνας
1479 491 1657 559 ἔργοις
1689 486 1897 544 ἅπασιν

242 592 262 624 5
284 569 575 637 ὑπέδειξεν
606 570 690 626 ὅτι
723 569 791 641 δὴ
823 576 953 626 θειά
986 569 1223 642 δύναμις
1253 582 1369 634 τοῖς
1402 565 1699 627 ὁτιποτοῦν
1729 579 1888 644 χαλε-

284 655 395 711 πόν
455 653 600 728 ὑπὲρ
663 652 947 725 εὐσεβείας
1006 651 1393 726 ὑπομένουσιν
1454 657 1897 728 ἐπελαφρίζουσα

284 738 416 805 τούς
448 739 659 804 πόνους
691 739 784 794 καὶ
814 737 916 809 τὴν
940 745 1268 811 προθυμίαν
1302 740 1693 811 ἐπιρρωννῦσα
1723 747 1896 813 παρί-

288 842 490 879 σταται.
534 820 739 895 μαθών
763 827 909 893 γοῦν
939 822 1040 894 τὴν
1069 828 1440 895 καινουργίαν
1469 827 1565 894 τῆς
1595 824 1895 896 κολάσεως,

285 909 378 963 καὶ
409 906 483 980 μὴ
515 908 887 978 καταπλαγεὶς
930 903 958 962 ὁ
994 907 1301 978 γεννάδας,
1345 905 1598 978 ἀσμένως
1640 908 1895 981 προυβά-

221 1013 263 1044 10
286 998 409 1048 λετο
439 990 541 1062 τὴν
586 995 867 1063 γλῶτταν,
912 991 1314 1065 προθυμότατα
1357 990 1596 1064 εὐτρεπῆ
1637 994 1896 1066 παρέχων

285 1074 465 1147 αὐτὴν
493 1088 610 1141 τοῖς
654 1074 1040 1147 ἀποτέμνουσι.
1111 1079 1159 1131 4,
1217 1074 1349 1146 μεθ’
1392 1073 1465 1147 ἣν
1505 1081 1774 1148 τιμωρίαν
1817 1082 1896 1142 είς

284 1159 459 1232 δεσμοὶ
482 1160 713 1230 βληθεὶς
729 1203 743 1229 ,
777 1159 1043 1216 πλεῖστόν
1065 1182 1123 1215 τε
1146 1156 1347 1215 αὐτόθι
1371 1160 1642 1231 πονηθεὶς
1668 1159 1894 1234 χρόνον,

281 1245 436 1309 τέλος
476 1248 574 1315 τῆς
616 1241 843 1316 ἀρχικῆς
898 1247 1342 1317 είκοσαετηρίδος
1386 1243 1715 1315 ἐπιστάσης,
1757 1243 1896 1300 κατὰ

283 1329 645 1400 νομιζομένην
688 1324 907 1398 δωρεάν
947 1333 1061 1384 τῶν
1105 1330 1165 1384 ἐν
1205 1340 1322 1393 τοῖς
1365 1332 1589 1400 δεσμοῖς
1642 1332 1894 1401 πανταχῆ

220 1431 260 1461 15
284 1412 513 1468 πάντων
573 1414 899 1485 ἐλευθερίας
960 1411 1484 1484 ἀνακηρυχθείσης,
1552 1412 1721 1484 μόνος
1779 1411 1893 1470 ὑπὸ

282 1497 447 1553 πέντε
477 1496 790 1568 κεντήματα
821 1495 988 1569 ἄμφω
1019 1495 1093 1552 τοὶ
1134 1496 1271 1553 πόδε
1304 1497 1617 1567 διαταθεὶς,
1652 1499 1712 1553 ἐν
1742 1495 1894 1573 αὐτῷ

280 1587 531 1654 κείμενος
562 1585 639 1656 τῷ
672 1579 820 1657 ξύλω
851 1581 1034 1656 βρόχῳ
1069 1582 1452 1654 περιβληθεὶς,
1508 1579 1582 1646 ὦς
1624 1582 1718 1637 καὶ
1761 1584 1890 1638 ἐπε-

282 1665 477 1735 πόθει,
519 1671 810 1742 μαρτυρίςο
852 1665 1261 1738 κατεκοσμήθη.
1338 1669 1386 1721 5.
1443 1663 1569 1721 ἀλλ’
1603 1659 1766 1732 οὗτός
1809 1689 1891 1737 γε,

283 1755 336 1805 εἰ
362 1750 456 1804 καὶ
487 1745 791 1823 ὑπερόριος
810 1795 824 1821 ,
857 1747 1004 1822 ὅμως
1030 1748 1401 1815 Παλαιστινὸς
1434 1747 1544 1820 ω’ν,
1584 1752 1645 1805 ἐν
1676 1758 1892 1807 Παλαι-

218 1851 262 1884 20
286 1846 493 1899 στινοῖς
534 1833 681 1901 ἄξιος
723 1831 796 1890 ἂν
837 1843 922 1906 εἴη
964 1834 1239 1907 μάρτυσιν
1275 1833 1656 1907 ἀριθμεῖσθαι.
1717 1840 1894 1890 ταῦτα

278 1918 382 1990 μὲν
434 1923 541 1974 ἔτει
592 1918 794 1995 πρώτῳ
846 1923 1049 1975 τοῦτον
1103 1917 1451 1989 ἀπετελέσθη
1511 1917 1610 1974 τὸν
1662 1918 1891 1992 τρόπον,

279 2002 416 2057 κατὰ
455 2002 646 2074 μόνων
691 2007 805 2059 τῶν
846 2008 943 2075 τῆς
986 2006 1284 2075 ἐκκλησίας
1327 2004 1619 2076 προέδρων
1652 2005 1883 2083 ἐπηρτψ

283 2086 456 2157 μένου
488 2092 590 2141 τοῦ
624 2091 893 2159 διωγμοῦ.

406 2180 483 2228 ΙΙΙ.
568 2173 854 2244 Δευτέρου
907 2170 960 2226 δ’
1017 2177 1176 2237 ἔτους
1228 2170 1621 2242 διαλαβόντος,
1668 2171 1762 2226 καὶ
1819 2170 1888 2243 δή

214 2269 259 2302 25
283 2253 662 2326 σφοδρότερον
706 2255 1061 2321 ἐπιταθέντος
1101 2260 1202 2311 τοῦ
1243 2251 1377 2311 καθ’
1422 2252 1579 2326 ἡμῶν
1622 2255 1887 2327 πολέμου,

280 2343 375 2409 τῆς
409 2339 675 2409 ἐπαρχίας
709 2337 1032 2410 ηγουμένου
1055 2339 1313 2411 τηνικάδε
1344 2336 1676 2413 Οὐρβανου,
1708 2363 1885 2413 γραμ-

277 2421 467 2493 μάτων
502 2421 680 2497 τούτῳ
722 2443 944 2493 πρωτον
983 2429 1287 2494 βασιλικων
1330 2422 1771 2496 πεφοιτηκότων,
1824 2426 1885 2479 ἐν

278 2512 361 2571 οἱς
412 2512 694 2582 καθολικῷ
747 2507 1123 2614 προστάγματι
1175 2508 1392 2575 πάντας
1438 2508 1716 2580 πανδημεὶ
1757 2506 1889 2573 τούς

278 2613 417 2645 κατα
448 2590 610 2647 πόλιν
638 2565 805 2647 θύειν
835 2614 893 2647 τε
923 2593 1017 2647 καὶ
1044 2594 1308 2650 σπένδειν
1331 2606 1448 2659 τοις
1482 2591 1732 2657 εἰδωλοις
1765 2594 1887 2648 ἐκε-

214 2690 256 2721 30
280 2674 499 2745 λεύετο,
562 2675 833 2747 Τιμόθεος
888 2678 948 2732 ἐν
992 2677 1135 2751 Γάζῃ
1177 2676 1332 2734 πόλει
1373 2682 1471 2749 τῆς
1512 2682 1888 2747 Παλαιστίνης

278 2764 483 2833 μυρίας
535 2757 777 2825 ἀνατλὰς
818 2762 1132 2832 βασάνους,
1187 2763 1277 2818 ἐπὶ
1321 2761 1522 2826 πάσαις
1568 2766 1750 2836 λεπτῷ
1794 2761 1888 2815 καὶ
1921 2769 1940 2774 ’“

278 2848 551 2919 μαλθακῷ
606 2845 744 2918 πυρὶ
789 2847 1160 2918 παραδοθεὶς,
1215 2845 1448 2918 δοκιμὴν
1500 2844 1884 2917 γνησιωτάτην
