1986 3152
542 103 698 144 HIST.
731 102 981 146 ECOLES.
1014 103 1093 145 v1.
1128 105 1307 145 26-29.
1623 103 1727 154 273

241 230 452 279 xxvm.
507 228 634 296 [Nic.
667 230 724 278 H.
752 229 805 278 E.
835 231 887 286 v,
917 227 1022 294 20]
1101 217 1211 276 Τόν
1234 215 1728 293 γεμὴνῬωμαιων

112 299 495 376 αὐτοκράτορα
522 300 884 376 Ἀλέξανδρον
923 305 1105 375 τρισὶν
1147 305 1235 360 ἐπὶ
1278 305 1412 360 δέκα
1453 309 1596 361 ἔτεσι
1625 304 1726 376 τὴν

109 386 289 461 ἀρχὴν
322 385 667 445 διανύσαντα
702 390 1010 460 Μαξιμῖνος
1042 396 1260 460 Καῖσαρ
1296 391 1634 461 διαδέχεται,
1665 386 1726 456 ὃς

108 471 181 543 δὴ
223 471 359 528 κατὰ
400 471 562 529 κότον
604 469 702 529 τὸν
742 470 880 545 πρὸς
921 469 1017 528 τὸν
1043 468 1407 546 Ἀλεξάνδρου
1440 473 1623 545 οἷκον,
1667 476 1726 530 ἐκ

109 554 387 613 πλειόνων
418 560 629 613 πιστῶν
659 561 1006 627 συνεστῶτα,
1042 554 1288 629 διωγμὸν
1320 559 1564 631 ἐγείρας,
1596 557 1724 624 τούς
1747 581 1768 613 5

107 644 222 697 τῶν
254 644 560 712 ἐκκλησιῶν
590 640 858 715 ἄρχοντας
888 639 1092 711 μόνους
1126 636 1202 706 ῶς
1234 646 1442 708 αἰτίους
1466 647 1562 713 τῆς
1587 640 1724 698 κατα

106 724 169 781 τὸ
222 723 547 796 εὐαγγέλιον
590 729 947 790 διδασκαλίας
987 721 1344 796 ἀναιρεῖσθαι
1386 724 1721 796 προστάττει.

104 806 229 865 τότε
280 811 372 864 καὶ
409 805 691 882 Ὠριγένης
741 805 838 864 τὸν
889 809 1016 880 περὶ
1057 815 1366 882 μαρτυρίου
1410 808 1717 879 συντάττει,

103 889 414 968 Ἀμβροσίω
446 886 535 948 καὶ
568 890 951 968 Πρωτοκτήτω
983 894 1339 968 πρεσβυτέρῳ
1370 897 1465 964 τῆς
1497 896 1556 950 ἐν
1589 902 1722 950 Και-

106 982 304 1052 σαρείᾳ
355 982 647 1049 παροικίας
700 972 934 1043 ἀναθεὶς
986 974 1046 1033 τό
1098 975 1462 1050 σύγγραμμα,
1516 976 1598 1034 ὅτι
1654 976 1722 1050 δὴ
1745 1001 1789 1032 10

105 1060 274 1134 ἄμφω
335 1070 659 1134 περίστασις
712 1059 812 1133 οὐχ
863 1056 895 1132 ἡ
949 1063 1192 1133 τυχοῦσα
1254 1065 1314 1118 ἐν
1371 1067 1447 1138 τῷ
1501 1065 1726 1139 διωγμῷ

109 1144 462 1218 κατειλήφει,
517 1149 578 1202 ἐν
623 1137 661 1220 ᾗ
704 1147 796 1201 καὶ
844 1147 1144 1217 διαπρέψαι
1189 1147 1402 1219 κατέχει
1455 1146 1614 1218 λόγος
1666 1150 1726 1205 ἐν

107 1225 371 1306 ὁμολογίᾳ
410 1229 538 1296 τοὺς
579 1230 816 1302 ἄνδρας,
861 1227 928 1287 οὐ
972 1237 1226 1297 πλείονος
1256 1226 1290 1302 ἢ
1319 1235 1566 1302 τριετοῦς
1597 1230 1726 1304 χρό-

111 1337 214 1370 νου
269 1318 346 1390 τῷ
399 1318 698 1390 Μαξιμίνῳ
750 1317 1162 1386 διαγενομένου.
1247 1321 1606 1388 σεσημείωται
1664 1317 1725 1372 δὲ

106 1402 329 1455 τουτονὶ
369 1405 471 1456 τοῦ
515 1401 761 1471 διωγμοῦ
801 1398 899 1456 τὸν
941 1398 1135 1471 καιρὸν
1175 1406 1236 1456 ε”ν
1275 1422 1333 1455 τε
1372 1401 1448 1475 τῷ
1481 1401 1722 1476 δευτέρῳ
1747 1421 1787 1453 15

109 1485 202 1539 καὶ
257 1488 484 1560 εἰκοστῷ
534 1487 645 1540 τῶν
688 1489 765 1550 εἰς
804 1483 864 1540 τὸ
907 1483 1044 1540 κατὰ
1082 1480 1347 1556 Ἰωάννην
1390 1486 1724 1557 έξηγητικῶν

106 1569 200 1623 καὶ
233 1570 292 1624 ἐν
325 1567 613 1640 διαφόροις
647 1571 955 1634 ἐπιστολαῖς
983 1565 1283 1639 Ὠριγένης.

238 1663 413 1712 ΧΧΙΧ.
471 1663 597 1728 [Nic.
629 1664 686 1712 H.
715 1663 768 1712 E.
799 1664 860 1723 V,
889 1660 998 1728 26]
1096 1655 1408 1724 Γορδιανοῦ
1470 1653 1529 1709 δὲ
1589 1651 1724 1724 μετὰ

111 1741 429 1809 Μαξιμῖνον
479 1734 581 1808 τὴν
614 1732 898 1810 Ῥωμαίων
945 1732 1250 1809 ἡγεμονίαν
1302 1739 1722 1809 διαδεξαμένου,

105 1827 204 1893 τῆς
262 1820 400 1877 κατὰ
445 1816 658 1894 Ῥῶμην
718 1825 1007 1893 ἐκκλησίας
1059 1819 1374 1878 Ποντιανόν
1434 1826 1612 1879 ἔτεσιν
1665 1824 1721 1889 ἓξ
1745 1845 1786 1875 20

111 1903 590 1962 ἐπισκοπεύσαντα
652 1907 962 1978 διαδέχεται
1018 1902 1315 1980 Ἀντέρως,
1376 1907 1468 1962 καὶ
1526 1909 1724 1962 τοῦτον

110 1987 392 2061 Φαβιανὸς
447 1991 535 2046 ἐπὶ
575 1994 724 2063 μῆνα
764 1993 831 2063 τῇ
873 1995 1187 2065 λειτουργίᾳ
1230 1985 1721 2063 διακονησᾶμενον,

106 2078 156 2130 2.
203 2076 255 2142 ἐξ
287 2070 462 2148 ἀγροῦ
491 2093 630 2147 φασι
660 2074 756 2132 τὸν
789 2072 1076 2146 Φαβιανόν
1107 2072 1241 2148 μετὰ
1271 2073 1372 2147 τὴν
1398 2071 1724 2147 Ἀντέρωτος

108 2156 373 2230 τελευτὴν
424 2155 515 2231 ἅμ’
568 2161 771 2232 ἑτέροις
826 2157 1177 2216 συνελθόντα
1231 2158 1608 2233 ἐπιχωριάζειν
1658 2161 1727 2233 τῇ

98 2237 298 2316 Ῥῶμῃ,
334 2249 473 2300 ἔνθα
504 2242 919 2316 παραδοξότατα
949 2241 1086 2316 πρὸς
1115 2247 1210 2317 τῆς
1240 2251 1400 2311 θείας
1431 2246 1524 2301 καὶ
1550 2242 1721 2317 οὕρα-
1743 2267 1783 2299 25

109 2331 236 2383 νίου
266 2325 483 2400 χάριτος
516 2330 604 2384 ἐπὶ
635 2328 737 2385 τόν
766 2331 972 2401 κλῆρον
1002 2331 1468 2401 παρεληλυθέναι.
1530 2332 1578 2385 3.
1613 2331 1724 2385 τῶν

107 2408 212 2482 γαρ
264 2407 526 2483 ἀδελφῶν
576 2407 840 2469 ἁπάντων
885 2419 1220 2486 χειροτονίας
1260 2416 1450 2470 ἕνεκεν
1489 2418 1585 2485 τῆς
1625 2417 1723 2470 τοῦ

109 2497 404 2566 μέλλοντος
438 2496 799 2563 διαδέξασθαι
821 2495 924 2568 τὴν
949 2495 1254 2570 ἐπισκοπὴν
1285 2499 1374 2554 ἐπὶ
1405 2503 1501 2569 τῆς
1533 2500 1723 2569 ἐκκλη-

110 2584 233 2646 σίας
280 2580 834 2653 συγκεκροτημένων,
885 2588 1160 2638 πλείστων
1200 2605 1258 2638 τε
1300 2585 1587 2655 ἐπιφανῶν
1629 2582 1721 2637 καὶ

110 2642 352 2732 ἐνδόξων
391 2660 618 2736 ἀνδρῶν
658 2677 775 2731 τοῖς
815 2672 1037 2731 πολλοῖς
1082 2667 1142 2723 ἐν
1170 2664 1411 2741 ὑπονοίᾳ
1440 2661 1718 2738 ὑπαρχόν-
1743 2688 1786 2720 3ο

107 2770 249 2819 των,
292 2739 331 2804 ὁι
356 2748 639 2821 Φαβιανός
670 2747 866 2818 παρῶν
895 2747 1126 2817 οὐδενὸς
1157 2750 1261 2822 μὲν
1291 2748 1612 2824 ἀνθρώπων
1645 2754 1721 2813 εἰς

110 2829 365 2889 διάνοιαν
395 2832 500 2905 ᾔει,
533 2831 678 2906 ὅμως
713 2830 766 2889 δ’
800 2824 904 2890 οὖν
934 2832 1156 2908 ἀθρόως
1187 2836 1245 2890 ἐκ
1268 2832 1545 2907 μετεῶρου
1570 2854 1718 2904 περι·

201 2938 429 2968 EUSEBIUS
463 2941 526 2969 IV.
1404 2926 1468 2977 18
