1986 3152
256 112 360 165 443
930 107 1178 149 EUSEBII

260 237 469 300 εἴρηται
541 230 589 281 6.
629 224 827 281 “δεῦτε
858 224 950 280 καὶ
982 229 1126 280 ἴδετε
1156 222 1223 280 τά
1256 228 1391 296 ἔργα
1420 225 1522 279 τοῦ
1551 228 1786 296 κυρίου,
1831 220 1866 279 ἃ

261 318 421 368 ἔθετο
471 309 670 382 τέρατα
719 310 808 366 ἐπὶ
852 313 948 380 τῆς
999 313 1101 380 γῆς
1120 351 1136 379 a
1188 305 1539 380 άνταναιρῶν
1591 308 1865 380 πολέμους

259 395 417 468 μέχρι
445 398 559 451 τῶν
587 393 843 467 περάτων
871 397 970 465 τῆς
1002 393 1357 465 οἰκουμένης·
1389 391 1554 459 τόξον
1576 397 1867 466 συντρίψει

261 480 354 535 καὶ
397 479 706 536 συνθλάσει
746 478 951 550 ὅπλον,
1004 478 1097 533 καὶ
1138 475 1388 551 θυρεούς
1427 476 1762 532 κατακαύσει
1808 479 1867 532 ἐν

219 561 464 637 5πυρί·”
541 561 636 636 ἐφ’
682 559 764 629 οἷς
805 567 883 628 εἰς
922 557 1066 635 ἡμᾶς
1123 564 1373 636 ἐναργῶς
1416 561 1868 634 πεπληρωμένοις

259 652 549 721 χαίροντες
578 646 681 704 τὸν
713 649 911 720 ἐφεξῆς
955 651 1302 720 συνείρωμεν
1343 645 1530 716 λόγον.
1615 649 1660 700 7.
1715 643 1868 717 ἠφά-

258 750 411 789 νιστο
442 732 546 804 μὲν
578 731 647 803 δὴ
681 729 816 788 καθ’
849 729 914 788 ὃν
946 730 1253 803 δεδήλωται
1279 729 1489 805 τρόπον
1519 734 1634 786 πᾶν
1662 728 1724 785 τὸ
1755 731 1869 785 τῶν

259 821 540 890 θεομισῶν
569 817 762 888 γένος,
809 816 902 872 καὶ
930 821 1028 888 τῆς
1068 814 1392 888 ἀνθρώπων
1433 812 1657 888 ἀθρόως
1688 813 1870 881 ὅψεως

260 900 439 967 οὕτως
472 901 824 972 ἐξαλήλειπτο
867 898 942 966 ὠς
980 900 1146 956 πάλιν
1177 903 1326 974 ῥῆμα
1358 908 1521 956 θεῖον
1542 898 1695 965 τέλος
1727 902 1872 970 ἔχειν

200 1013 239 1045 10
262 983 324 1042 τὸ
359 986 525 1057 λέγον
563 984 752 1042 “εἷδον
792 982 967 1057 ἀσεβῆ
1004 979 1479 1058 ῦπερυψούμενον
1518 983 1612 1039 καὶ
1644 981 1871 1055 ἐπαιρό-

261 1093 431 1143 μενον
464 1093 538 1135 ως
569 1092 665 1134 τας
695 1071 931 1142 κέδρους
973 1073 1075 1125 τοῦ
1107 1068 1382 1140 Λιβάνου·
1435 1068 1528 1123 καὶ
1558 1072 1871 1138 παρῆλθον,

262 1155 355 1209 καὶ
389 1152 513 1210 ἰδοῦ
548 1175 653 1209 ουκ
682 1156 784 1225 ἡν,
826 1153 920 1209 καὶ
952 1152 1179 1224 ἐζήτησα
1208 1152 1310 1209 τὸν
1337 1150 1510 1208 τόπον
1540 1147 1749 1222 αὐτοῦ,
1780 1150 1873 1207 καὶ
1962 1154 1968 1211 Ξ

264 1235 366 1310 ούχ
411 1236 648 1310 εὑρέθη
661 1234 692 1256 ”
756 1241 804 1293 8.
851 1235 1030 1311 ημέρα
1071 1237 1134 1294 δε
1165 1235 1363 1293 λοιπὸν
1401 1235 1510 1308 ἤδη
1541 1233 1749 1309 φαιδροὶ
1780 1235 1872 1292 καὶ
1960 1259 1968 1302 Δἕ

264 1321 528 1394 διαυγὴς,
561 1321 802 1395 μηδενὸς
831 1324 1044 1395 νέφους
1075 1319 1257 1394 αὐτην
1289 1319 1718 1392 ἐπισκιάζοντος,
1750 1342 1873 1392 φω-

203 1433 242 1465 15
263 1406 355 1474 τὸς
408 1405 682 1479 οὐρανίου
734 1413 928 1478 βολαῖς
980 1404 1088 1463 άνά
1128 1403 1231 1478 τὴν
1272 1405 1611 1478 οἰκουμένην
1650 1403 1875 1461 ἅπασαν

262 1504 383 1558 ταῖς
417 1493 733 1563 ἐκκλησίαις
771 1496 872 1548 τοῦ
913 1494 1158 1564 Χριστοῦ
1199 1489 1569 1563 κατηύγαζεν,
1623 1485 1763 1546 οὐδέ
1796 1511 1875 1554 τις
1965 1521 1968 1546 :

263 1580 335 1647 ἡν
366 1577 459 1633 καὶ
487 1587 606 1642 τοις
646 1578 858 1644 ἔξωθεν
898 1580 1000 1632 τοῦ
1042 1573 1178 1632 καθ’
1212 1570 1357 1649 ἡμᾶς
1396 1574 1599 1632 θιάσου
1631 1573 1872 1648 φθόνος,
1962 1599 1966 1627 ;

265 1660 677 1718 συναπολαύειν
729 1666 783 1717 εἰ
831 1659 906 1734 μὴ
958 1666 1073 1717 τῶν
1114 1669 1281 1732 ἴσων,
1334 1658 1617 1735 ἀπορροῆς
1670 1656 1724 1715 δ’
1769 1661 1875 1714 οὐν

264 1744 412 1818 ὅμως
463 1745 556 1801 καὶ
607 1751 904 1818 μετουσίας
956 1750 1071 1802 τῶν
1120 1745 1333 1802 θεόθεν
1375 1739 1514 1817 ημῖν
1553 1763 1875 1819 πρυτανευ-

203 1856 244 1887 20
265 1831 501 1887 θέντων.

407 1925 463 1976 ΙΙ.
542 1924 674 1991 [Nic.
714 1926 772 1975 H.
812 1926 867 1974 E.
907 1925 1006 1981 Vll,
1046 1922 1156 1991 40]
1249 1918 1401 1971 Πᾶσι
1454 1913 1559 1986 μὲν
1610 1906 1718 1969 οῦν
1769 1909 1876 1968 άν-

265 1998 513 2072 θρώποις
554 1996 621 2055 τά
664 2001 723 2056 ἐκ
774 2004 870 2071 τῆς
911 2004 1025 2055 τῶν
1063 1998 1364 2074 τυράννων
1404 2001 1877 2062 καταδυναστείας

270 2082 543 2156 ἐλεύθερα
573 2077 679 2155 ἦν,
724 2084 818 2140 καὶ
856 2088 972 2140 τῶν
1011 2084 1298 2158 προτέρων
1328 2080 1744 2155 ἀπηλλαγμένοι
1771 2103 1870 2137 κα-

267 2171 385 2222 κῶν
416 2165 583 2233 ἄλλος
625 2163 806 2233 ἄλλως
835 2167 1013 2240 μόνον
1043 2165 1230 2239 άληθῆ
1269 2165 1412 2223 θεὸν
1437 2165 1536 2223 τὸν
1563 2170 1680 2222 τῶν
1710 2162 1876 2222 εύσε-

206 2275 246 2307 25
269 2255 389 2322 βῶν
419 2245 743 2323 ῦπέρμαχον
775 2246 1076 2324 ὡμολόγει,
1117 2250 1351 2324 μάλιστα
1382 2246 1438 2307 δ’
1470 2245 1608 2324 ἡμῖν
1635 2262 1752 2317 τοῖς
1786 2251 1876 2307 ἐπὶ

266 2333 371 2391 τόν
419 2333 658 2408 Χριστὸν
708 2340 810 2391 τοῦ
863 2340 1007 2392 θεοῦ
1047 2334 1146 2402 τας
1199 2337 1428 2402 ἐλπίδας
1480 2334 1878 2409 άνηρτημένοις

269 2418 493 2486 ἄλεκτος
534 2424 720 2492 παρῆν
762 2418 1118 2493 εὐφροσύνη,
1172 2426 1272 2477 καί
1309 2443 1388 2487 τις
1433 2426 1629 2486 ἔνθεος
1672 2420 1878 2477 ἅπασιν

270 2503 502 2575 ἐπήνθει
554 2504 729 2577 χαρά,
782 2504 964 2562 πάντα
1001 2505 1178 2563 τόπον
1216 2503 1318 2562 τὸν
1356 2504 1464 2580 πρὸ
1505 2509 1707 2578 μικροῦ
1757 2517 1878 2571 ταῖς

267 2593 381 2645 τῶν
419 2589 715 2662 τυράννων
767 2594 1116 2663 δυσσεβείαις
1157 2588 1543 2665 ἠρειπωμένον
1584 2588 1772 2664 ὥσπερ
1818 2591 1878 2646 ἐκ

204 2697 245 2730 30
268 2678 483 2746 μακρᾶς
513 2674 606 2730 καὶ
636 2674 1041 2750 θανατηφόρου
1073 2675 1250 2748 λύμης
1273 2673 1693 2747 άναβιεόσκοντα
1722 2683 1876 2731 θεω-

385 2870 404 2908 1
438 2868 605 2914 Psalm.
628 2870 683 2910 45
707 2868 817 2923 (46),
843 2871 882 2913 9.
1003 2871 1056 2911 10
1086 2869 1255 2913 Psalm.
1279 2870 1332 2911 36
1357 2868 1472 2922 (37),
1497 2869 1564 2910 35.

1954 2448 1963 2582 ...ι-.ν«.-
