1986 3152
506 97 661 138 HIST.
692 95 942 138 ECCLES.
966 96 1044 138 IV.
1068 96 1134 135 18.
1160 97 1226 135 19.
1572 78 1672 144 16'9

57 209 380 278 “ε’κλεκτούς
413 212 761 285 ἐκλεξάμενοι
791 211 911 270 τότε
935 209 1042 269 ἀπὸ
1066 209 1424 284 Ἰερουσαλὴμ
1449 211 1673 283 ἐξεπέμ-

58 293 233 365 “ware
276 301 352 362 εἰς
395 293 617 353 ἅπασαν
655 296 757 369 τὴν
797 299 903 370 γῆν
945 298 1197 369 λέγοντες
1239 299 1456 368 αἵρεσιν
1497 292 1673 352 ἄθεον

57 376 446 454 “Χριστιανῶν
475 379 782 454 πεφάνθαι,
815 383 1205 453 καταλέγοντές
1228 404 1286 437 τε
1307 382 1499 451 ταῦτα,
1531 377 1671 451 ἅπερ

56 460 227 521 “xafi’
273 460 431 537 ἡμῶν
474 470 531 522 οὗ
578 463 909 538 ἀγνοοῦντες
948 461 1089 538 ἡμᾶς
1140 461 1342 529 πάντες
1394 465 1671 535 λέγουσιν,

55 546 235 605 “ε3στε
258 547 325 605 οὐ
350 547 523 621 μόνον
546 552 761 617 ἑαυτοῖς
787 547 1003 615 ἀδικίας
1028 557 1191 605 αἴτιοι
1215 543 1509 621 ὑπάρχετε,
1534 545 1673 604 αλλὰ
1694 562 1716 594 5

57 631 189 689 ‘acal
221 645 335 698 τοῖς
365 630 550 699 ἅλλοις
580 630 786 691 ἅπασιν
816 632 1003 698 ἁπλῶς
1028 630 1366 704 ἀνθρώποις.
1377 628 1407 649 ”
1462 636 1509 688 8.
1545 656 1674 706 γρα-

65 740 158 789 φει
192 717 252 772 δε
282 717 374 772 καὶ
417 715 490 782 ὡς
530 715 611 772 ότι
650 720 808 791 μέχρι
850 718 942 774 και
984 715 1157 773 αὐτοῦ
1197 712 1507 789 χαρίσματα
1537 737 1675 789 προ-

64 798 270 872 φητικόι
310 802 612 873 διέλαμπεν
654 803 743 858 ἐπὶ
782 805 878 874 τῆς
921 803 1226 873 ἐκκλησίας.
1292 801 1559 872 μέμνηται
1615 800 1676 856 δὲ

65 886 158 940 καὶ
188 886 282 956 τῆς
307 880 567 940 Ἰωάννου
599 883 1029 956 ἀποκαλύψεως,
1071 887 1263 956 σαφῶς
1306 887 1404 940 τοῦ
1444 879 1675 940 άποστό-

67 977 166 1024 λου
199 965 376 1040 αὐτὴν
408 967 551 1026 εἶναι
582 971 773 1042 λέγων.
831 971 923 1027 καὶ
956 971 1139 1043 ῥητῶν
1172 970 1238 1025 δέ
1261 991 1431 1025 τινων
1461 989 1673 1041 προφη-
1698 982 1744 1014 10

63 1055 232 1109 τικῶν
271 1051 632 1126 μνημονεύει,
674 1056 974 1127 διελέγχων
1015 1051 1112 1110 τὸν
1161 1051 1472 1126 Τρύφωνα,
1524 1048 1677 1108 ὦσαν

64 1135 488 1208 περικοψάντων
514 1134 652 1195 αὐτὰ
676 1137 965 1196 Ἰουδαίων
989 1136 1096 1194 ἀπὸ
1121 1140 1216 1210 τῆς
1239 1142 1474 1210 γραφῆς.
1523 1143 1676 1193 πλεῖ-

65 1238 166 1277 στα
199 1221 258 1277 δὲ
289 1223 381 1277 καὶ
411 1224 569 1296 ἕτερα
599 1222 750 1296 παρὰ
780 1231 1005 1288 πολλοῖς
1030 1224 1254 1294 φέρεται
1278 1219 1541 1292 ἀδελφοῖς
1565 1223 1677 1278 των

0 1360 1 1382 ³
68 1302 241 1362 αὐτοῦ
272 1303 480 1362 πόνων.
543 1311 590 1362 9.
623 1303 828 1364 οὑτωσὶ
862 1308 922 1364 δὲ
953 1311 1203 1378 σπουδῆς
1236 1305 1380 1363 εἶναι
1410 1302 1553 1372 ἄξιοι
1583 1307 1676 1360 καὶ

0 1388 1 1400 ’
64 1403 178 1455 τοῖς
209 1398 463 1455 παλαιοῖς
495 1389 729 1449 ἐδόκουν
769 1397 827 1449 οἱ
862 1390 1099 1464 τάνδρὸς
1142 1388 1297 1462 λόγοι
1340 1384 1412 1455 ὥς
1450 1388 1547 1446 τὸν
1579 1395 1674 1446 Εἰ·
1699 1401 1743 1434 15

66 1487 299 1548 ρηναῖον
329 1471 809 1548 ἀπομνημονεύειν
840 1472 1011 1533 αὐτοῦ
1040 1472 1258 1547 φωνὰς,
1290 1476 1452 1531 τοῦτο
1481 1473 1585 1546 μὲν
1617 1476 1676 1530 ἐν

66 1561 140 1633 τῷ
171 1555 410 1635 τετάρτῳ
443 1557 577 1628 πρὸς
607 1559 702 1625 τας
734 1564 972 1632 αἱρέσεις
1003 1557 1142 1616 αὐτὰ
1185 1556 1254 1631 δὴ
1295 1561 1468 1615 ταῦτα
1501 1559 1676 1614 ἐπιλέ-

64 1665 234 1713 γοντα
257 1637 387 1698 “acal
418 1647 598 1709 καλῶς
629 1639 657 1700 ὁ
681 1643 975 1711 Ἰουστῖνος
1008 1647 1068 1701 ἐν
1096 1646 1175 1719 τῷ
1204 1642 1338 1717 πρὸς
1362 1648 1678 1716 Μαρκίωνα

58 1721 443 1799 “συντάγματί
470 1745 645 1800 φησιν
673 1726 758 1785 ὅτι
789 1725 940 1804 αὐτῷ
968 1731 1045 1804 τῷ
1075 1733 1251 1804 κυρίῳ
1292 1723 1395 1784 οὐκ
1425 1722 1495 1783 ἂν
1527 1729 1679 1783 ἐπεί-

57 1808 246 1883 “σθην
274 1807 445 1868 ἄλλον
474 1811 615 1869 θεὸν
645 1815 1069 1885 καταγγέλλοντι
1099 1809 1247 1885 παρὰ
1280 1809 1377 1868 τὸν
1414 1816 1675 1883 δημιουρ·
1699 1823 1746 1855 20

60 1889 254 1967 “γόν,”
289 1899 450 1952 τοῦτο
482 1897 543 1953 δὲ
576 1899 635 1953 ἐν
663 1900 740 1974 τῷ
770 1900 997 1973 πέμπτῳ
1030 1899 1123 1969 τῆς
1154 1892 1323 1968 αὐτῆς
1352 1890 1678 1960 ὑποθέσεως

70 1976 163 2035 διὰ
192 1977 405 2036 τούτων
437 1976 567 2037 “acal
598 1984 777 2049 καλῶς
807 1977 835 2038 ὁ
860 1979 1157 2046 Ἰουστῖνος
1189 1987 1295 2053 ἔφη
1327 1976 1409 2037 ὅτι
1435 1978 1546 2051 ’πρὸ
1576 1979 1678 2051 μὲν

62 2059 195 2135 “τῆς
223 2066 325 2120 τοῦ
354 2071 553 2139 κυρίου
585 2072 892 2139 παρουσίας
915 2062 1183 2123 οὐδέποτε
1209 2062 1506 2138 ἐτόλμησεν
1527 2059 1556 2119 ὁ
1583 2082 1678 2119 σα-

61 2142 266 2214 ’(τανᾶς
308 2153 699 2223 βλασφημῆσαι
743 2149 840 2208 τὸν
880 2148 1049 2222 θεὸν,
1103 2146 1199 2207 ἅτε
1238 2151 1467 2222 μηδέπω
1518 2144 1679 2212 εἰδώς

62 2229 274 2289 “αὐτοῦ
297 2230 400 2305 τὴν
422 2232 794 2309 κατάκρισιν.”
851 2240 930 2292 10.
965 2236 1056 2291 καὶ
1079 2237 1253 2291 ταῦτα
1278 2234 1339 2290 δὲ
1363 2231 1678 2304 ἀναγκαίως
1701 2242 1746 2275 2⁵
1817 2287 1820 2289 ,

73 2315 348 2390 εἰρήσθω,
392 2323 469 2384 εἰς
500 2318 822 2393 προτροπὴν
851 2343 948 2376 του
979 2317 1114 2392 μετὰ
1146 2319 1395 2389 σπουδῆς
1425 2339 1553 2382 τους
1584 2339 1680 2388 φι-

71 2407 337 2483 λομαθεῖς
368 2404 460 2459 καὶ
490 2426 620 2470 τους
650 2401 850 2461 τούτου
893 2405 1177 2477 περιέπειν
1218 2402 1428 2475 λόγους.
1492 2401 1583 2457 καὶ
1614 2423 1680 2455 τα

69 2507 170 2556 μεν
199 2484 336 2542 κατὰ
365 2484 534 2544 τόνδε
563 2492 787 2545 τοιαῦτα
817 2480 903 2560 ῆν.

198 2579 321 2630 ΧΙΧ.
380 2580 508 2647 [Nic.
545 2582 602 2631 H.
643 2582 699 2631 E
727 2580 957 2648 lv‚19.]
1033 2568 1181 2643 ’Ήδη
1234 2544 1297 2627 δε
1350 2575 1428 2635 εἰς
1479 2566 1679 2640 ὄγδοον

72 2651 412 2726 ἐλαυνούσης
444 2660 560 2721 ἔτος
590 2658 685 2728 τῆς
717 2658 1060 2728 δηλουμένης
1097 2650 1392 2729 ἡγεμονίας
1432 2655 1527 2725 τῆς
1551 2647 1679 2710 Ρω·
1701 2658 1745 2690 3⁰
1829 2715 1834 2721 .

185 2847 236 2886 16
267 2847 386 2887 Iren.
419 2848 506 2901 IV,
540 2849 588 2901 6,
620 2850 661 2891 2.
691 2862 736 2901 p.
769 2850 865 2889 233.
1002 2850 1053 2888 21
1085 2849 1205 2888 Iren.
1240 2848 1293 2898 V,
1328 2847 1396 2897 26,
1429 2846 1469 2884 2.
1502 2857 1546 2896 p.
1581 2842 1677 2882 324.
