1986 3152
515 99 671 139 HIST.
704 98 954 139 EOCLES.
989 99 1063 138 1v.
1098 99 1165 139 22.
1198 99 1266 141 23.
1598 95 1697 147 173

93 213 396 286 ἐπισκοπὴν
428 217 808 288 ἐγκεχείριστο.
862 218 912 270 4.
945 211 1083 285 άλλη
1116 209 1171 270 δ’
1207 212 1466 285 ἐπιστολή
1495 237 1575 278 τις
1601 209 1697 268 αὐ-

88 301 187 356 τοῦ
216 298 352 373 πρὸς
384 301 735 371 Νικομηδέας
766 300 1019 371 φέρεται,
1064 300 1122 355 ἐν
1161 289 1197 372 ᾗ
1226 296 1328 370 τὴν
1360 303 1697 371 Μαρκίωνος

87 387 304 454 αἵρεσιν
334 385 589 455 πολεμῶν
612 386 687 460 τῷ
710 386 805 455 τῆς
830 379 1100 455 ἀληθείας
1131 388 1462 454 παρίσταται
1486 379 1694 439 κανόνι.

86 471 134 524 5.
169 469 261 524 καὶ
290 471 356 542 τῇ
389 470 649 542 ἐκκλησίᾳ
684 468 745 524 δὲ
785 471 852 540 τῇ
895 464 1234 541 παροικούσῃ
1266 465 1555 541 Γόρτυναν
1586 462 1698 537 ἅμα

86 564 205 617 ταῖς
236 558 451 617 λοιπαῖς
482 551 618 608 κατὰ
645 550 870 625 Κρήτην
893 557 1203 627 παροικίαις
1241 554 1547 617 ἐπιστείλας
1591 555 1696 606 Φί-
1719 570 1739 601 5

87 643 291 692 λιππον
344 639 643 692 ἐπίσκοπον
695 633 880 691 αὐτῶν
931 632 1284 708 ἀποδέχεται,
1338 632 1432 692 ἅτε
1483 633 1554 706 ,δὴ
1609 635 1698 691 ἐπὶ

86 725 363 786 πλείσταις
392 721 847 794 μαρτυρουμένης
878 715 1284 791 ἀνδραγαθίαις
1324 722 1419 790 τῆς
1458 714 1557 775 ὑπ’
1601 714 1698 774 αὐ-

86 800 184 860 τὸν
235 806 555 875 ἐκκλησίας,
607 801 722 874 τήν>
758 825 818 859 τε
868 805 980 859 τῶν
1022 807 1313 875 αἱρετικῶν
1355 801 1698 874 διαστροφὴν

85 885 491 959 ὑπομιμνήσκει
533 886 927 960 φυλάττεσθαι.
1002 893 1048 944 6.
1092 889 1184 943 καὶ
1223 889 1292 959 τῇ
1333 889 1592 960 ἐκκλησίᾳ
1638 887 1698 942 δὲ

85 977 151 1044 τῇ
181 970 524 1046 παροικούσῃ
543 969 844 1045 ’Ἁμαστριν
875 967 986 1044 ἅμα
1015 985 1134 1038 ταῖς
1163 969 1301 1027 κατὰ
1333 969 1551 1028 Πόντον
1585 972 1697 1027 ἐπι-
1723 992 1762 1022 10

85 1060 301 1122 στείλας
342 1061 696 1129 Βακχυλίδου
737 1056 840 1129 μὲν
881 1058 972 1112 καὶ
1008 1056 1299 1114 Ἐλπίστου
1343 1053 1496 1118 ὠσάν
1527 1052 1698 1111 αὐτὸν

86 1140 175 1196 ἐπὶ
204 1137 264 1196 τό
306 1139 514 1214 γράψαι
553 1138 990 1214 προτρεψάντων
1027 1142 1327 1213 μέμνηται,
1367 1143 1602 1211 γραφῶν
1639 1162 1697 1196 τε

83 1230 262 1281 θείων
294 1223 572 1297 ἐξηγήσεις
596 1226 1005 1298 παρατέθειται,
1040 1227 1341 1282 ἐπίσκοπον
1365 1220 1552 1280 αὐτῶν
1574 1219 1697 1280 ὀνο-

85 1332 212 1381 ματι
237 1307 476 1381 Πάλμαν
505 1307 931 1382 ὑποσημαίνων·
966 1307 1140 1366 πολλοὶ
1167 1309 1227 1365 δὲ
1250 1311 1377 1382 περὶ
1402 1306 1581 1380 γάμου
1605 1309 1696 1363 καὶ

86 1391 311 1463 ἁγνείας
351 1406 465 1460 τοῖς
506 1389 694 1460 αὐτοῖς
733 1407 1020 1467 παραινεῖ,
1074 1395 1166 1449 καὶ
1207 1391 1334 1459 τούς
1385 1395 1438 1460 ἐξ
1479 1397 1598 1458 οἵας
1640 1388 1693 1448 δ’
1720 1410 1761 1443 1⁵

0 1551 1 1559 ἵ
85 1468 192 1533 οὖν
221 1473 620 1550 ἀποπτώσεως,
664 1487 772 1535 εἴτε
812 1483 1213 1551 πλημμελείας,
1259 1487 1367 1534 εἴτε
1406 1475 1518 1549 μὴν
1550 1481 1696 1550 αἱρε-

0 1562 1 1590 ἷ
85 1563 239 1632 τικῆς
269 1559 481 1633 πλάνης
523 1563 951 1635 ἐπιστρέφοντας
993 1565 1315 1630 δεξιοῦσθαι
1356 1561 1692 1634 προστάττει.

88 1649 134 1700 7.
167 1643 390 1712 ταύταις
421 1643 559 1717 ἄλλη
603 1649 1004 1718 ἐγκατείλεκται
1042 1644 1176 1717 πρὸς
1207 1651 1535 1711 Κνωσσίους
1579 1647 1696 1701 ἐπι-

85 1728 272 1802 στολὴ,
306 1732 366 1787 ἐν
395 1721 433 1803 ᾗ
461 1728 714 1788 Πινυτόν
743 1734 838 1803 τῆς
869 1737 1159 1803 παροικίας
1192 1733 1492 1787 ἐπίσκοπον
1523 1751 1695 1803 παρα-

87 1821 247 1871 καλεῖ
281 1814 353 1887 μὴ
393 1813 539 1888 βαρύ
577 1819 808 1888 φορτίον
851 1813 1154 1887 ἐπάναγκες
1204 1813 1264 1871 τὸ
1305 1816 1431 1885 περὶ
1472 1812 1696 1885 ἁγνείας
1719 1832 1761 1863 20

85 1911 199 1964 τοῖς
230 1894 494 1970 ἀδελφοῖς
528 1901 865 1972 ἐπιτιθέναι,
906 1902 1000 1971 τῆς
1042 1900 1104 1956 δὲ
1135 1902 1247 1956 τῶν
1276 1902 1500 1955 πολλῶν
1530 1922 1697 1954 κατα-

85 1981 449 2055 στοχάζεσθαι
480 1981 793 2051 ἀσθενείας.
856 1989 903 2040 8.
938 1981 1072 2057 πρὸς
1104 1980 1175 2055 ἣν
1207 1981 1236 2039 ὁ
1270 1980 1511 2049 Πινυτὸς
1543 1980 1697 2039 ἀντι-

86 2065 319 2139 γράφων
349 2067 619 2140 θαυμάζει
649 2070 751 2141 μὲν
781 2070 872 2125 καὶ
902 2065 1229 2141 ἀποδέχεται
1251 2065 1346 2124 τὸν
1371 2064 1694 2139 Διονύσιον,

87 2147 525 2225 ἀντιπαρακαλεῐ
555 2153 617 2209 δὲ
648 2156 1005 2226 στερροτέρας
1037 2151 1145 2225 ἤδη
1178 2153 1308 2209 ποτὲ
1338 2149 1696 2224 μεταδιδόναι

86 2242 323 2308 τροφῆς,
375 2239 730 2309 τελειοτέροις
781 2236 1097 2310 γράμμασιν
1151 2239 1403 2301 εἰσαῦθις
1455 2234 1552 2292 τὸν
1592 2231 1691 2292 ὑπ’
1718 2252 1758 2283 25

87 2317 238 2396 αὐτῷ
268 2321 407 2378 λαὸν
436 2320 866 2395 ὑποθρέψαντα,
901 2320 973 2388 ὡς
1004 2319 1076 2394 μὴ
1112 2318 1205 2378 διά
1235 2323 1426 2387 τέλους
1457 2333 1570 2386 τοῖς
1601 2344 1695 2392 γα-

88 2403 428 2462 λακτώδεσιν
453 2408 894 2479 ἐνδιατρίβοντες
918 2404 1099 2477 λόγοις
1123 2409 1188 2479 τῇ
1212 2403 1482 2477 νηπιώδει
1507 2403 1699 2478 ἀγωγῇ

89 2485 320 2546 λάθοιεν
350 2488 845 2562 καταγηράσαντες.
912 2488 984 2546 δι’
1022 2481 1085 2562 ἧς
1119 2492 1404 2562 ἐπιστολῆς
1427 2491 1518 2545 καὶ
1544 2487 1577 2560 ἡ
1600 2491 1698 2545 τοῦ

89 2577 340 2630 Πινυτοῦ
383 2577 510 2646 περὶ
547 2572 648 2645 τὴν
688 2581 876 2631 πίστιν
916 2572 1216 2648 ὀρθοδοξία
1255 2598 1314 2631 τε
1345 2575 1438 2630 καὶ
1469 2573 1696 2646 φροντὶς

89 2658 183 2726 τῆς
212 2660 324 2714 τῶν
354 2656 616 2730 ὑπηκόων
649 2657 947 2730 ὠφελείας,
979 2657 1039 2715 τό
1069 2681 1128 2715 τε
1159 2656 1350 2730 λόγιον
1382 2659 1473 2714 καὶ
1504 2655 1537 2728 ἡ
1569 2658 1694 2728 περὶ
1718 2670 1758 2700 30

90 2737 155 2795 τοὶ
191 2751 324 2798 θεῖα
366 2740 587 2808 σύνεσις
632 2741 705 2808 ὡς
746 2741 822 2798 δι’
867 2740 1261 2815 ἀκριβεστάτης
1302 2739 1695 2798 ἀναδείκνυται

92 2823 318 2891 εἰκόνος.
408 2831 453 2882 9.
490 2832 567 2883 ἔτι
612 2829 710 2884 τοῦ
750 2833 1059 2884 Διονυσίου
1100 2828 1191 2883 καὶ
1233 2824 1369 2900 πρὸς
1401 2821 1694 2896 Ῥωμαίους
