1986 3152
245 95 350 146 474
934 95 1179 137 EUSEBII

246 214 443 286 μηδενὶ
473 218 756 278 παντελῶς
791 215 1015 279 ἐξουσία
1046 210 1286 284 ἀρνητέα
1318 206 1354 286 ᾗ
1384 218 1486 269 τοῦ
1518 212 1860 271 ἀκολουθεῖν

248 299 340 353 καὶ
381 301 666 371 αἱρεῖσθαι
704 295 810 368 τὴν
847 300 961 352 τῶν
992 301 1342 368 Χριστιανῶν
1383 297 1779 371 παραφύλαξιν
1819 297 1853 370 ἢ

247 387 574 454 θρησκείαν,
625 380 834 457 ἑκάστῳ
879 404 938 437 τε
986 382 1208 447 ἐξουσία
1254 385 1450 453 δοθείη
1493 385 1595 438 τοῦ
1644 382 1862 439 διδόναι

251 469 450 523 ἑαυτοῦ
481 466 584 538 τὴν
620 465 871 522 διάνοιαν
906 467 966 521 ἐν
999 466 1182 539 ἐκείνῃ
1215 470 1283 539 τῇ
1306 472 1612 541 θρησκεία,
1644 464 1717 539 ἣν
1749 465 1860 523 αυ’-

206 550 341 616 5τὸς
376 551 554 627 ἑαυτῷ
598 549 849 623 ἁρμόζειν
890 555 1114 623 νομίζῃ,
1161 549 1311 616 ὅπως
1352 549 1488 623 ἡμῖν
1530 555 1755 626 δυνηθῇ
1797 550 1858 608 τὸ

247 645 410 692 θεῖον
443 638 502 691 ἐν
534 641 668 692 πᾶσι
697 633 799 706 τὴν
823 639 1018 707 ἔθιμον
1043 633 1298 706 σπουδὴν
1321 636 1414 690 καὶ
1437 634 1861 707 καλοκάγαθίαν

251 722 525 792 παρέχειν.
573 725 620 776 6.
654 717 813 775 α’τινα
845 718 1020 785 οὕτως
1051 717 1308 792 ἀρέσκειν
1349 717 1483 792 ἡμῖν
1525 719 1862 792 ἀντιγράψαι

251 803 570 861 ἀκόλουθον
601 798 691 877 ἦν,
740 802 821 860 ἵν’
857 802 1274 877 ἀφαιρεθεισῶν
1306 810 1591 871 παντελῶς
1621 809 1735 861 τῶν
1767 809 1859 861 αί-

252 891 488 963 ρέσεων,
522 893 727 954 αἳτινες
766 901 882 954 τοῖς
914 890 1199 960 προτέροις
1229 886 1391 961 ἡμῶν
1422 889 1706 963 γράμμασι
1744 902 1861 955 τοῖς

188 999 228 1031 10
252 973 388 1047 πρὸς
420 972 521 1045 τὴν
552 973 656 1045 σὴν
680 978 1024 1029 καθοσίωσιν
1048 971 1404 1031 ἄποσταλεῖσι
1429 975 1558 1047 περὶ
1580 979 1694 1030 τῶν
1720 983 1862 1047 Χρι-

251 1061 493 1115 στιανῶν
537 1061 841 1130 ἐνείχοντο,
888 1057 981 1112 καὶ
1022 1056 1183 1113 ἅτινα
1227 1058 1379 1114 πάνυ
1423 1058 1585 1114 σκαιοὶ
1632 1059 1726 1114 καὶ
1767 1064 1864 1129 τῆς

250 1139 518 1216 ἡμετέρας
572 1142 877 1216 πραότητος
928 1139 1193 1215 ἀλλότρια
1241 1141 1384 1198 εἶναι
1430 1142 1643 1213 ἐδόκει,
1689 1147 1863 1199 ταῦτα

251 1223 566 1300 ὑφαιρεθῇ,
599 1227 692 1282 καὶ
724 1230 836 1282 νῦν
867 1227 1179 1298 ἐλευθέρως
1209 1249 1267 1283 τε
1307 1228 1400 1282 καὶ
1432 1225 1697 1293 ἀπλανῶς
1730 1230 1863 1284 ἕκα-

255 1333 379 1377 στος
411 1316 525 1367 τῶν
556 1310 659 1383 τὴν
690 1308 872 1382 αὐτὴν
903 1318 1235 1385 προαίρεσιν
1269 1311 1584 1384 ἐσχηκότων
1612 1316 1714 1368 τοῦ
1746 1335 1863 1384 φυ-

194 1421 234 1453 15
259 1397 473 1453 λάττειν
513 1395 615 1468 τὴν
645 1401 759 1452 τῶν
790 1400 1141 1468 Χριστιανῶν
1180 1403 1494 1469 θρησκείαν
1533 1395 1670 1453 ἄνευ
1713 1395 1867 1462 τινὸς

253 1480 533 1555 ὀχλήσεως
562 1485 727 1537 τοῦτο
760 1478 898 1536 αὐτὸ
932 1481 1371 1553 παραφυλαττοι.
1421 1486 1466 1537 7.
1500 1480 1661 1537 ἅτινα
1690 1486 1760 1556 τῇ
1792 1485 1864 1555 σῇ

255 1570 538 1640 ἐπιμελείᾳ
568 1566 917 1639 πληρέστατα
949 1569 1195 1637 δηλῶσαι
1228 1568 1688 1638 ἐδογματίσαμεν,
1715 1566 1867 1631 ὅπως

255 1655 456 1722 εἰδείης
486 1648 629 1723 ἡμᾶς
663 1652 972 1725 ἐλευθέραν
1011 1651 1104 1706 καὶ
1145 1647 1573 1723 ἀπολελυμένην
1606 1653 1868 1718 ἐξουσίαν

253 1740 353 1792 τοῦ
380 1742 637 1808 τημελεῖν
658 1734 761 1807 τὴν
787 1736 1003 1791 ἑαυτῶν
1023 1741 1334 1808 θρησκείαν
1366 1749 1481 1802 τοῖς
1509 1733 1701 1800 αὐτοῖς
1730 1743 1869 1807 Χρι-

193 1845 233 1878 20
257 1833 518 1891 στιανοῖς,
533 1821 851 1876 δεδωκέναι.
886 1824 934 1876 8.
951 1819 1088 1894 ὅπερ
1107 1819 1292 1892 ἐπειδὴ
1307 1818 1735 1892 απολελυμένως
1758 1817 1867 1875 αὐ-

255 1918 371 1971 τοῖς
394 1903 498 1977 ὑφ’
523 1900 684 1978 ἡμῶν
711 1909 1094 1978 δεδωρῆσθαι,
1119 1913 1330 1978 θεωρεῖ
1348 1899 1382 1976 ἡ
1411 1904 1479 1977 σὴ
1505 1910 1868 1974 καθοσίωσις,

256 1991 348 2045 καὶ
391 1991 591 2062 ἑτέροις
629 1989 898 2046 δεδόσθαι
942 1991 1202 2056 ἐξουσίαν
1230 2003 1347 2055 τοῖς
1377 1991 1736 2062 βουλομένοις
1766 1993 1870 2044 τοῦ

257 2076 623 2147 μετέρχεσθαι
647 2073 750 2145 τὴν
773 2074 1157 2147 παρατήρησιν
1178 2076 1272 2130 καὶ
1294 2081 1606 2146 θρησκείαν
1625 2075 1841 2129 ἑαυτῶν
1856 2087 1866 2098 ·

258 2157 396 2230 ὅπερ
413 2157 741 2223 ἀκολούθως
757 2162 824 2232 τῇ
839 2154 1049 2232 ἡσυχίᾳ
1061 2163 1173 2214 τῶν
1188 2156 1472 2229 ἡμετέρων
1489 2161 1698 2230 καιρῶν
1710 2163 1869 2228 γίνε-

196 2264 237 2297 25
261 2250 396 2298 σθαι
426 2242 675 2316 φανερόν
708 2245 875 2313 ἐστιν,
907 2239 1058 2307 ὅπως
1092 2244 1352 2309 ἐξουσίαν
1383 2245 1610 2307 ἕκαστος
1643 2247 1738 2315 ἔχῃ
1769 2245 1871 2297 τοῦ

261 2331 542 2400 αἱρεῖσθαι
571 2327 665 2382 καὶ
694 2334 951 2399 τημελεῖν
983 2325 1180 2382 ὁποῖον
1211 2324 1266 2382 δ’
1294 2323 1366 2383 ἂν
1395 2327 1663 2398 βούληται
1691 2334 1871 2382 θεῖον.

259 2416 424 2467 τοῦτο
455 2411 518 2467 δὲ
548 2406 657 2483 ὑφ’
684 2406 843 2483 ἡμῶν
866 2413 1118 2483 γέγονεν,
1144 2410 1294 2477 ὅπως
1318 2416 1556 2486 μηδεμιᾷ
1579 2415 1708 2484 τιμῇ
1732 2410 1873 2483 μηδὲ

260 2502 535 2570 θρησκεία
558 2497 666 2552 τινὶ
689 2501 1042 2569 μεμειῶσθαί
1059 2520 1110 2552 τι
1134 2494 1236 2568 ὑφ’
1263 2496 1424 2569 ἡμῶν
1449 2501 1657 2567 δοκοίη.
1705 2499 1753 2552 9.
1778 2495 1873 2550 καὶ

261 2586 425 2636 τοῦτο
468 2580 530 2636 δε
571 2579 711 2653 πρὸς
752 2594 870 2647 τοῖς
916 2589 1129 2647 λοιποῖς
1185 2586 1263 2647 είς
1305 2579 1368 2637 τὸ
1413 2579 1716 2682 πρόσωπον
1757 2584 1871 2635 τῶν

199 2688 240 2720 3ο
265 2670 614 2738 Χριστιανῶν
646 2670 1070 2738 δογματιηζομεν
1111 2670 1206 2721 ἴνα
1245 2689 1379 2730 τους
1420 2665 1626 2730 τόπους
1659 2669 1870 2734 αὐτῶν,

265 2755 342 2815 είς
384 2747 484 2816 οὑς
525 2750 587 2806 τὸ
634 2750 907 2824 πρότερον
958 2751 1331 2823 συνέρχεσθαι
1373 2755 1504 2815 ἔθος
1543 2752 1615 2822 ἠν
1659 2744 1873 2818 αυτοῖς,

264 2835 391 2909 περὶ
438 2837 518 2891 ῶν
557 2836 649 2890 καὶ
689 2848 806 2900 τοῖς
847 2834 1122 2908 πρότερον
1170 2839 1390 2892 δοθεῖσι
1434 2833 1573 2908 πρὸς
1617 2833 1719 2905 τὴν
1766 2831 1873 2905 σὴν
