2032 3174
10 3100 17 3174 μμ,
0 2942 13 3061 ss'q-
0 2910 2 2915 ⁴
0 2887 1 2891 Α
0 2826 9 2863 ‘²‘
0 2750 3 2755 '

350 117 419 169 (30
1022 113 1271 155 EUSEBII

352 234 424 299 ὦς
463 231 568 305 ἄρα
608 234 719 287 τών
761 228 897 286 κατὰ
936 227 1038 301 τὴν
1074 225 1411 302 Ἀντιόχειαν
1454 234 1724 304 μαθητῶν
1774 228 1968 298 καθώς

351 313 648 390 ηὐπορεῖτό
688 338 796 386 τις,
840 311 1050 386 ὥρισαν
1091 315 1316 379 ἕκαστος
1361 320 1439 380 εἰς
1493 321 1784 372 διακονίαν
1823 312 1964 371 ἄπο-

353 408 563 458 στεϊλαι
592 412 706 465 τοῖς
737 400 1086 455 κατοικοῦσιν
1119 400 1178 454 ἐν
1207 404 1273 472 τῇ
1301 395 1568 474 Ἰουδαίᾳ·
1601 396 1630 456 ὃ
1655 401 1745 456 καὶ
1779 402 1965 472 ἐποίη-

354 506 480 557 σαν,
507 483 928 548 ἀποστείλαντες
949 480 1083 556 πρὸς
1097 482 1224 548 τοὺς
1237 486 1644 555 πρεσβυτέρους
1671 483 1760 540 διὰ
1783 482 1965 557 χειρὸς

312 595 332 627 5
356 568 620 642 Βαρνάβα
645 569 734 624 καὶ
751 565 1000 624 Παύλου.
1043 571 1091 624 3.
1118 572 1213 639 τῆς
1238 571 1303 639 γέ
1322 566 1659 640 τοιἙλένης,
1692 560 1754 639 ἧς
1782 566 1848 639 δὴ
1872 568 1964 623 καὶ
2006 628 2015 647 ἑ

352 654 381 710 ὁ
414 650 768 726 συγγραφεὺς
811 649 1102 723 ἐποιήσατο
1143 651 1391 725 μνήμην,
1438 654 1603 709 εἰσέτι
1633 657 1741 708 νῦν
1770 657 1968 723 στῆλαι

356 743 646 811 διαφανεῖς
679 740 738 794 έν
770 742 1114 809 προαστείοις
1147 742 1468 794 δείκνυνται
1497 740 1592 808 τῆς
1615 741 1724 793 νῦν
1748 741 1961 802 Αἰλίας.
2007 766 2010 767 ’

353 828 452 879 τοῦ
485 822 545 878 δὲ
570 820 917 893 Ἀδιαβηνῶν
963 827 1166 888 ἔθνους
1198 820 1336 894 αὕτη
1375 827 1702 893 βασιλεῦσαι
1735 822 1967 893 ἐλέγετο.

487 917 612 966 xm.
669 912 790 984 [Nic.
815 917 873 965 H.
899 916 951 964 E.
979 916 1033 972 Π,
1062 914 1140 965 14.
1168 914 1252 966 27.
1283 918 1395 966 Eus.
1420 918 1545 965 infra
1569 917 1642 972 lv,
1663 913 1770 983 214
1804 902 1970 962 Ἀλλὰ

293 1016 334 1047 10
359 984 463 1063 γαρ
492 994 612 1063 ιτῆς
667 995 743 1056 εἰς
783 989 881 1046 τὸν
933 994 1155 1062 σωτῆρα
1197 992 1288 1046 καὶ
1329 988 1522 1060 κύριον
1563 989 1719 1062 ἡμῶν
1753 985 1970 1061 Ἰησοῦν

355 1074 594 1148 Χριστὸν
649 1079 726 1139 εἰς
771 1072 978 1140 πάντας
1021 1071 1357 1149 ἀνθρώπους
1407 1072 1514 1146 ἤδη
1570 1077 1969 1146 διαδεδομένης

355 1166 591 1223 πίστεως
630 1157 658 1214 ὁ
698 1162 792 1229 τῆς
840 1155 1160 1229 ἀνθρώπων
1205 1160 1459 1231 πολέμιος
1511 1165 1811 1231 σωτηρίας,
1866 1154 1972 1231 τὴν

356 1240 770 1315 βασιλεύουσαν
822 1242 1289 1315 προαρπάσασθαι
1341 1241 1503 1299 πόλιν
1554 1241 1968 1315 μηχανώμενος,

357 1330 607 1385 ἐνταῦθα
627 1331 859 1398 Σίμωνα
884 1324 980 1382 τὸν
1005 1324 1256 1398 πρόσθεν
1289 1329 1674 1398 δεδηλωμένον
1705 1324 1844 1398 ἄγει,
1875 1326 1969 1382 καὶ

293 1434 333 1467 15
358 1411 427 1483 δὴ
474 1423 593 1477 ταῖς
641 1411 910 1483 ἐντέχνοις
961 1408 1196 1485 τάνδρὸς
1249 1408 1645 1483 συναιρόμενος
1695 1416 1973 1483 γοητείαις

356 1501 581 1561 πλειόυς
622 1519 733 1551 των
772 1494 875 1566 τὴν
897 1493 1105 1567 Ρώμην
1136 1493 1442 1552 οἰκούντων
1483 1497 1570 1551 ἐπὶ
1611 1492 1714 1567 τὴν
1753 1492 1972 1567 πλανην

363 1585 750 1653 σφετερίζεται.
820 1583 869 1635 2.
905 1584 1067 1651 δηλοῖ
1110 1579 1171 1635 δε
1210 1583 1370 1636 τοῦτο
1410 1577 1527 1652 μετ’
1564 1575 1632 1635 ου’
1673 1578 1814 1636 πολὺ
1857 1582 1973 1635 τῶν

356 1661 680 1719 αποστόλων
725 1665 784 1719 ἐν
828 1666 902 1739 τῷ
945 1660 1080 1719 καθ’
1123 1662 1267 1735 ἡμᾶς
1316 1663 1623 1735 διαπρέψας
1663 1660 1811 1739 λόγῳ
1837 1658 1971 1719 Ἰου-
2024 1660 2027 1662 ’

358 1761 562 1818 στῖνος,
594 1748 720 1816 περὶ
751 1740 818 1802 οὗ
848 1770 914 1803 τα
945 1745 1294 1820 προσήκοντα
1325 1747 1461 1803 κατὰ
1493 1744 1687 1820 καιρὸν
1716 1744 1968 1821 παραθή-

294 1856 336 1888 20
360 1849 537 1904 σομαι.
600 1835 699 1887 καί
723 1854 814 1903 μοι
846 1830 1035 1902 λαβὼν
1066 1826 1355 1903 ἀνάγνωθι
1386 1834 1552 1888 τοῦδε
1593 1830 1695 1903 τὴν
1724 1829 1971 1904 γραφὴν,

357 1913 429 1988 ἣν
472 1919 533 1972 έν
571 1918 637 1989 τῇ
678 1917 918 1990 προτέρᾳ
958 1913 1093 1988 πρὸς
1129 1912 1461 1972 Ἀντωνῑνον
1503 1915 1644 1989 ὑπὲρ
1685 1921 1783 1972 τοῦ
1829 1913 1964 1972 καθ’

357 1998 499 2072 ἡμᾶς
534 1997 801 2100 δόγματος
841 1995 1111 2075 απολογιά
1156 1998 1390 2073 γράφων
1422 1992 1533 2057 ώδέ
1561 2020 1734 2102 φησιν
1764 1999 1847 2057 3.
1854 1998 1971 2056 καὶ

349 2080 524 2156 ’μετα
552 2081 654 2155 τὴν
683 2081 961 2155 ἀναληψιν
983 2086 1083 2141 τοῦ
1103 2090 1303 2157 κυρίου
1328 2090 1404 2150 εἰς
1435 2081 1677 2158 ουρανὸν
1699 2082 1970 2157 προεβαλ-

349 2165 546 2224 “λοντο
576 2171 634 2223 οι
661 2171 918 2240 δαίμονες
956 2165 1293 2240 ἀνθρώπους
1321 2167 1502 2239 τινὰς,
1543 2171 1803 2240 λέγοντας
1844 2170 1972 2225 ἑαυ-

293 2246 517 2317 25“τοὺς
549 2250 691 2308 εἶναι
725 2249 921 2322 θεους,
954 2257 1011 2308 οἳ
1036 2249 1104 2309 οὐ
1134 2249 1306 2324 μόνον
1345 2250 1448 2309 οὐκ
1481 2250 1893 2326 ἐδιώχθησαν
1863 2248 1968 2325 υφ’

353 2330 579 2408 “ὑμῶν,
633 2331 772 2391 ἀλλὰ
820 2337 912 2392 καὶ
962 2339 1135 2409 τιμῶν
1179 2333 1523 2409 ἠξιώθησαν·
1588 2343 1823 2410 Σίμωνα
1866 2338 1971 2410 μέν

351 2415 514 2477 “uva
545 2421 811 2493 Σαμαρέα
841 2417 939 2476 τὸν
968 2416 1075 2477 ἆπὸ
1106 2418 1289 2494 κώμης
1320 2423 1616 2494 λεγομένης
1645 2426 1878 2492 Γιττῶν,
1909 2416 1971 2488 ὃς

350 2499 481 2560 “ε’πὶ
525 2509 813 2560 Κλαυδίου
856 2509 1135 2579 Καίσαρος
1181 2503 1273 2561 διὰ
1312 2510 1407 2578 τῆς
1437 2510 1550 2563 τών
1590 2503 1970 2579 ἐνεργούντων

353 2586 673 2661 αδαιμόνων
702 2590 894 2661 τέχνης
936 2587 1200 2662 δυνάμεις
1240 2589 1475 2664 μαγικάς
1517 2588 1749 2663 ποιήσας
1782 2591 1871 2646 ἐπὶ
1899 2594 1970 2662 τῇ

293 2695 338 2728 30
361 2669 555 2728 ’“πόλει
598 2667 757 2745 ὑμῶν
796 2676 860 2746 τῇ
903 2678 1149 2745 βασιλίδι
1171 2672 1346 2750 Ῥώμῃ
1375 2672 1508 2742 θεὸς
1539 2677 1834 2747 ἐνομίσθη,
1876 2675 2001 2730 καὶ-

475 2868 525 2907 19
557 2867 718 2907 Iustin.
741 2866 871 2919 Apol.
895 2868 930 2907 Ι.
954 2879 990 2909 c.
1014 2869 1083 2907 26.
