1986 3152
271 103 371 156 166
941 104 1192 146 EUSEBH

259 216 359 276 “ἐν
390 223 457 294 τῇ
486 226 751 294 συζυγίᾳ,
794 220 886 275 καὶ
926 215 1241 292 ὁμοδίαιτος
1284 221 1377 276 καὶ
1416 215 1698 292 ὁμόκοιτος
1728 245 1874 293 γινο-

259 299 463 376 “με’νη,
515 302 575 360 τὸ
628 301 928 376 λεγόμενον
979 302 1109 376 παρ’
1169 299 1303 377 ἡμῖν
1355 303 1660 377 ρεπούδιον
1700 307 1878 362 δοῦσα

255 383 592 460 “ἐχωρίσθη.
648 393 696 445 6.
730 386 758 444 5
786 388 848 444 δὲ
870 386 1302 460 καλόςκάγαθός
1325 388 1528 460 ταύτης
1552 386 1714 462 ἀνὴρ,
1751 391 1878 447 δέον
1939 407 1942 410 ’

256 466 469 529 “αὐτόν
499 478 741 545 χαίρειν,
773 469 858 529 ὅτι
889 469 923 528 ἃ
953 472 1124 529 πάλαι
1153 471 1289 546 μετὰ
1318 478 1431 529 τῶν
1460 470 1757 546 ὑπηρετῶν
1786 475 1877 530 καὶ
1934 487 1939 500 ³

220 552 404 612 5“τῶν
433 555 801 630 μισθοφόρων
832 554 1071 631 εὐχερῶς
1103 564 1353 631 ἔπραττε,
1384 558 1582 630 μέθαις
1606 563 1877 630 χαίρουσα

254 637 382 697 ”noel
416 647 580 716 κακίᾳ
611 640 780 715 πάσῃ,
812 639 1027 699 τούτων
1057 642 1159 714 μὲν
1188 646 1301 698 τῶν
1325 639 1581 715 πράξεων
1607 644 1873 714 πέπαυτο,
1932 662 1935 667 ·

249 723 382 781 “noel
417 724 589 783 αὐτὸν
618 725 684 782 τὰ
715 722 857 782 αὐτοὶ
887 724 1215 783 παύσασθαι
1246 725 1557 800 πράττοντα
1600 724 1876 799 ἐβούλετο,

253 805 361 882 “μὴ
394 812 739 883 βουλομένου
770 809 1177 883 ἀπαλλαγείσης
1202 816 1538 884 κατηγορίαν
1561 816 1900 885 πεποίηται,
1933 812 1939 814 ’

250 892 470 966 “λε’γων
500 892 675 966 αὐτὴν
699 895 1041 968 Χριστιανὴν
1073 897 1230 953 εἶναι.
1290 900 1337 954 7,
1373 896 1465 951 καὶ
1496 890 1530 967 ἡ
1562 895 1665 967 μὲν
1697 900 1875 966 βιβλί-

197 975 417 1035 10“διόν
447 996 534 1036 σοι
564 982 641 1055 τῷ
671 976 1034 1053 αὐτοκράτορι
1065 979 1408 1051 ἀναδέδωκε,
1442 977 1714 1052 πρότερον
1744 997 1876 1051 συγ-

251 1058 618 1136 “χωρηθῆναι
661 1062 801 1138 αὐτῇ
846 1063 1238 1136 διοικήσασθαι
1280 1063 1346 1120 τά
1393 1065 1590 1135 ἑαυτῆς
1622 1060 1875 1134 ἀξιοῦσα,

250 1143 478 1204 “ἐ’πειτα
509 1144 965 1219 ἀπολογήσασθαι
997 1150 1122 1221 περὶ
1147 1154 1244 1205 τοῦ
1270 1147 1714 1221 κατηγορήματος
1738 1147 1875 1220 μετὰ

251 1227 391 1302 “τὴν
421 1236 534 1288 τῶν
564 1230 903 1304 πραγμάτων
933 1233 1104 1304 αὐτῆς
1136 1237 1429 1303 διοίκησιν.
1492 1233 1584 1287 καὶ
1628 1227 1876 1304 συνεχῶ-

250 1311 462 1387 “ρησας
493 1319 668 1373 τοῦτο.
734 1321 779 1373 8.
815 1312 843 1373 5
876 1317 938 1373 δὲ
969 1314 1171 1389 ταύτης
1202 1317 1332 1373 ποτε
1364 1313 1536 1388 ἀνὴρ,
1568 1313 1704 1388 πρὸς
1739 1318 1874 1372 ἐκεί-

197 1397 397 1472 15“νην
427 1400 529 1472 μὲν
559 1399 632 1474 μὴ
666 1399 976 1474 δυνάμενος
1006 1401 1072 1458 τὰ
1102 1404 1212 1458 νῦν
1236 1407 1315 1458 ἔτι
1339 1401 1541 1472 λέγειν,
1573 1397 1708 1474 πρὸς
1732 1409 1875 1457 Πτο-

252 1480 519 1557 “λεμαΐόν
547 1509 701 1557 τινα,
733 1482 800 1542 ὃν
836 1482 1136 1559 Οὐρβίκιος
1171 1483 1497 1557 ἐκολάσατο,
1532 1483 1874 1542 διδάσκαλον
1924 1540 1927 1542 ,

249 1567 278 1588 “
291 1571 502 1641 ἐκείνης
560 1573 672 1626 τῶν
730 1574 1083 1644 Χριστιανῶν
1141 1568 1490 1642 μαθημάτων
1547 1567 1871 1641 γενόμενον,
1926 1644 1946 1647 „

252 1649 553 1727 “ε’τράπετο
597 1653 688 1710 διὰ
727 1657 896 1712 τοῦδε
936 1659 1037 1712 τοῦ
1079 1653 1303 1727 τρόπου.
1377 1658 1424 1710 9.
1472 1651 1876 1726 ἑκατόνταρχον

249 1733 370 1804 “seg
403 1736 576 1811 δεσμά
621 1737 929 1812 ἐμβαλόντα
969 1738 1065 1796 τὸν
1096 1746 1474 1812 Πτολεμαῖον,
1516 1743 1685 1810 φίλον
1727 1736 1876 1814 αὐτῷ
1946 1811 1948 1814 .

197 1818 266 1870 20
272 1818 641 1896 ὑπάρχοντα,
696 1830 882 1881 ἔπεισε
923 1825 1197 1896 λαβέσθαι
1237 1825 1338 1880 τοῦ
1377 1828 1731 1895 Πτολεμαίου
1785 1823 1877 1878 και

255 1903 635 1980 (Βάνερωτῆσαι
669 1913 746 1979 εἰ,
791 1904 926 1965 αυτὸ
958 1910 1118 1965 τοῦτο
1149 1905 1342 1980 μόνον,
1377 1905 1706 1981 Χριστιανός
1745 1909 1873 1963 ἐστι.

269 1993 382 2047 καὶ
412 1991 509 2048 τὸν
541 2001 890 2065 Πτολεμαῖον
921 1989 1236 2064 φιλαλήθη,
1281 1987 1405 2047 ἀλλ’
1451 1989 1555 2047 οὐκ
1596 1987 1908 2063 ἀπατηλὸνδ

251 2071 283 2093 Q?
341 2073 353 2092 9

291 2076 426 2132 ουδε
467 2075 815 2148 ψευδολόγον
854 2069 957 2148 τὴν
987 2073 1216 2148 γνῶμην
1245 2074 1410 2147 ὄντα,
1457 2073 1878 2147 ὁμολογήσαντα

254 2155 495 2216 “ἑαυτόν
548 2161 691 2217 εἶναι
732 2161 1100 2233 Χριστιανὸν,
1157 2163 1217 2217 ἐν
1271 2165 1497 2232 δεσμοῖς
1541 2162 1809 2230 γενέσθαι
1848 2154 1877 2214 5

198 2242 267 2291 25‘
273 2241 692 2317 “ἑκατόνταρχος
731 2251 1025 2317 πεποίηκε,
1079 2246 1171 2300 καὶ
1216 2245 1305 2301 ἐπὶ
1348 2242 1528 2300 πολὺν
1573 2241 1775 2316 χρόνον
1818 2245 1879 2300 ἐν

253 2324 367 2384 “vc-5
402 2332 760 2405 δεσμωτηρίῳ
806 2327 1118 2385 ἐκολάσατο.
1214 2333 1295 2385 10.
1339 2335 1662 2386 τελευταῖον
1696 2328 1756 2384 δὲ
1787 2324 1876 2383 ὅτε

254 2408 383 2468 “gaz
413 2410 721 2483 Ουρβίκιον
753 2410 900 2485 η’χθη
924 2409 953 2470 5
977 2410 1296 2485 άνθρωπος,
1328 2411 1532 2486 ὁμοίως
1557 2410 1692 2469 αὐτὸ
1716 2415 1878 2469 τοῦτο

254 2492 468 2568 “μόνον
508 2495 811 2569 ἐξητάσθη,
856 2504 907 2554 εἰ
946 2506 1030 2570 εἴη
1063 2496 1407 2571 Χριστιανός.
1481 2499 1574 2553 καὶ
1615 2493 1783 2552 πάλιν
1812 2492 1878 2552 τὰ

254 2577 433 2637 “καλα
477 2582 658 2638 ἕαυτῶ
699 2580 1172 2655 συνεπιστάμενος
1214 2581 1306 2638 διὰ
1345 2581 1448 2653 τὴν
1478 2580 1586 2637 ἀπὸ
1617 2583 1716 2637 τοῦ
1746 2587 1891 2652 Χρι·

200 2661 429 2722 30‘615013
471 2664 734 2739 διδαχὴν,
788 2665 847 2723 τὸ
891 2671 1282 2723 διδασκαλεῖον
1321 2668 1418 2738 τῆς
1469 2669 1630 2730 θείας
1681 2663 1877 2764 ἀρετῆς

257 2745 288 2766 (C
323 2745 337 2765 θ

261 2747 666 2853 “ωμολόγησετ).
746 2755 824 2806 11.
870 2749 899 2807 ὁ
942 2775 1046 2825 γαρ
1092 2747 1433 2823 ἀρνούμενος
1472 2745 1662 2806 ὁτιοῦν
1705 2773 1738 2819 η
1780 2771 1879 2804 κα-
1911 2751 1921 2753 ξ

261 2830 587 2906 “τεγνωκῶς
617 2838 715 2892 τοῦ
748 2835 1062 2908 πράγματος
1095 2838 1333 2908 ἔξαρνος-
1349 2840 1578 2907 γίνεται,
1610 2829 1643 2905 ἢ
1677 2828 1879 2909 ἑαυτὸν
