2032 3174
319 142 390 194 34
979 141 1224 182 EUSEBII

320 257 463 315 οὕτω
510 263 834 330 σημαίνοντι
882 253 1017 313 κατὰ
1061 253 1162 327 τὴν
1195 261 1548 328 δηλωθεῖσαν
1594 255 1767 313 αὐτοῦ
1797 281 1928 330 γρα-

320 342 435 414 φὴν
475 339 557 398 ὅτι
599 339 667 413 δὴ
711 338 1006 416 δωδεκάτῳ
1050 342 1282 415 ἐνιαυτῷ
1326 342 1421 412 τῆς
1473 347 1728 415 Τιβερίου
1772 347 1926 412 βασι-

320 433 469 491 λείας
502 429 792 499 ἐπίτροπος
822 427 917 496 τῆς
940 422 1210 490 Ἰουδαίας
1234 419 1342 480 ῦπὸ
1375 430 1632 498 Τιβερίου
1662 431 1926 482 καθίστα-

319 534 406 567 ται
440 512 698 576 Πιλᾶτος.

276 619 295 651 5
447 605 503 653 Χ
546 600 667 672 [Nic.
695 605 752 653 H.
782 604 835 652 E.
865 604 899 660 1,
933 602 1010 653 18.
1039 600 1145 672 29]
1192 589 1308 649 Ἐπὶ
1332 590 1542 648 τούτων
1569 591 1635 666 δὴ
1666 585 1767 650 οὖν
1791 591 1928 650 κατὰ

318 676 415 735 τὸν
447 675 840 749 εῦαγγελιστὴν
858 682 974 743 ἔτος
999 678 1491 734 πεντεκαιδέκατον
1513 682 1769 750 Τιβερίου
1785 685 1926 734 Καί-

319 781 483 834 σαρος
514 759 771 834 ἄγοντος,
812 763 1070 835 τέταρτον
1114 761 1175 817 δὲ
1213 765 1307 833 τῆς
1348 757 1643 834 ἡγεμονίας
1678 767 1926 819 Ποντίου

319 845 594 918 Πιλάτου,
649 849 744 919 τῆς
797 868 856 902 τε
911 850 1103 918 λοιπῆς
1152 843 1423 911 Ἰουδαίας
1478 843 1928 919 τετραρχούντων

312 928 563 1004 Ηρώδου
609 932 701 986 καὶ
731 936 1020 988 Λυσανίου
1065 931 1157 986 και
1191 935 1501 1002 Φιλίππου,
1549 926 1576 986 ὁ
1608 929 1788 1004 σωτὴρ
1835 931 1926 986 καὶ

255 1039 296 1072 10
319 1013 509 1089 κύριος
539 1010 697 1087 ἡμῶν
722 1010 928 1087 Ἰησοῦς
959 1012 987 1070 ὁ
1019 1013 1252 1088 Χριστὸς
1282 1019 1380 1070 τοῦ
1420 1016 1587 1086 θεοῦ,
1627 1012 1928 1087 ἀρχόμενος

318 1097 503 1156 ὦσεὶ’
476 1101 614 1156 ετῶν
635 1097 949 1170 τριάκοντα,
977 1099 1064 1154 ἐπὶ
1089 1097 1148 1154 τὸ
1166 1096 1426 1155 Ἰωάννου
1450 1096 1730 1171 βάπτισμα
1753 1119 1927 1171 παρα-

317 1189 546 1255 γίνεται,
580 1181 857 1256 καταρχήν
885 1205 946 1239 τε
977 1197 1210 1239 ποιεῖται
1242 1187 1544 1254 τηνικαῦτα
1571 1188 1668 1238 τοῦ
1699 1180 1836 1238 κατά
1866 1181 1926 1238 τὸ

319 1264 645 1339 ευαγγέλιον
688 1264 1049 1340 κηρύγματος.
1125 1270 1173 1323 2
1208 1268 1346 1338 φησὶ
1395 1266 1456 1322 δε
1502 1264 1670 1323 αὐτὸν
1715 1265 1748 1338 ἡ
1795 1273 1927 1323 θεία
2016 1296 2018 1299 ’

317 1350 503 1425 γραφὴ
533 1348 630 1407 τὸν
659 1349 838 1408 πάντα
869 1354 963 1422 τῆς
995 1355 1353 1415 διδασκαλίας
1387 1351 1694 1406 διατελέσαι
1726 1349 1927 1423 χρόνον

255 1458 295 1491 15
321 1437 409 1492 ἐπὶ
440 1433 734 1509 ἀρχιερέως
749 1435 925 1492 ’Ἄννα
956 1436 1047 1491 καὶ
1078 1432 1336 1507 Καϊάφα,
1371 1438 1617 1507 δηλοῦσα
1648 1431 1732 1491 ὅτι
1765 1433 1833 1506 δὴ
1867 1437 1927 1492 ἐν

317 1534 431 1586 τοῖς
461 1517 663 1592 μεταξὺ
692 1521 787 1592 τῆς
831 1516 1042 1576 τούτων
1085 1525 1226 1575 ἔτεσι
1257 1523 1599 1592 λειτουργίας
1637 1514 1665 1575 ὁ
1698 1524 1802 1584 πᾶς
1831 1521 1926 1591 τῆς

322 1609 681 1670 διδασκαλίας
722 1601 869 1679 αὐτῷ
911 1601 1309 1675 συνεπεράνθη
1340 1601 1559 1677 χρόνος·
1615 1599 1925 1675 ἀρξαμένου

317 1688 418 1760 μὲν
448 1684 585 1743 κατά
614 1686 717 1758 τὴν
746 1690 843 1743 τοῦ
859 1684 1035 1744 ’Ἁννα
1065 1685 1509 1759 ἀρχιερωσύνην,
1552 1687 1708 1759 μέχρι
1742 1689 1801 1743 δὲ
1831 1693 1926 1759 τῆς

316 1768 485 1845 ἀρχῆς
509 1773 607 1827 τοῦ
631 1768 859 1844 Καϊάφα
882 1775 1341 1844 παραμείναντος,
1373 1767 1494 1827 οὐδ’
1523 1766 1647 1837 ὅλος
1671 1770 1699 1826 ὁ
1723 1768 1925 1843 μεταξῦ

254 1879 296 1912 20
318 1856 607 1929 τετραέτης
649 1859 975 1929 παρίσταται
1015 1853 1224 1928 χρόνος.
1297 1858 1343 1910 3.
1377 1859 1488 1911 τῶν
1528 1853 1633 1926 γάρ
1673 1878 1755 1911 τοι
1787 1853 1924 1912 κατά

317 1937 414 1997 τὸν
443 1937 615 2012 νόμον
644 1936 751 2011 ἤδη
781 1960 896 2004 πως
926 1940 1334 2012 καθῃρημένων
1359 1941 1411 2006 ἐξ
1438 1941 1652 1995 ἐκείνου
1675 1943 1924 2012 θεσμῶν,

318 2024 510 2080 λέλυτο
541 2023 669 2096 μὲν,
711 2014 755 2099 ᾦ
794 2021 886 2080 διὰ
924 2027 1053 2094 βίου
1092 2025 1183 2079 καὶ
1226 2025 1284 2078 ἐκ
1325 2022 1617 2095 προγόνων
1661 2027 1923 2097 διαδοχῆς

315 2104 382 2164 τά
411 2110 507 2179 τῆς
546 2109 646 2163 τοῦ
681 2109 822 2164 θεοῦ
850 2113 1155 2180 θεραπείας
1186 2105 1535 2180 προσήκοντα
1576 2098 1673 2179 ἦν,
1719 2105 1827 2164 ὑπὸ
1861 2107 1923 2164 δὲ

317 2193 428 2249 τῶν
452 2186 764 2263 εῬωμαικων
794 2188 1082 2263 ἡγεμόνων
1122 2188 1305 2248 ἄλλοτ’
1341 2189 1497 2248 ἀλλοι
1526 2190 1628 2262 τὴν
1659 2187 1921 2264 ἀρχιερω-

253 2300 296 2333 25
318 2273 499 2348 σύνην
531 2273 946 2348 ἐπιτρεπόμενοι
975 2272 1040 2332 οὐ
1072 2278 1240 2333 πλέον
1271 2282 1426 2342 ἔτους
1450 2273 1571 2340 ἑνὸς
1604 2276 1691 2331 ἐπὶ
1722 2274 1924 2347 ταύτης

320 2360 616 2416 διετέλουν.
693 2363 741 2416 4.
792 2363 1002 2434 ιστορει
1045 2357 1096 2417 δ’
1148 2352 1249 2418 οὖν
1292 2358 1320 2416 ὁ
1354 2358 1612 2432 Ἰώσηπος
1656 2361 1922 2432 τέσσαρας

316 2444 455 2502 κατὰ
479 2442 746 2517 διαδοχὴν
771 2441 1190 2517 ἐπὶΚαϊάφαν’
1159 2457 1428 2519 αρχιερεῖς
1452 2443 1586 2517 μετὰ
1609 2442 1705 2501 τὸν
1711 2440 1923 2502 ’Ἅνναν

320 2529 707 2600 διαγενέσθαι,
740 2526 876 2585 κατὰ
906 2525 1008 2601 τὴν
1038 2526 1214 2601 αὐτὴν
1243 2532 1338 2601 τῆς
1370 2525 1753 2602 ἀρχαιολογίας
1783 2551 1921 2601 γρα-

317 2610 432 2686 φὴν
477 2604 589 2669 ὧδέ
640 2633 755 2678 πως
810 2614 988 2685 λέγων
1019 2610 1051 2632 “
1064 2611 1364 2686 Οὐαλέριος
1407 2615 1648 2687 Γρᾶτος,
1705 2609 1920 2678 παύσας

253 2722 294 2756 30
311 2692 339 2717 “
352 2701 608 2768 ἱερᾶσθαι
622 2693 884 2770 ’‘Avoc‘vov9
910 2695 1195 2770 Ἰσμάηλον
1218 2695 1472 2771 ἀρχιερέα
1495 2693 1793 2768 ἀποφαίνει
1823 2694 1923 2752 τὸν
1986 2740 1989 2742 v

432 2892 485 2931 29
515 2889 569 2930 A.
592 2891 626 2933 1.
652 2890 821 2942 XVIII,
845 2893 884 2942 2,
908 2893 947 2932 2.
