1986 3152
255 114 361 166 296
923 112 1172 154 EUSEBII

250 227 378 286 “καὶ
402 231 512 286 πᾶν
535 224 723 285 ὁτιοῦν
746 237 956 284 παθεῖν
979 222 1120 302 ὑπὲρ
1145 233 1243 284 τοῦ
1266 225 1340 301 μὴ
1369 226 1628 297 διακόψαι
1651 227 1754 302 τὴν
1778 232 1871 287 ἐκ-

247 313 520 417 Σκλησίαν
550 335 649 369 του
679 316 838 384 θεοῦ,
870 312 963 368 καὶ
994 312 1065 384 ἠν
1095 335 1197 368 ουκ
1227 309 1523 418 ἀδοξοτέρα
1552 315 1647 387 τῆς
1678 316 1874 372 ἕνεκεν

248 395 380 454 “tofi
421 394 495 470 μὴ
544 399 1012 470 εἰδωλολατρῆσαι
1051 398 1345 505 γινομένης
1383 394 1416 470 ἡ
1449 399 1637 454 ἕνεκεν
1665 401 1765 455 τοῦ
1794 395 1872 471 μὴ

247 478 469 585 ἶσχίσαι
499 486 807 554 μαρτυρία,
849 478 968 537 κατ’
1008 481 1099 553 ἐμε
1132 480 1194 537 δὲ
1224 483 1316 537 καὶ
1346 486 1561 554 μείζων.
1626 484 1742 540 ἐκεῖ
1766 506 1874 556 μεν

211 565 258 619 5‘
265 564 391 638 γὰρ
430 564 573 638 ὑπὲρ
618 567 744 638 μιᾶς
783 588 864 630 τις
903 567 997 637 τῆς
1040 566 1243 622 ἑαυτοῦ
1273 567 1480 638 ψυχῆς,
1526 567 1776 622 ἐνταῦθα
1808 566 1870 623 δὲ

245 647 426 753 Ξεὺπὲρ
469 646 601 750 ὅλης
643 652 737 722 τῆς
780 653 1071 722 ἐκκλησίας
1113 663 1396 722 μαρτυρεῖ.
1459 651 1550 707 καὶ
1590 653 1696 707 νῦν
1729 651 1788 707 δε
1821 655 1878 707 εί

245 730 502 801 “πείσαις
541 730 575 806 ἢ
616 732 837 806 βιασαιο
876 758 1008 800 τους
1050 730 1332 807 αδελφους
1374 739 1451 802 εἰς
1492 732 1754 807 ὁμόνοιαν
1787 736 1874 791 ἐλ-

249 814 434 891 “θεῖν,
468 825 653 892 μεῖζον
681 823 831 876 ἔσται
857 837 942 876 σοι
965 822 1063 875 τοῦ
1088 817 1404 892 σφάλματος
1429 817 1488 875 τὸ
1515 817 1872 893 κατόρθωμα,

246 899 373 959 “uoci
407 901 467 960 τὸ
509 903 610 975 μὲν
639 901 706 959 οὐ
750 900 1172 975 λογισθήσεται,
1218 900 1277 960 τὸ
1322 903 1383 959 δὲ
1426 901 1867 976 ἐπαινεθήσεται.

189 1010 230 1042 10
246 986 338 1045 “εἰ
377 988 439 1044 δε
486 985 876 1045 απειθούντων
927 985 1289 1060 ἆδυνατοίης,
1339 985 1530 1056 σώζων
1579 990 1714 1056 σῶζε
1765 986 1874 1060 τὴν

248 1067 529 1129 “asam-013
558 1070 758 1144 ψυχήν.
823 1074 1109 1147 ἐρρῶσθαί
1135 1091 1198 1129 σε
1231 1070 1491 1145 ἐχόμενον
1520 1075 1614 1145 τῆς
1647 1069 1873 1146 εἰρήνης

286 1159 346 1213 ἐν
376 1163 552 1232 κυρίῳ
586 1154 839 1229 εὕχομαιῖ
918 1161 1091 1213 ταῦτα
1132 1157 1223 1212 καὶ
1261 1155 1398 1230 πρὸς
1428 1153 1526 1212 τὸν
1557 1155 1870 1213 Νοουατον.

379 1251 539 1300 XLVI.
599 1249 724 1316 [Nic.
749 1251 807 1300 Η.
831 1251 884 1300 Ε.
908 1250 983 1308 VI,
1014 1249 1089 1316 6.]
1149 1238 1364 1348 Γράφει
1397 1240 1458 1296 δε
1488 1242 1580 1297 καὶ
1609 1253 1723 1306 τοῖς
1754 1237 1870 1297 κατ’

254 1332 544 1396 Αἴγυπτον
577 1321 871 1395 ἐπιστολὴν
901 1325 1029 1398 περὶ
1057 1330 1370 1398 μετανοίας,
1405 1327 1464 1381 ἐν
1486 1317 1524 1398 ᾐ
1546 1323 1612 1381 τὰ
1638 1323 1874 1393 δόξαντα

191 1429 231 1461 15
256 1405 407 1485 αὐτῷ
436 1410 562 1482 περὶ
593 1412 706 1466 τῶν
735 1403 1219 1466 υποπεπτωκότων
1249 1410 1661 1482 παρατέθειται,
1693 1407 1872 1476 ταξεις

260 1515 721 1566 παραπτωματων
753 1491 1076 1567 διαγράψας.
1122 1497 1171 1551 2.
1199 1495 1290 1551 κάὶ
1322 1491 1457 1568 πρὸς
1492 1491 1727 1551 Κόνωνα
1732 1489 1874 1596 (τῆς

246 1573 690 1651 Ερμουπολιτῶν
750 1578 812 1635 δε
871 1584 1160 1651 παροικίας
1214 1581 1508 1646 ἐπίσκοπος
1559 1572 1630 1651 ἦν
1684 1571 1873 1651 οὗτος)

256 1667 372 1719 ἰδία
412 1686 492 1728 τις
532 1664 659 1737 περὶ
702 1668 994 1736 μετανοίας
1036 1659 1208 1721 αὐτοῦ
1250 1664 1475 1738 φέρεται
1514 1661 1735 1737 γραφὴ,
1777 1664 1872 1720 καὶ

253 1744 391 1818 ἄλλη
435 1747 819 1821 ἐπιστρεπτικὴ
861 1744 997 1822 πρὸς
1036 1747 1096 1804 τὸ
1139 1743 1259 1804 κατ’
1299 1744 1720 1822 Ἀλεξάνδρειαν
1750 1752 1871 1804 ποί-

189 1850 232 1883 20
254 1855 418 1904 μνιον
461 1829 647 1889 αὐτοῦ.
713 1834 772 1889 ἐν
810 1830 1024 1898 τούτοις
1067 1833 1179 1889 ἐστὶ
1216 1833 1309 1888 καὶ
1339 1831 1374 1905 ἡ
1405 1833 1532 1906 περὶ
1562 1837 1874 1906 μαρτυρίου

253 1909 390 1989 πρὸς
420 1914 518 1973 τὸν
540 1914 837 1990 Ὠριγένην
866 1929 1173 1991 γραφεῖσα,
1216 1918 1308 1973 καὶ
1348 1929 1461 1982 τοῖς
1492 1913 1630 1974 κατα
1660 1920 1873 1975 Λαοδί-

253 2023 411 2056 κειαν
440 1997 724 2074 ἀδελφοῖς,
759 1993 839 2058 ὦν
862 2007 1158 2075 προΐστατο
1177 2006 1533 2075 Θηλυμίδρης
1558 2004 1870 2067 ἐπίσκοπος.

253 2086 347 2140 καὶ
397 2097 510 2151 τοῖς
563 2084 700 2142 κατὰ
745 2083 1039 2158 Ἀρμενίαν
1092 2082 1352 2151 ὡσαύτως
1402 2087 1529 2157 περὶ
1579 2090 1875 2158 μετανοίας

257 2169 588 2240 ἐπιστέλλει,
651 2159 731 2225 ὦν
784 2168 1118 2226 ἐπεσκόπευε
1170 2167 1548 2243 Μερουζοὲνης.
1631 2173 1680 2227 3.
1735 2167 1875 2243 πρὸς

190 2270 232 2302 25
256 2270 426 2308 απασι
457 2250 669 2319 τούτοις
700 2255 793 2309 καὶ
816 2258 1111 2329 Κορνηλίω
1141 2277 1216 2309 τω
1249 2277 1385 2310 κατα
1407 2251 1619 2326 Ρώμην
1649 2277 1873 2327 γραφει,

255 2333 551 2409 δεξαμενος
592 2333 762 2394 αὐτοῦ
801 2333 902 2408 τὴν
931 2361 1068 2394 κατα
1099 2341 1195 2395 τοῦ
1227 2335 1524 2395 Νοουατου
1557 2335 1870 2410 ἐπιστολὴν,
1921 2383 1931 2395 .

260 2444 302 2476 ω
347 2422 439 2477 καὶ
481 2427 737 2494 σημαίνει
784 2426 970 2495 δηλων
1013 2419 1213 2479 ἑαυτὸν
1254 2427 1711 2494 παρακεκλῆσθαι
1761 2419 1874 2479 υπό

254 2528 313 2563 τε
350 2504 575 2564 Ελένου
616 2509 713 2563 τοῦ
764 2508 823 2562 ἐν
875 2509 1074 2582 Ταρσω
1123 2509 1218 2579 τῆς
1260 2512 1515 2572 Κιλικίας
1568 2504 1873 2564 ἐπισκόπου
1935 2567 1939 2571 ,

255 2591 346 2646 καὶ
377 2595 491 2647 τῶν
521 2592 731 2647 λοιπῶν
762 2596 872 2647 τῶν
904 2589 1011 2647 σὺν
1042 2587 1211 2667 αὐτῷ,
1255 2596 1655 2664 Φιρμιλλιανοῦ
1685 2612 1744 2647 τε
1772 2594 1873 2647 τοῦ

245 1151 275 1175 (Ε

190 2689 233 2721 80
257 2677 317 2731 ἐν
356 2679 730 2750 Καππαδοκία
782 2677 873 2731 καὶ
917 2677 1016 2732 τοῦ
1059 2673 1196 2732 κατὰ
1235 2681 1618 2747 Παλαιστίνην
1651 2679 1871 2732 Θεοκτί-

235 2776 420 2831 στου,
473 2756 545 2825 ὡς
586 2753 657 2816 ἂν
698 2760 785 2815 ἐπὶ
825 2756 927 2831 τὴν
966 2757 1209 2818 σύνοδον
1249 2756 1556 2832 ἄπαντήσοι
1594 2758 1696 2832 τὴν
1735 2755 1874 2815 κατὰ

250 2840 620 2918 Ἀντιόχειαν,
683 2849 824 2901 ἔνθα
875 2849 972 2902 τοῦ
1027 2843 1322 2902 Νοουατου
1374 2841 1670 2919 κρατύνειν
1726 2842 1874 2908 τινες
