2032 3174
305 116 374 166 46
983 113 1227 155 EUSEBH

304 230 515 303 κινήσει
546 231 802 305 θειοτέρα
836 231 924 286 ἐπὶ
953 227 1056 300 τὴν
1073 226 1347 286 ’Ἑδεσσαν
1378 228 1592 302 κήρυκα
1626 233 1717 287 καὶ
1751 229 1913 304 εὐαγ-

303 314 559 387 γελιστὴν
589 320 684 385 τῆς
708 315 834 387 περὶ
857 318 956 370 τοῦ
975 315 1215 386 Χριστοῦ
1242 317 1600 380 διδασκαλίας
1626 318 1911 388 ἐκπέμπει,

304 398 376 464 ὡς
406 396 514 454 ἀπὸ
537 404 630 470 τῆς
649 394 970 471 εὑρεθείσης
996 394 1197 453 αὐτόθι
1222 401 1437 470 γραφῆς
1461 401 1638 475 μικρῷ
1659 399 1915 473 πρόσθεν

306 481 675 555 ἐδηλώσαμεν.
740 487 786 539 7.
819 480 847 538 ὁ
882 481 943 537 δὲ
972 494 1085 546 τοῖς
1115 479 1300 547 τόποις
1332 482 1551 547 ἐπιστὰς
1581 481 1676 538 τόν
1706 507 1764 539 τε
1783 482 1907 554 ’Ἀβ-

262 594 280 623 5
304 591 477 641 γαρον
510 570 650 623 ἰᾶται
683 569 760 641 τῷ
790 568 1031 639 Χριστοῦ
1071 564 1215 642 λόγῳ
1257 567 1348 622 καὶ
1391 563 1519 632 τους
1546 563 1743 623 αὐτόθι
1773 567 1909 624 πάν-

298 675 391 717 τας
433 664 547 717 τοῖς
587 654 699 707 τῶν
729 649 1036 723 θαυμάτων
1075 649 1404 722 παραδόξοις
1449 649 1759 723 ἐκπλήττει,
1793 656 1908 708 ἰκα-

299 737 406 801 νῶς
451 759 509 792 τε
554 731 754 800 αὐτούς
798 748 910 799 τοῖς
955 741 1133 807 ἔργοις
1180 736 1423 805 διαθεὶς,
1471 736 1559 790 καὶ
1609 737 1696 791 ἐπὶ
1743 738 1911 807 σέβας

297 816 521 891 ἀγαγών
565 823 660 891 τῆς
703 823 801 875 τοῦ
846 822 1086 892 Χριστοῦ
1146 817 1460 891 δυνάμεως,
1516 817 1767 891 μαθητὰς
1812 826 1907 891 τῆς

298 909 572 976 σωτηρίου
605 908 963 968 διδασκαλίας
996 901 1387 974 κατεστήσατο·
1430 905 1595 959 εἰσέτι
1625 927 1683 959 τε
1712 907 1820 959 νῦν
1851 908 1912 971 ἐξ,

235 1013 275 1044 10
301 991 517 1044 ἐκείνου
559 983 593 1059 ἡ
640 990 788 1044 πᾶσα
833 991 944 1043 τῶν
979 985 1325 1057 Ἐδεσσηνῶν
1370 985 1526 1053 πόλις
1565 990 1632 1061 τῇ
1663 991 1911 1061 Χριστοῦ

294 1070 722 1144 προσανάκειται
752 1076 1112 1145 προσηγορία,
1145 1068 1211 1127 οὐ
1241 1069 1300 1127 τὸ
1332 1070 1499 1143 τυχὸν
1532 1074 1909 1144 ἐπιφερομένη

297 1161 492 1228 δεῖγμα
522 1161 616 1227 τῆς
646 1158 745 1212 τοῦ
774 1158 1016 1229 σωτῆρος
1045 1151 1202 1227 ἡμῶν
1232 1157 1323 1210 καὶ
1357 1161 1433 1221 εἰς
1452 1152 1652 1221 αὐτοὺς
1679 1154 1905 1228 εὐεργε-

295 1246 432 1305 σίας.
496 1244 542 1295 8.
575 1241 666 1295 καὶ
697 1243 870 1295 ταῦτα
899 1240 1001 1310 μὲν
1032 1236 1103 1305 ὠς
1130 1242 1183 1306 ἐξ,
1214 1236 1458 1311 ἀρχαίων
1485 1244 1724 1312 ἱστορίας
1759 1240 1906 1312 εἰρή-

294 1333 435 1395 σθω,
467 1329 739 1396 μετίωμεν
759 1320 811 1379 δ’
839 1315 1006 1388 αὖθις
1032 1325 1118 1378 ἐπὶ
1143 1320 1245 1394 τήν
1262 1329 1428 1379 θείαν
1458 1322 1697 1395 γραφήν.
1741 1346 1904 1394 γενο-

232 1434 270 1466 15
294 1410 465 1479 μένου
499 1411 636 1479 δῆτα
679 1410 766 1463 ἐπὶ
811 1413 877 1479 τῇ
908 1411 1007 1463 τοῦ
1038 1405 1335 1478 Στεφάνου
1374 1414 1649 1482 μαρτυρία
1680 1405 1903 1479 πρώτου

292 1494 384 1547 καὶ
415 1498 674 1564 μεγίστου
697 1489 833 1565 πρὸς
857 1488 1042 1548 αὐτῶν
1067 1487 1352 1548 Ἰουδαίων
1375 1490 1511 1547 κατὰ
1534 1494 1629 1562 τῆς
1655 1494 1715 1548 ἐν
1737 1490 1903 1566 Ἱερο-

291 1575 548 1648 σολύμοις
583 1578 871 1647 ἐκκλησίας
906 1580 1178 1647 διωγμοῦ,
1222 1573 1447 1632 πάντων
1486 1599 1544 1631 τε
1574 1578 1684 1631 τῶν
1714 1586 1903 1648 μαθη-

289 1665 402 1715 τῶν
432 1660 578 1731 πλὴν
607 1658 687 1715 ὅτι
732 1663 843 1715 τεόν
883 1657 1101 1715 δώδεκα
1130 1658 1318 1730 μόνων
1347 1657 1453 1714 ἄνα
1494 1655 1596 1730 τὴν
1623 1655 1902 1716 Ἰουδαίαν

290 1767 348 1799 τε
388 1746 479 1799 καὶ
521 1742 843 1816 Σαμαρειαν
885 1745 1302 1812 διασπαρέντων
1350 1766 1521 1814 τινες,
1568 1767 1602 1815 η
1645 1762 1817 1815 φησιν
1861 1740 1896 1816 ἡ

229 1857 270 1888 20
292 1834 425 1884 θεία
462 1827 678 1902 γραφὴ,
725 1825 1040 1891 διελθόντες
1083 1829 1184 1891 ε’ως
1218 1833 1480 1916 Φοινίκης
1527 1829 1618 1882 καὶ
1659 1826 1899 1901 Κύπρου

291 1913 382 1967 καὶ
410 1909 766 1984 Ἀντιοχείας,
807 1908 963 1967 οὔπω
1005 1934 1107 1983 μεν
1138 1916 1364 1966 ἔθνεσιν
1394 1917 1506 1967 οἱοί
1533 1933 1591 1966 τε
1623 1912 1768 1982 ἦσαν
1797 1916 1899 1969 τοῦ

289 1998 383 2067 τῆς
424 2002 655 2061 πίστεως
693 1990 1048 2068 μεταδιδόναι
1098 1993 1266 2066 λόγου
1314 1998 1551 2067 τολμᾶν,
1597 1993 1788 2067 μόνοις
1834 1996 1898 2053 δε

288 2083 483 2136 τοῦτον
501 2075 784 2146 Ἰουδαίοις
809 2077 1193 2151 κατήγγελλον.
1238 2083 1283 2135 9.
1303 2082 1606 2150 τηνικαῦτα
1631 2081 1722 2135 καὶ
1740 2083 1895 2136 Παῦ-

290 2171 380 2229 λος
413 2165 733 2235 ἐλυμαίνετο
776 2166 940 2220 εἰσέτι
983 2164 1072 2219 καὶ
1113 2161 1232 2219 τότε
1261 2162 1363 2234 τὴν
1396 2166 1718 2235 ἐκκλησίαν,
1766 2161 1891 2220 κατ’

227 2276 267 2308 25
289 2256 475 2313 οἴκους
504 2249 616 2303 τῶν
645 2252 854 2303 πιστῶν
886 2245 1359 2319 εἰσπορευόμενος,
1391 2244 1582 2320 σύρων
1604 2270 1663 2303 τε
1686 2245 1896 2321 ἄνδρας

290 2333 381 2388 καὶ
413 2345 679 2403 γυναῖκας
708 2334 800 2388 καὶ
835 2337 909 2396 εἰς
939 2330 1197 2403 φυλακὴν
1227 2329 1584 2405 παραδιδούς.
1643 2335 1721 2387 10.
1755 2330 1897 2388 ἀλλὰ

290 2418 382 2472 καὶ
415 2418 716 2486 Φίλιππος,
762 2412 839 2482 εἷς
869 2417 981 2472 ταῖν
1016 2411 1126 2488 ἅμα
1157 2413 1431 2490 Στεφάνῳ
1473 2419 1896 2488 προχειρισθέν-

289 2523 400 2556 των
432 2505 509 2566 εἰς
539 2498 640 2571 τὴν
685 2504 1000 2571 διακονίαν,
1045 2502 1104 2556 ἐν
1133 2513 1245 2564 τοῖς
1278 2505 1631 2573 διασπαρεϊσι
1663 2498 1894 2572 γενόμε-

290 2607 410 2655 νος,
443 2582 686 2640 κάτεισιν
718 2589 794 2650 εἰς
833 2581 934 2656 τὴν
965 2582 1314 2656 Σαμάρειαν,
1355 2589 1516 2649 θείας
1545 2607 1604 2640 τε
1643 2589 1892 2656 ἔμπλεως

226 2695 266 2728 30
293 2664 371 2724 ὢν
403 2666 693 2740 δυνάμεως
716 2667 970 2741 κηρύττει
995 2673 1207 2742 πρῶτος
1230 2681 1343 2734 τοῖς
1369 2665 1566 2726 αὐτόθι
1589 2659 1686 2724 τὸν
1708 2666 1889 2739 λόγον.

405 2864 457 2901 15
489 2862 587 2901 Aet.
615 2863 680 2911 11,
707 2863 771 2903 19.

1965 2730 2001 2740 Ν
