1986 3152
572 108 654 148 DE
687 110 870 151 MART.
902 109 1193 152 PALAEST.
1226 113 1304 154 1v.
1631 112 1733 164 391

130 229 276 296 ἔχειν
316 222 716 289 καταλιπόντας
757 224 857 281 τὸν
900 228 998 281 ἕνα
1042 227 1134 281 καὶ
1176 227 1351 299 μόνον
1381 227 1566 301 ἀληθῆ
1596 229 1736 287 θεὸν

125 306 376 372 εἰδώλοις
416 307 509 361 καὶ
539 311 760 379 δαίμοσι
789 309 968 365 θύειν.
1030 315 1078 366 9.
1125 316 1287 368 τοῦτο
1318 311 1398 383 δ’,
1431 311 1504 378 ὣς
1536 319 1732 385 ἔοικεν,

128 396 451 464 ἐνεχειρεῖτο
482 395 559 465 τῷ
601 398 899 467 μειρακίῳ,
940 398 1036 465 τῆς
1069 395 1156 450 ἐπὶ
1195 394 1350 467 τοῦτ’
1385 394 1561 453 αὐτὸν
1592 419 1733 469 προ-

125 474 373 546 αγούσης
421 475 622 530 ἐνθέου
654 475 944 548 δυνάμεως
985 480 1290 550 μονονουχὶ
1321 480 1409 535 διὰ
1439 486 1538 536 τοῦ
1570 504 1731 552 γενο-

124 560 298 634 μένου
329 558 547 630 βοώσης
592 554 666 624 ὦς
698 557 806 633 ἄρα
838 566 1105 618 τοσοῦτον
1138 560 1428 620 ἀποδέοιεν
1466 573 1729 638 Χριστια-
1752 589 1772 621 5

126 645 249 715 νοὶ,
290 647 348 699 οἵ
384 666 448 714 γε
479 641 656 709 ὅντως
695 649 965 715 τοιοῦτοι,
1019 640 1082 716 ἧς
1114 645 1258 713 ἅπαξ
1289 646 1611 720 ἠξιώθησαν
1653 655 1731 715 εἰς

125 728 221 784 τὸν
252 732 366 783 τῶν
396 726 546 783 ὅλων
577 726 720 784 θεὸν
761 726 1043 799 εὐσεβείας
1071 730 1513 801 μεταβάλλεσθαι
1556 732 1630 799 ὥς
1659 733 1734 806 μὴ

125 812 303 885 μόνον
332 810 596 885 ὑπεράνω
641 818 1021 868 καθίστασθαι
1064 819 1176 869 τῶν
1221 813 1464 871 ἀπειλῶν
1493 818 1586 871 καὶ
1616 822 1731 873 τῶν

127 897 216 953 ἐπὶ
247 895 472 962 ταύταις
510 902 918 968 κολαστηρίων,
965 898 1436 970 παρρησιάζεσθαι
1480 898 1534 955 δ’
1571 901 1732 955 εἰσέτι

123 983 365 1054 μᾶλλον,
411 978 637 1050 εὐγενεῖ
673 1004 731 1037 τε
770 982 862 1037 καὶ
905 979 1129 1057 ἀτρόμῳ
1169 982 1385 1055 γλώττῃ
1434 985 1733 1057 ἐλευθερο-
1758 1009 1798 1039 ιο

126 1078 382 1138 στομεϊν,
415 1065 542 1135 καὶ,
575 1070 627 1121 εἰ
654 1062 780 1121 οἷόν
809 1088 894 1134 τε,
927 1066 1019 1120 καὶ
1044 1065 1177 1131 τούς
1202 1066 1503 1132 διώκοντας
1527 1066 1737 1134 αύτούς

125 1149 540 1222 μεταθεμένους
592 1154 688 1220 τῆς
730 1147 1012 1220 ἀγνωσίας
1053 1149 1152 1206 τὸν
1192 1150 1368 1222 μόνον
1412 1150 1547 1207 ὄντα
1597 1151 1737 1208 θεὸν

127 1236 430 1304 ἐπιγνῶναι
458 1240 821 1306 παρακαλεῖν.
884 1238 964 1289 10.
1014 1234 1105 1289 ἐπὶ
1135 1234 1346 1300 τούτοις
1378 1234 1406 1290 ὁ
1441 1236 1570 1307 περὶ
1602 1229 1673 1291 οὗ
1704 1234 1733 1291 ὁ

124 1318 319 1388 λόγος,
351 1322 687 1390 παραχρῆμα
716 1317 852 1390 μὲν,
897 1317 1001 1374 ὅσα
1035 1317 1183 1383 εἰκὸς
1216 1315 1421 1389 αὐτὸν,
1456 1314 1611 1375 οὖσαν
1645 1320 1736 1375 ἐπὶ

121 1401 354 1477 τοιούτῳ
394 1401 695 1474 τολμήματι
732 1404 930 1474 θηρῶν
971 1406 1134 1473 δίκην
1179 1400 1391 1475 ἀγρίων
1438 1402 1577 1476 πρὸς
1619 1408 1734 1459 τῶν
1759 1427 1799 1458 15

123 1485 268 1559 ἀμφὶ
297 1485 398 1542 τὸν
428 1483 675 1558 ἡγεμόνα
716 1487 1184 1559 διασπαραχθεὶς,
1228 1487 1321 1542 καὶ
1360 1493 1565 1561 μυρίας
1595 1485 1732 1543 καθ’

124 1571 261 1629 ὅλου
303 1576 406 1626 τοῦ
449 1570 700 1643 σώματος
743 1570 959 1642 πληγὰς
1002 1569 1364 1643 ἀνδρειότατα
1403 1566 1732 1643 ὑπομείνας,

122 1657 258 1721 τέως
289 1654 392 1727 μὲν
424 1653 626 1711 αὐτίκα
658 1659 1018 1731 δεσμωτηρίῳ
1043 1659 1429 1728 παραδίδοται.
1476 1660 1555 1710 11.
1590 1660 1732 1712 ἔνθα

124 1739 483 1813 νυχθήμερον
524 1738 691 1812 ἄμφω
739 1738 814 1795 τώ
873 1739 1010 1795 πόδε
1051 1740 1140 1794 ἐπὶ
1182 1743 1282 1795 τοῦ
1334 1744 1730 1810 βασανιστικοῦ

125 1825 413 1889 διαταθεὶς
447 1821 620 1891 ξύλου
647 1828 718 1896 τῇ
757 1823 990 1897 ἐπιούσῃ
1019 1822 1354 1895 προσάγεται
1377 1829 1452 1898 τῷ
1475 1827 1730 1896 δικαστῇ·
1756 1846 1798 1878 20

124 1908 241 1965 εἶτα
287 1907 456 1964 θύειν
505 1908 888 1980 ἐκβιαζομένου
943 1912 1130 1964 πᾶσαν
1186 1910 1536 1963 ἐνδείκνυται
1590 1906 1734 1979 πρὸς

125 1993 332 2058 πόνους
356 1993 449 2047 καὶ
474 1991 705 2064 φρικτάς
734 1990 1047 2063 ἀλγηδόνας
1078 1998 1406 2063 καρτερίαν,
1436 1991 1534 2057 τοὶς
1559 1999 1735 2047 πλευ-

127 2076 228 2149 ράς
271 2074 374 2147 οὐχ
417 2072 560 2142 ἅπαξ
602 2074 738 2132 οὐδὲ
778 2076 1071 2148 δεύτερον,
1125 2075 1264 2131 ἀλλα
1306 2076 1399 2131 καὶ
1441 2074 1735 2140 πλεονάκις

120 2161 277 2234 ἄχρις
318 2159 530 2217 ὀστέων
579 2161 671 2215 καὶ
725 2159 914 2217 αὐτῶν
965 2160 1302 2232 σπλάγχνων
1351 2159 1735 2229 καταξανθεὶς,

122 2245 337 2317 πληγάς
396 2267 453 2300 τε
511 2243 650 2300 κατὰ
709 2244 1014 2318 προσώπου
1081 2245 1172 2300 καὶ
1232 2242 1466 2316 αὐχένος
1524 2240 1734 2300 τοσαύ-
1758 2265 1800 2297 25

123 2353 219 2395 τας
261 2328 586 2400 δεξάμενος,
641 2324 716 2395 ὦς
756 2327 887 2401 μηδ’
935 2324 1050 2385 ὑπὸ
1091 2330 1205 2384 τών
1248 2323 1314 2384 εὖ
1360 2329 1452 2384 καὶ
1493 2326 1731 2399 ἀκριβῶς

125 2411 299 2469 αύτόν
342 2412 512 2468 πάλαι
564 2412 826 2484 εἰδότων,
881 2412 1239 2484 διοιδήσαντα
1291 2411 1352 2468 τὸ
1406 2411 1730 2484 πρόσωπον,

124 2503 202 2554 ἔτι
245 2497 633 2568 γινώσκεσθαι.
709 2502 789 2553 12.
837 2497 978 2553 ἀλλα
1023 2497 1131 2569 γὰρ
1172 2497 1313 2569 μηδὲ
1357 2495 1496 2569 πρὸς
1538 2495 1604 2551 τὰ
1635 2517 1730 2550 το-

125 2587 304 2649 σαῦτα
368 2581 719 2654 ἐνδιδόντος,
783 2587 959 2647 λίνοις
1015 2583 1180 2656 ἐλαίῳ
1247 2581 1599 2652 δεδευμένοις
1654 2601 1729 2633 τω

122 2666 264 2722 πόδε
294 2664 471 2722 αὐτοῦ
501 2665 849 2733 καλύψαντες
873 2671 986 2738 πῦρ
1019 2663 1274 2737 ὑφῆπτον
1299 2667 1358 2720 ἐκ
1380 2662 1728 2736 προστάξεως
1751 2683 1793 2715 3ο

123 2755 182 2806 οἱ
217 2751 573 2821 βασανισταὶ,
621 2749 709 2822 ἐφ’
753 2746 836 2815 οἷς
878 2748 1073 2814 ὁποίας
1113 2749 1349 2820 ἤνεγκεν
1389 2744 1417 2803 ὁ
1471 2745 1731 2818 μακάριος

125 2832 438 2906 ἀλγηδόνας
483 2834 663 2890 πάντα
704 2834 874 2905 λόγον
913 2829 1238 2906 υπεραίρειν
1283 2855 1374 2904 μοι
1405 2835 1567 2887 δοκω.
1629 2851 1724 2883 κα-
