1986 3152
598 120 681 161 DE
714 119 899 162 MART.
929 118 1220 162 PALAEST.
1253 120 1308 161 x.
1653 117 1760 170 405

154 237 247 293 καὶ
277 235 380 309 τὴν
410 233 631 310 ἄψυχον
670 236 816 309 ὕλην
848 239 1171 295 ἐπικλαῦσαι
1209 249 1325 304 τοῖς
1354 238 1756 310 γεγενημένοις.

155 326 235 378 13.
284 326 453 394 λῆρος
494 331 626 388 ἴσως
656 322 750 377 καὶ
789 327 975 394 μῦθος
1018 316 1083 379 εὖ
1114 321 1204 379 οἶδ
1215 319 1228 340 ’
1265 322 1347 379 ὅτι
1378 321 1588 389 δόξειεν
1620 319 1761 378 εἶναι

150 405 212 461 τὸ
247 394 397 477 ῥῆμα
439 419 553 472 τοῖς
598 403 730 479 μεθ’
763 404 938 479 ἡμᾶς,
982 404 1108 462 ἀλλ’
1143 404 1248 479 οὐχ
1279 402 1475 480 οἷσπερ
1508 404 1536 462 6
1569 403 1760 480 καιρὸς

151 489 255 560 τὴν
286 487 556 568 ἀλήθειαν
588 490 945 547 ἐπιστώσατο.

281 584 340 633 X.
417 578 532 630 Τοῦ
571 572 626 630 δ’
665 574 916 641 ἐπιόντος
968 574 1143 648 μηνὸς
1179 571 1508 632 Ἀπελλαίου
1559 591 1802 631 τεσσα-5

152 657 578 732 ρεσκαιδεκάτῃ,
622 657 730 732 πρὸ
776 661 1075 716 δεκαεννέα
1116 664 1436 717 Καλανδῶν
1468 658 1758 717 Ἰαννουα-

153 747 292 817 ρίων
343 740 545 813 λέγοιτ’
601 739 673 798 ἂν
700 786 716 814 ,
789 743 960 799 πάλιν
1011 737 1086 800 αὖ
1135 750 1251 800 τῶν
1306 740 1404 800 ἀπ’
1454 742 1760 815 Ἀἰγύπτου

149 826 294 892 τινὲς
324 825 466 899 πρὸς
496 831 611 883 τῶν
644 827 734 883 ἐπὶ
763 840 884 892 ταῖς
915 827 1120 894 πύλαις
1148 825 1282 894 τούς
1314 828 1615 900 παριόντας
1646 833 1760 884 διε-

152 911 524 986 ρευνωμένων
557 913 981 983 συλληφθέντες
1014 911 1348 984 (ἐτύγχανον
1380 910 1438 967 δ’
1473 906 1628 968 οὗτοι
1658 921 1760 968 θε-

152 1001 385 1070 ραπείας
418 998 580 1052 ἕνεκα
619 1000 733 1052 τῶν
763 995 902 1052 κατὰ
933 1003 1194 1054 Κιλικίαν
1224 995 1582 1069 ὁμολογητῶν
1613 1013 1755 1052 στει-
1783 1019 1823 1052 10

151 1079 401 1154 λάμενοι)
445 1085 503 1136 οὗ
522 1081 633 1153 μὲν
661 1079 765 1153 τὴν
796 1078 977 1153 αὐτὴν
1008 1077 1090 1147 οἷς
1123 1086 1322 1154 ἔτυχον
1355 1080 1761 1154 ἐξυπηρετησό-

151 1187 308 1237 μενοι
366 1165 728 1233 κατεδέξαντο
777 1169 1000 1245 ψῆφον,
1057 1163 1391 1238 ὀφθαλμούς
1441 1168 1534 1222 καὶ
1585 1165 1762 1231 πόδας

151 1247 582 1324 ἄχρειωθέντες,
636 1265 786 1323 τρεῖς
817 1247 872 1306 δ’
908 1248 1100 1306 αὐτῶν
1143 1252 1204 1306 ἐν
1229 1249 1563 1321 Ἀσκάλωνι,
1618 1255 1765 1306 ἔνθα

153 1334 248 1390 καὶ
281 1335 606 1406 ένέσχηντο,
659 1339 989 1407 θαυμασίαν
1030 1357 1088 1391 τε
1121 1334 1465 1409 παράστασιν
1496 1333 1762 1408 ἀνδρείας

151 1419 559 1493 παρεσχημένοι
591 1418 864 1494 διάφορον
904 1416 1289 1491 ἀπηνέγκαντο
1322 1424 1636 1493 μαρτυρίου
1667 1420 1758 1476 τέ-
1783 1442 1824 1475 15

152 1511 274 1575 λος,
307 1501 335 1559 6
359 1505 464 1576 μέν
487 1527 565 1569 τις
590 1499 781 1561 αὐτῶν
803 1504 944 1577 πυρὶ
967 1505 1341 1578 παραδοθεὶς,
1358 1500 1531 1584 ’Ἄρης
1562 1503 1762 1577 ὄνομα,

151 1592 210 1644 oc
238 1587 301 1644 δὲ
330 1586 429 1654 τοὶς
460 1587 706 1660 κεφαλὰς
730 1585 1177 1661 ἀποτμηθέντες,
1212 1589 1438 1663 Πρόμος
1462 1589 1555 1645 καὶ
1573 1587 1762 1654 Ἠλίας

152 1672 371 1738 τούτοις
413 1666 486 1744 ἦν
526 1670 560 1744 ἡ
602 1679 966 1747 προσηγορία.
1026 1677 1075 1730 2.
1124 1670 1463 1731 Αύδυναίου
1496 1673 1558 1729 δὲ
1587 1671 1762 1746 μηνὸς

151 1756 330 1833 ἡμέρᾳ
361 1761 460 1832 μιᾷ
490 1758 585 1814 καὶ
615 1757 848 1832 δεκάτῃ,
883 1766 968 1830 εἴη
1001 1756 1054 1814 δ’
1089 1756 1160 1814 ἂν
1183 1756 1217 1830 ἡ
1243 1758 1351 1833 πρὸ
1375 1763 1548 1832 τριῶν
1568 1762 1762 1816 Εἰδῶν

145 1841 577 1915 Ἰαννουαρίων,
634 1843 724 1898 ε’πὶ
775 1848 872 1915 τῆς
924 1841 1098 1915 αὐτῆς
1150 1849 1490 1916 Καισαρείας
1544 1844 1759 1917 Πέτρος
1783 1865 1825 1898 20

152 1925 423 1999 ἀσκητὴς,
467 1924 496 1983 6
541 1927 636 1982 καὶ
672 1925 1011 2001 Ἀψέλαμος,
1064 1926 1172 1984 ἀπὸ
1200 1926 1391 1993 Ἀνέας
1431 1927 1618 2001 κώμης
1648 1931 1762 1983 τῶν

151 2010 303 2085 ὅρων
358 2009 905 2086 Ἐλενθεροπόλεως,
976 2011 1065 2068 διὰ
1126 2011 1305 2087 πυρὸς
1329 2056 1344 2084 ,
1405 2008 1496 2068 οἶα
1554 2010 1763 2086 χρυσὸς

150 2093 660 2168 ἆκραιφνέστατος,
730 2102 827 2169 τῆς
887 2103 966 2163 εἰς
1015 2096 1115 2153 τὸν
1167 2096 1409 2171 Χριστὸν
1467 2101 1570 2153 τοῦ
1619 2100 1762 2152 θεοῦ

151 2186 390 2246 πίστεως
433 2178 659 2252 εὐγενεῖ
706 2187 957 2258 λογισμῷ
996 2180 1099 2254 τὴν
1141 2181 1379 2254 δοκιμὴν
1419 2179 1760 2252 ἀποδέδωκε,

148 2271 323 2339 μυρία
374 2265 478 2338 μὲν
529 2270 900 2339 λιπαροῦντας
951 2265 1051 2323 τόν
1091 2289 1150 2323 τε
1191 2266 1459 2338 δικαστὴν
1499 2266 1591 2322 καὶ
1630 2264 1762 2331 τούς
1784 2288 1827 2322 25

151 2347 291 2422 ἄμφ’
327 2345 532 2421 αὐτὸν,
574 2349 646 2417 ὥς
678 2348 750 2407 ὄὶν
794 2351 1037 2424 ε’λεήσειέ
1061 2374 1120 2408 τε
1151 2347 1329 2408 αὐτὸν
1359 2351 1454 2407 καὶ
1483 2356 1581 2423 τῆς
1615 2355 1761 2416 ἰδίας

149 2439 399 2506 φείσαιτο
429 2434 690 2506 νεότητός
719 2458 779 2492 τε
808 2437 901 2492 καὶ
942 2435 1150 2508 ἀκμῆς,
1202 2433 1521 2510 ὑπεριδών,
1566 2457 1761 2509 προτι-

148 2518 327 2592 μήσας
379 2515 437 2574 δ’
494 2516 759 2576 ἁπάντων
811 2521 903 2577 καὶ
954 2525 1092 2592 ζωῆς
1134 2518 1308 2592 αὐτῆς
1360 2519 1464 2593 τὴν
1517 2521 1610 2576 ἐπὶ
1660 2518 1761 2575 τὸν

148 2608 264 2661 τῶν
296 2602 444 2660 ὅλων
474 2602 615 2661 θεὸν
646 2606 861 2661 ἐλπίδα.
915 2609 964 2662 3.
1010 2602 1190 2681 τούτῳ
1215 2605 1279 2662 δὲ
1301 2610 1400 2678 τῆς
1424 2604 1562 2662 κατὰ
1588 2613 1760 2677 Μαρ-

148 2693 325 2746 κίωνα
377 2688 591 2761 πλανης
645 2689 949 2757 ἐπίσκοπός
999 2713 1081 2756 τις
1124 2687 1267 2746 εἶναι
1305 2694 1489 2747 δοκῶν
1524 2688 1757 2759 Ἀσκλη-
1781 2711 1822 2743 30

151 2772 302 2846 πιός,
346 2773 486 2850 ζήλω
517 2774 648 2847 μὲν,
698 2772 772 2841 ὥς
816 2773 981 2850 ᾤετο,
1023 2772 1339 2847 εὐσεβείας,
1372 2772 1495 2830 ἀλλ’
1539 2772 1662 2830 οὔτι
1692 2794 1759 2843 γε

148 2863 245 2930 τῆς
285 2854 410 2915 κατ’
457 2860 786 2932 ἐπίγνωσιν,
830 2859 979 2933 ὅμως
1024 2858 1078 2916 δ’
1113 2862 1220 2917 οὐν
1249 2865 1350 2935 μιᾶ
1387 2860 1482 2915 καὶ
1511 2862 1580 2932 τῇ
1612 2855 1758 2930 αὐτῇ
