1986 3152
568 107 726 150 HIST.
760 105 1006 148 ECCLES.
1041 107 1166 158 VIII,
1198 109 1234 147 2.
1632 105 1734 158 351

131 226 374 295 αἰσχρῶς
400 215 508 277 ὧδε
531 220 755 280 κάκεῖσε
779 224 1260 295 κρυπταζομένους
1276 267 1290 294 ,
1321 218 1537 300 τοῦςζδὲ
1561 221 1735 296 ἀσχη-

126 306 310 379 μόνως
334 303 752 378 ἁλισκομένους,
777 308 868 362 καὶ
883 307 1021 376 πρὸς
1033 312 1148 364 τῶν
1163 309 1384 380 ἐχθρῶν
1407 314 1732 376 καταπαιζο-

125 390 348 464 μένους,
374 388 465 446 ὅτε
488 389 713 446 καὶκατ’
732 390 903 447 ἄλλον
915 391 1260 466 προφητικὸν
1273 392 1443 462 λόγον
1460 391 1736 464 ,,ε’ξεχύθη

126 475 487 542 ἐξουδένωσις
521 471 608 530 ἐπ’
635 474 937 547 ἄρχοντας,
970 477 1062 531 καὶ
1098 475 1408 547 ἐπλάνησεν
1442 473 1650 541 αὐτούς
1677 478 1735 532 ἐν

125 557 313 635 ἀβάτῳ
367 559 460 614 καὶ
513 557 616 631 οὐχ
660 557 792 635 ὁδςό.
819 560 855 587 “
938 559 1174 616 Zmin&
1216 559 1434 616 τούτων
1474 560 1579 633 μὲν
1631 558 1777 631 ούχῦ

124 637 392 715 ἡμέτερον
435 643 763 715 διαγράφειν
792 643 890 708 τὰς
923 644 1011 699 ἐπὶ
1042 645 1183 700 τέλει
1214 643 1557 715 σκυθρωπάς
1590 662 1734 716 συμ-

123 726 322 800 φορὰς,
356 727 474 782 ἐπεὶ
510 728 603 782 καὶ
626 726 723 792 τοὶς
747 727 1000 800 πρόσθεν
1023 732 1122 783 τοῦ
1155 733 1403 799 διωγμοῦ
1428 728 1736 794 διαστάσεις

125 833 184 867 τε
208 809 397 866 αὐτῶν
429 817 507 890 εἰς
538 809 817 881 ἀλλήλους
849 812 942 866 καὶ
973 809 1205 876 ἀτοπίας
1237 810 1340 883 οὐχ
1362 810 1497 883 ἡμῖν
1529 818 1736 868 οἰκεῖον

123 893 316 967 μνήμῃ
348 894 734 965 παραδιδόναι.
795 894 880 950 διὸ
912 895 1006 950 καὶ
1038 897 1210 951 πλέον
1240 893 1416 951 οὐδὲν
1450 898 1737 968 ἱστορῆσαι

123 979 251 1051 περὶ
291 973 484 1034 αὐτῶν
525 979 832 1051 διέγνωμεν
883 976 918 1051 ἢ
960 977 1032 1035 δι’
1071 973 1151 1035 ὧν
1194 977 1266 1035 ἄν
1297 978 1398 1051 τὴν
1438 985 1606 1035 θείαν
1649 984 1734 1035 δι-
1761 997 1799 1028 10

123 1060 461 1135 καιτόσαιμεν
503 1069 703 1135 κρίσιν.
777 1068 825 1118 3.
882 1061 1101 1120 ούκοῦν
1144 1062 1279 1120 οὐδὲ
1320 1068 1434 1119 τῶν
1465 1063 1604 1138 πρὸς
1633 1068 1735 1119 τοῦ

124 1150 373 1220 διωγμοῦ
427 1147 879 1221 πεπειραμένων,
932 1145 966 1220 ἢ
997 1153 1110 1204 τῶν
1154 1154 1233 1214 εἰς
1274 1147 1424 1204 ἅπαν
1476 1153 1572 1219 τῆς
1625 1165 1735 1205 σω-

122 1238 314 1304 τηρίας
365 1231 862 1303 νεναυαγηκότων,
917 1230 1061 1306 αὐτῇ
1113 1256 1170 1288 τε
1222 1231 1418 1305 γνώμῃ
1470 1245 1585 1297 τοῖς
1635 1236 1735 1287 τοῦ

123 1315 413 1381 κλύδωνος
454 1317 943 1389 ἐναπορριφέντων
974 1323 1210 1388 βυθοῖς,
1242 1315 1465 1389 μνήμην
1495 1315 1726 1388 ποιήσα-
1774 1387 1778 1390 γ

124 1408 260 1456 σθαι
292 1399 672 1473 προήχθημεν,
696 1400 842 1472 μόνα
874 1401 936 1457 δὲ
969 1403 1152 1457 ἐκεῖνα
1182 1404 1250 1474 τῇ
1275 1400 1526 1456 καθόλου
1558 1418 1733 1473 προσ-
1759 1415 1799 1447 15

121 1484 372 1557 θήσομεν
445 1489 663 1559 ἱστορία
688 1529 703 1556 ,
779 1509 813 1540 α
874 1485 1113 1559 πρώτοις
1172 1508 1275 1558 μεν
1333 1483 1470 1557 ἡμῖν
1522 1483 1733 1554 αὐτοις,

125 1573 309 1626 ἔπειτα
342 1569 404 1625 δε
434 1570 526 1624 καὶ
557 1582 673 1634 τοις
704 1565 839 1641 μεθ’
873 1568 1017 1642 ἡμᾶς
1060 1569 1265 1639 γένοιτ’
1301 1567 1372 1625 οὶν
1415 1567 1550 1639 πρὸς
1584 1591 1730 1641 ωφε-

124 1660 292 1720 λείας.
357 1664 527 1726 ιωμεν
559 1649 666 1710 οὖν
700 1656 970 1711 ἐντεῦθεν
1002 1652 1140 1726 ἤδη,
1181 1676 1312 1720 τους
1357 1652 1546 1726 ίερους
1579 1650 1733 1724 ἀγῶ-

123 1761 226 1805 νας
278 1743 393 1794 τῶν
455 1743 555 1794 τοῦ
608 1744 750 1795 θεοῦ
806 1739 976 1810 λόγου
1035 1738 1339 1811 μαρτύρων
1393 1740 1451 1794 ἐν
1506 1740 1735 1810 ἐπιτομῇ

125 1822 542 1895 διαγραψοντες.
624 1827 674 1880 4.
744 1828 862 1888 ἔτος
914 1827 1079 1879 τοῦτο
1131 1826 1202 1894 ἠν
1245 1822 1733 1879 ἐννεακαιδέκατον
1755 1837 1797 1871 20

124 1912 222 1979 τῆς
248 1910 664 1986 Διοκλητιανου
692 1913 1006 1980 βασιλείας,
1041 1907 1301 1981 Δύστρος
1331 1930 1462 1979 μεν,
1497 1905 1734 1978 (λέγοιτο

125 1988 180 2047 δ’
215 1989 285 2047 ἂν
315 1994 479 2057 οὐτος
514 1991 764 2065 Μαρτιος
795 2015 931 2047 κατα
971 1986 1326 2064 Ῥωμαίους),
1363 1993 1423 2046 ἐν
1449 1993 1490 2065 ςὸ
1515 1995 1611 2061 τῆς
1635 1993 1735 2045 τοῦ

127 2080 402 2149 σωτηρίου
436 2075 658 2142 παθους
687 2079 875 2147 ἑορτῆς
902 2075 1316 2147 ἐπελαυνούσης
1340 2074 1563 2146 ἥπλωτο
1588 2095 1735 2129 παν-

124 2160 324 2233 ταχόσε
363 2159 620 2231 βασιλικοὶ
660 2160 985 2235 γράμματα,
1033 2160 1130 2226 τὰς
1170 2160 1273 2232 μὲν
1320 2162 1611 2229 ἐκκλησίας
1658 2163 1736 2222 εἰς

129 2249 332 2317 ἔδαφος
363 2245 585 2318 φέρειν,
625 2245 721 2312 τὰς
762 2245 825 2301 δὲ
865 2244 1084 2319 γραφὰς
1126 2240 1363 2316 ἀφανεῖς
1404 2243 1543 2316 πυρὶ
1573 2244 1734 2313 γενέ-
1759 2255 1798 2286 25

128 2338 262 2384 σθαι
302 2328 741 2402 προστάττοντα,
796 2331 888 2386 καὶ
938 2328 1072 2395 τούς
1122 2329 1227 2401 μὲν
1276 2333 1433 2401 τιμῆς
1477 2329 1735 2399 ἐπειλημ-

126 2415 330 2485 μένους
363 2410 624 2484 ἀτίμους,
654 2413 786 2479 τούς
819 2414 881 2470 δὲ
915 2417 975 2470 ἐν
1006 2419 1300 2483 οἰκετίαις,
1344 2418 1397 2469 εἰ
1425 2412 1735 2483 ἐπιμένοιεν

125 2503 194 2571 τῇ
225 2501 328 2554 τοῦ
363 2502 799 2570 Χριστιανισμοῦ
831 2499 1127 2571 προθέσει,
1171 2500 1494 2569 ἐλευθερίας
1527 2507 1738 2567 στερεῖ-

130 2591 263 2638 σθαι
315 2581 786 2655 προαγορεύοντα.
869 2587 919 2638 5.
988 2582 1078 2637 καὶ
1128 2580 1162 2653 ἡ
1203 2581 1307 2653 μὲν
1358 2580 1546 2653 πρώτη
1599 2576 1731 2634 καθ’

127 2664 286 2739 ἡμῶν
317 2665 505 2740 γραφὴ
538 2666 763 2738 τοιαύτη
793 2689 875 2732 τις
905 2659 1002 2737 ἦν·
1027 2664 1144 2738 μετ’
1174 2664 1240 2721 ού
1268 2663 1411 2721 πολύ
1439 2665 1502 2720 δὲ
1535 2663 1734 2735 ἑτέρων
1757 2676 1798 2707 30

243 2863 267 2900 3
298 2860 462 2900 Psalm.
491 2861 568 2900 106
593 2860 724 2911 (107),
750 2862 815 2900 40.
