1986 3152
243 106 347 157 472
930 104 1178 145 EUSEBn

245 218 362 286 οἷός
389 243 447 276 τε
466 218 587 275 κατ’
609 217 773 287 ἀξίαν
799 218 1059 292 ὑμνῆσαι,
1089 218 1173 277 ὅτι
1198 218 1266 292 δὴ
1294 218 1587 294 ὀφθαλμὸς
1611 219 1718 278 ούκ
1741 220 1856 279 εἶδε

243 305 334 361 καὶ
367 299 467 370 οὖς
498 302 603 360 ούκ
632 303 860 376 ἤκουσε,
892 305 984 359 καὶ
1018 305 1110 360 ε’πὶ
1139 309 1378 378 καρδίαν
1407 303 1718 379 ἀνθρώπου
1749 302 1856 362 ούκ

244 388 436 461 ἀνέβη,
451 385 594 445 αύτά
609 393 644 444 δ
646 388 678 461 ὴ
691 393 866 444 ταῦτα
882 385 918 444 ἃ
927 383 1231 462 ἡτοίμασεν
1247 383 1276 445 ὁ
1293 387 1427 455 θεὸς
1439 402 1554 455 τοῖς
1567 385 1858 461 ἀγαπῶσιν

246 471 436 530 αὐτόν.
481 477 562 530 71.
589 464 669 529 ῶν
683 469 791 545 ἤδη
811 475 872 530 έν
886 474 1040 547 μέρει
1061 474 1494 541 καταξιωθέντες
1518 473 1719 548 ἄνδρες
1743 474 1856 548 ἅμα

203 581 222 612 5
246 558 402 615 παισὶ
418 558 511 613 καὶ
527 558 778 630 γυναιξὶ,
803 558 988 631 μικροὶ
1010 558 1104 614 καὶ
1125 557 1382 631 μεγάλοι,
1408 558 1610 627 πάντες
1634 557 1857 633 ἀθρόως

246 645 306 699 ἐν
341 642 425 699 ἑνὶ
459 642 733 715 πνεύματι
755 643 848 698 καὶ
874 647 972 717 μιᾷ
1000 648 1153 716 ψυχῇ
1184 642 1260 716 μὴ
1289 647 1634 716 διαλίπωμεν
1663 645 1855 716 ἐξομο-

245 726 593 800 λογούμενοι,
625 728 718 783 καὶ
740 725 841 784 τὸν
873 731 987 783 τῶν
1009 726 1293 784 τοσούτων
1325 725 1460 801 ἡμῖν
1485 725 1721 800 ἀγαθῶν
1745 748 1856 784 πα-

245 818 457 885 ραίτιον
500 810 988 884 ἀνευφημοῠντες,
1021 810 1167 868 “τὸν
1212 810 1609 870 εύιλατεύοντα
1654 812 1857 879 πάσαις

242 909 362 962 ταῖς
394 892 650 968 ἀνομίαις
684 895 867 969 ἡμῶν,
900 895 1001 952 τὸν
1038 896 1279 969 ἰώμενον
1309 897 1489 964 πάσας
1522 897 1619 963 τάς
1652 897 1859 963 νόσους

182 1003 222 1035 10
244 979 424 1054 ἡμῶν,
454 979 554 1037 τὸν
590 980 977 1056 λυτρούμενον
1009 983 1067 1038 ἐκ
1098 983 1320 1055 φθορᾶς
1361 981 1464 1054 τὴν
1493 981 1636 1051 ζωὴν
1664 980 1858 1055 ἡμῶν,

244 1064 345 1122 τὸν
386 1069 775 1137 στεφανοῦντα
816 1063 961 1138 ἡμᾶς
1003 1067 1063 1121 ἐν
1095 1067 1232 1121 ἐλέει
1267 1067 1361 1122 καὶ
1391 1071 1726 1139 οἰκτιρμοῖς,
1756 1065 1859 1122 τᾶν

247 1153 646 1222 ἐμπιμπλῶντα
678 1152 739 1206 ἐν
770 1147 1008 1220 ἀγαθοῖς
1051 1149 1156 1222 τήν
1197 1152 1503 1223 ἐπιθυμίαν
1542 1149 1731 1223 ἡμῶν,
1777 1147 1861 1206 ὅτι

246 1233 313 1291 ου’
357 1232 497 1290 κατά
535 1232 633 1299 τάς
675 1229 946 1308 ἀμαρτίας
999 1232 1160 1307 ἡμῶν
1203 1237 1464 1307 ἐποίησεν
1515 1230 1680 1308 ἡμῖν,
1722 1232 1859 1291 οὐδὲ

246 1317 383 1375 κατά
415 1315 514 1384 τάς
545 1316 781 1392 ἀνομίας
811 1316 974 1392 ἡμῶν
1003 1316 1398 1376 ἀνταπέδωκεν
1430 1315 1584 1393 ἡμῖν,
1610 1319 1691 1376 ὅτι
1720 1317 1853 1375 καθ’

182 1423 222 1454 15
248 1403 387 1460 ὅσον
428 1400 734 1476 ἀπέχουσιν
775 1402 1044 1460 ἀνατολαὶ
1084 1401 1192 1460 ἀπὸ
1237 1408 1502 1478 δυσμῶν,
1551 1404 1863 1477 ε’μάκρυνεν

245 1484 348 1560 ἀφ’
382 1483 543 1560 ἡμῶν
573 1487 672 1554 τάς
703 1486 936 1562 ἀνομίας
966 1484 1150 1562 ἡμῶν·
1183 1488 1376 1555 καθῶς
1400 1494 1657 1563 οἰκτείρει
1679 1487 1862 1561 πατὴρ

245 1571 410 1639 υἱούς
451 1568 661 1645 αὐτοῦ,
704 1571 1004 1682 ᾤκτείρησε
1053 1573 1244 1647 κύριος
1286 1572 1420 1640 τούς
1470 1576 1861 1647 φοβουμένους

246 1655 438 1714 αυτόν
439 1653 470 1676 ”
530 1661 611 1714 72.
643 1681 820 1715 ταυτα
849 1660 943 1715 καὶ
973 1663 1085 1715 νῦν
1114 1660 1208 1714 καὶ
1248 1663 1327 1725 εἰς
1359 1681 1491 1725 τους
1523 1660 1646 1731 ἑξῆς
1676 1679 1857 1715 απαν-

243 1764 341 1808 τας
386 1741 627 1815 χρόνους
677 1755 801 1810 ταῖς
849 1742 1088 1816 μνήμαις
1140 1740 1640 1818 ἀναζωπυροῦντες
1655 1786 1671 1815 ,
1721 1741 1863 1816 ἀτὰρ

184 1846 226 1878 20
248 1828 342 1883 καὶ
371 1831 470 1898 τῆς
501 1827 790 1901 παρούσης
821 1828 1188 1902 πανηγύρεως
1218 1829 1312 1884 καὶ
1334 1831 1432 1900 τῆς
1455 1832 1697 1901 φαιδρᾶς
1721 1824 1860 1883 ταύ-

244 1934 339 1984 της
380 1912 474 1968 καὶ
515 1913 902 1988 λαμπροτάτης
946 1911 1155 1987 ἡμέρας
1194 1911 1297 1970 τόν
1329 1921 1508 1970 αἴτιον
1549 1913 1642 1970 καὶ
1674 1933 1856 1984 πανη-

244 1996 554 2070 γυριάρχην
581 1997 807 2072 νύκτωρ
837 1998 931 2054 καὶ
969 1995 1100 2071 μεθ’
1132 1992 1348 2072 ἡμέραν
1378 1997 1468 2053 διά
1500 1997 1679 2069 πάσης
1713 1995 1863 2071 ῶρας

246 2081 341 2136 καὶ
371 2076 447 2136 δι’
480 2079 643 2153 ὅλης,
678 2077 751 2148 ῶς
783 2088 997 2153 εἰπεῖν,
1041 2081 1330 2155 ἀναπνοῆς
1374 2084 1434 2138 ἐν
1473 2087 1557 2159 νῷ
1601 2082 1861 2156 προορῶ-

245 2186 431 2237 μενοι,
465 2166 792 2239 στέργοντες
822 2168 916 2222 καὶ
947 2168 1204 2238 σέβοντες
1245 2171 1433 2238 ψυχῆς
1474 2165 1576 2240 ὅλῃ
1609 2165 1864 2238 δυνάμει,

184 2267 226 2298 25
251 2249 344 2304 καὶ
373 2252 486 2304 νῦν
517 2247 885 2320 ἀναστάντες,
916 2250 1131 2325 μεγάλῃ
1164 2251 1469 2315 διαθέσεως
1501 2254 1666 2324 φωνῇ
1691 2257 1854 2306 καθι-

247 2332 625 2406 κετεύσωμεν,
659 2328 736 2400 ῶς
767 2331 838 2391 ἄν
867 2329 980 2392 ύπὸ
1011 2333 1116 2407 τῆν
1148 2333 1328 2391 αὐτοῦ
1368 2335 1628 2408 μάνδραν
1659 2340 1739 2401 εἰς
1769 2336 1861 2391 τέ-

248 2425 342 2483 λος
395 2415 539 2490 ἡμᾶς
593 2418 878 2487 σκεπάζων
940 2419 1288 2491 διασῶζοιτο,
1340 2418 1444 2492 τῆν
1494 2417 1629 2492 παρ’
1684 2417 1865 2476 αὐτοῦ

246 2499 548 2575 βραβεύων
579 2501 795 2578 ἀρραγῆ
826 2504 919 2560 καὶ
950 2503 1207 2561 ἄσειστον
1238 2509 1478 2560 αἰωνίαν
1509 2503 1770 2578 εἰρήνην,
1804 2505 1867 2559 ἐν

250 2588 473 2662 Χριστῷ
495 2585 683 2659 Ἰησοῦ
713 2594 792 2666 τῷ
825 2594 1031 2662 σωτῆρι
1058 2587 1237 2663 ἡμῶν,
1270 2586 1350 2645 δι’
1377 2582 1449 2646 οὗ
1479 2586 1633 2665 αύτῶ
1665 2587 1699 2660 ἡ
1730 2587 1864 2656 δόξα

183 2689 225 2719 30
251 2676 330 2738 εἰς
359 2670 492 2738 τούς
523 2672 847 2746 σύμπαντας
879 2679 1089 2740 αἰῶνας
1119 2678 1234 2731 τῶν
1265 2672 1507 2730 αι’ῶνων.
1548 2671 1737 2746 Ἀμήν.
1829 2694 1834 2695 ’

368 2869 389 2907 1
425 2869 446 2907 1
472 2865 572 2911 Gor.
606 2870 646 2921 2,
677 2870 718 2911 9.
837 2870 861 2910 8
894 2867 1062 2911 Psalm.
1100 2869 1178 2909 102
1211 2864 1348 2919 (103),
1381 2869 1420 2911 3.
