1986 3152
597 103 754 143 HIST.
788 101 1038 143 ECCLES.
1071 104 1124 145 v.
1158 105 1196 144 1.
1609 100 1709 153 189

94 215 234 291 “τὴν
263 219 537 290 προτέραν
568 219 658 273 καὶ
689 215 790 287 τὴν
821 222 1019 290 χρῆσιν
1056 220 1166 275 τῶν
1210 221 1422 289 μελῶν,
1467 216 1606 274 ὥστε
1635 217 1708 290 μὴ

91 299 392 374 “κόλασιν,
447 298 567 357 ἀλλ’
615 310 765 357 ἰάσιν
806 299 897 357 διὰ
937 305 1032 373 τῆς
1074 301 1289 376 χάριτος
1328 307 1426 358 τοῦ
1468 304 1712 374 Χριστοῦ

94 382 234 458 τετὴν
276 388 543 457 δευτέραν
584 389 925 458 στρέβλωσιν
966 382 1117 461 αὐτῷ
1156 390 1437 458 γενέσθαι.
1497 390 1581 445 25.
1617 388 1709 442 καὶ

94 463 406 543 ((Βιβλιοὲδα
438 474 500 526 δέ
529 494 670 540 τινα,
702 476 836 542 μίαν
864 472 977 526 τῶν
1007 466 1354 543 ἠρνημένων,
1387 468 1494 542 ἤδη
1529 475 1710 527 δοκῶν

94 551 157 573 <ef

134 579 163 611 ο
220 553 475 626 διάβολος
529 557 1011 624 καταπεπωκέναι,
1063 553 1307 626 θελήσας
1361 555 1421 610 δὲ
1473 556 1563 610 καὶ
1618 551 1752 611 dadas

92 637 488 711 “sskaffmmu'ag
520 651 874 711 κατακρῖναι,
906 641 1042 709 ἠγεν
1074 640 1163 694 ε’πὶ
1193 639 1440 709 κόλασιν,
1473 636 1710 710 ἀναγκά-

95 719 241 792 “ζων
273 728 452 780 εἰπεῖν
481 722 547 778 τὰ
577 719 722 778 ἄθεα
752 723 876 793 περὶ
910 721 1085 793 ἡμῶν,
1118 722 1190 787 ῶς
1224 719 1575 795 εὔθραυστον
1604 720 1712 794 ἤδη

94 803 225 863 “nal
255 804 549 879 ἄνανδρον.
612 810 695 861 26.
729 801 763 876 ἡ
798 805 858 861 δὲ
891 808 951 861 ἐν
981 808 1046 878 τῇ
1078 804 1418 878 στρεβλῶσει
1448 803 1711 878 ἀνένηφε,

94 887 227 947 “καὶ
259 888 409 947 ῶσαν
449 896 628 947 εἰπεῖν
670 893 729 945 ἐκ
772 891 978 960 βαθέος
1020 886 1206 946 ὕπνου
1245 888 1712 961 ἀνεγρηγόρησεν,

92 971 166 995 (ἐξ

94 984 562 1081 “υπομνησθεῖσα
594 972 686 1030 διὰ
715 979 813 1046 τῆς
843 980 1188 1046 προσκαίρου
1218 980 1482 1046 τιμωρίας
1505 972 1607 1045 τὴν
1632 979 1712 1030 αι’-
1737 1001 1777 1032 10

94 1057 303 1115 “ω’νιον
335 1062 394 1115 ἐν
424 1061 624 1131 γεέννῃ
656 1057 918 1129 κόλασιν,
961 1059 1053 1114 καὶ
1097 1061 1150 1125 ἐξ
1192 1061 1446 1124 ἐναντίας
1488 1056 1714 1114 ἀντεῖπε

94 1138 248 1209 “vocs
280 1141 627 1215 βλασφήμοις
658 1141 884 1215 φήσασα
907 1138 1046 1208 τπῶς
1077 1138 1147 1199 ἂν
1170 1147 1367 1199 παιδία
1399 1141 1632 1214 φάγοιεν
1662 1147 1720 1198 οί

97 1223 394 1300 “τοιοῦτοι,
427 1225 508 1293 οἷς
538 1228 680 1300 μηδὲ
710 1226 929 1299 ἀλόγων
961 1225 1115 1302 ζῴων
1146 1224 1281 1300 αἷμα
1312 1240 1515 1298 φαγεῖν
1548 1223 1709 1295 ἐξόν;’

95 1309 227 1368 “nal
258 1309 364 1368 ἀπὸ
395 1314 559 1369 τοῦδε
590 1309 932 1384 Χριστιανὴν
965 1310 1170 1383 ἑαυτὴν
1203 1307 1499 1384 ῶμολόγει,
1530 1312 1623 1366 καὶ
1655 1313 1715 1367 ἐν

95 1391 211 1471 “τς5
237 1395 428 1472 ’κλήρῳ
460 1401 573 1452 τῶν
603 1394 901 1468 μαρτύρων
931 1397 1258 1468 προσετέθη.
1320 1399 1404 1451 27.
1439 1419 1715 1468 καταργη-
1738 1420 1779 1452 15

97 1478 358 1537 “θε’ντων
402 1481 462 1536 δὲ
503 1482 616 1537 τῶν
655 1483 1009 1552 τυραννικῶν
1049 1485 1429 1552 κολαστηρίων
1467 1477 1576 1535 ὑπὸ
1619 1481 1719 1535 τοῦ

99 1560 379 1636 “Χριστοῦ
406 1563 497 1620 διὰ
521 1570 617 1636 τῆς
641 1570 752 1620 τῶν
774 1569 1062 1636 μακαρίων
1084 1563 1385 1636 ὑπομονῆς,
1411 1564 1596 1637 ἑτέρας
1619 1587 1718 1636 μη-

100 1646 306 1721 “χανας
322 1647 351 1705 ὁ
371 1648 627 1720 διάβολος
652 1646 887 1720 ἐπενόει,
914 1646 1006 1715 τὰς
1023 1646 1159 1704 κατὰ
1182 1647 1284 1720 τὴν
1309 1646 1531 1721 εἱρκτὴν
1562 1650 1622 1704 ἐν
1644 1649 1723 1723 τῷ

98 1729 322 1790 “σκότει
354 1734 445 1789 καὶ
476 1736 552 1808 τῷ
583 1731 952 1809 χαλεπωτάτῳ
984 1739 1167 1808 χωρίῳ
1210 1737 1584 1804 συγκλείσεις,
1626 1733 1719 1788 καὶ

100 1813 231 1883 “vdes
265 1819 324 1874 ἐν
353 1821 428 1893 τῷ
461 1815 606 1892 ξύλῳ
641 1815 918 1883 διατάσεις
947 1819 1060 1874 τῶν
1090 1821 1308 1887 ποδῶν,
1351 1818 1439 1872 ἐπὶ
1470 1818 1718 1888 πέμπτον
1741 1841 1782 1872 20

99 1900 568 1974 “διατεινομένων
592 1900 868 1974 τρύπημα,
893 1903 986 1957 καὶ
1010 1899 1105 1967 τὰς
1130 1899 1323 1967 λοιπὰς
1351 1906 1551 1972 αἰκίας,
1582 1897 1716 1965 ὅσας

100 1981 409 2042 “ει’ῶθασιν
438 1984 782 2058 ὀργιζόμενοι
810 1984 1103 2059 ὑπουργοὶ,
1136 1987 1227 2042 καὶ
1258 1988 1428 2042 ταῦτα
1453 1982 1717 2056 διαβόλου

102 2068 390 2143 “πλη’ρεις,
425 2072 737 2127 διατιθέναι
766 2069 897 2137 τοὺς
929 2072 1370 2142 ἐγκλειομένους,
1413 2065 1554 2125 ὥστε
1583 2067 1718 2124 ἀπο-

102 2152 408 2226 “πνιγῆναι
448 2153 576 2221 τοὺς
619 2161 912 2221 πλείστους
956 2157 1015 2211 ἐν
1045 2160 1111 2228 τῇ
1145 2157 1361 2227 εἱρκτῇ,
1403 2150 1566 2218 ὅσους
1595 2175 1660 2225 γε
1690 2151 1718 2208 ὅ

103 2234 330 2310 “κύριος
360 2237 534 2305 οὕτως
576 2242 825 2306 ἐξελθεῖν
865 2236 1174 2311 ἠθέλησεν,
1219 2236 1590 2295 ἐπιδεικνύων
1619 2236 1720 2308 τὴν
1743 2261 1783 2292 25

102 2320 318 2379 Ναὐτοῦ
352 2324 533 2390 δόξαν.
587 2328 670 2379 28.
704 2328 762 2380 οἰ
779 2324 882 2396 μὲν
904 2321 1007 2397 γὰρ
1033 2325 1468 2396 βασανισθέντες
1493 2325 1719 2395 πικρῶς,

106 2570 136 2593 (e

103 2402 283 2508 Σῶστε
326 2412 513 2464 δοκεῖν
553 2408 692 2480 μηδε
733 2414 830 2480 τῆς
870 2414 1174 2482 θεραπείας
1226 2405 1404 2479 πάσης
1455 2405 1720 2479 τυχόντας

103 2486 222 2548 “gu
253 2495 410 2563 ζῆσαι
442 2490 718 2548 δύνασθαι
736 2493 1095 2566 ,παρέμενον
1126 2495 1186 2549 ἐν
1215 2492 1283 2566 τῇ
1315 2493 1500 2592 ειρκτῇ
1532 2495 1720 2563 ἔρημοι

145 2599 248 2648 μεν
287 2582 383 2648 τῆς
424 2598 573 2648 παρα
614 2574 936 2649 ανθρώπων
980 2579 1319 2649 ἐπιμελείας,
1361 2572 1718 2647 αναρρωννύ-

105 2654 302 2761 Σμενοι
344 2661 404 2716 δε
444 2658 553 2716 υπὸ
595 2667 795 2733 κυρίου
839 2663 930 2717 καὶ
975 2658 1451 2733 ἐνδυναμούμενοι
1492 2661 1583 2715 καὶ
1614 2655 1716 2713 605-
1742 2680 1783 2710 30

105 2740 271 2845 Σῖματι
303 2747 395 2801 καὶ
427 2747 603 2818 ψυχῇ,
646 2747 736 2800 καὶ
778 2769 904 2811 τους
944 2743 1170 2810 λοιπους
1211 2747 1597 2843 παρορμῶντες
1629 2743 1719 2797 καὶ

105 2821 659 2901 “παραμυθου’μενοι.
722 2853 774 2885 οι
818 2830 876 2885 δε
919 2830 1108 2901 νεαροὶ
1150 2830 1240 2884 καὶ
1272 2852 1394 2899 αρτι
1426 2824 1718 2895 συνειλημ-
