1986 3152
297 117 313 165 1
327 115 396 166 52
979 115 1228 156 EUSEBII

295 243 447 295 ναῖος
501 234 722 301 ἱστορεῖ.
805 234 854 285 2.
901 231 992 286 καὶ
1044 229 1220 301 ἄλλην
1263 230 1322 286 δὲ
1362 226 1390 287 ὁ
1434 227 1597 297 αὐτὸς
1637 233 1764 303 περὶ
1802 237 1903 290 τοῦ

292 312 670 387 Πολυκάρπου
723 319 1077 386 παραδίδωσι
1131 313 1415 387 διήγησιν,
1475 313 1545 387 ἣν
1596 314 1904 388 ἀναγκαῖον

291 411 406 464 τοῖς
465 400 591 470 περὶ
659 395 834 455 αὐτοῦ
905 399 1265 472 δηλουμένοις
1330 397 1669 468 ἐπισυνάψαι
1727 397 1904 468 οὕτως

293 489 558 555 ἔχουσαν·

249 586 268 615 5
323 564 470 640 [Ἀπὸ
501 570 598 623 τοῦ
628 572 816 637 τρίτου
847 570 960 624 τῶν
990 566 1126 640 πρὸς
1156 564 1250 632 τάς
1282 569 1522 641 αἱρέσεις
1556 568 1899 642 Εἰρηναίόυ.]

226 2249 296 2299 25

283 1322 540 1382 “στόλων
571 1330 814 1398 ἔμαθεν,
858 1322 891 1380 ἃ
924 1328 1019 1382 καὶ
1050 1323 1083 1398 ἡ
1118 1328 1378 1398 ἐκκλησία
1409 1330 1826 1398 παραδίδωσιν,
1867 1351 1902 1382 α

284 1407 313 1427 ἶ(

228 1428 268 1459 15

405 649 613 708 3.“Καὶ
645 648 1013 723 Πολύκαρπος
1045 651 1108 707 δὲ
1139 649 1204 708 οὐ
1236 649 1408 723 μόνον
1437 649 1547 708 ὑπὸ
1579 650 1905 711 ἀποστόλων

283 732 730 807 ((μαθητευθεὶς,
763 738 855 792 καὶ
887 737 1372 809 συναναστραφεὶς
1403 743 1627 802 πολλοῖς
1649 734 1747 793 τὸν
1770 745 1900 810 Χρι-

283 815 453 876 “στόν
485 818 811 892 ἑωρακόσιν,
844 817 985 876 ἀλλά
1016 822 1108 876 καὶ
1137 817 1249 876 ὑπὸ
1283 816 1606 877 ἀποστόλων
1629 841 1903 877 καταστα-

282 899 445 970 ““’θεὶς
477 911 554 970 εἰς
584 902 687 975 τὴν
718 902 910 961 Ἀσίαν
945 907 1003 960 ἐν
1033 907 1102 977 τῇ
1133 907 1193 961 ἐν
1223 902 1460 978 Σμύρνῃ
1495 907 1755 980 ἐκκλησία
1787 907 1901 962 ἐπί-

284 986 314 1007 (e

229 1008 269 1039 10

324 1005 558 1059 σκοπος,
588 984 653 1045 ὃν
684 990 775 1044 καὶ
805 987 962 1060 ἡμεῖς
998 987 1318 1063 ἑωράκαμεν
1351 992 1412 1046 ἐν
1434 992 1501 1062 τῇ
1524 987 1713 1063 πρώτῃ
1745 987 1904 1062 ἡμῶν

283 1069 537 1148 “ἡλικία.
599 1077 649 1128 4.
686 1071 919 1130 ἐπιπολὺ
949 1072 1055 1145 γὰρ
1087 1075 1405 1146 παρέμεινε,
1438 1074 1529 1129 καὶ
1553 1071 1902 1147 πάνυ.γηρα-

282 1154 462 1227 “λεός,
491 1154 730 1224 ἐνδόξως
754 1159 846 1213 καὶ
872 1159 1278 1229 ἐπιφανέστατα
1302 1155 1675 1230 μαρτυρήσας,
1702 1160 1902 1229 ἐξῆλθε

282 1238 421 1297 “z-013
452 1246 611 1312 βίου,
643 1244 815 1298 ταῦτα
847 1239 1074 1308 διδάξας
1105 1239 1220 1311 ἀεὶ,
1253 1238 1287 1296 ἃ
1320 1243 1412 1297 καὶ
1442 1239 1590 1314 παρὰ
1621 1246 1734 1298 τῶν
1763 1239 1903 1299 ἀπο-

1877 1322 1903 1343 (ἢ

324 1411 414 1465 καὶ
446 1407 590 1482 μόνα
622 1411 771 1466 ἐστὶν
803 1406 1003 1482 ἀληθῆ.
1094 1413 1142 1466 5.
1177 1413 1522 1483 μαρτυροῦσι
1579 1409 1793 1476 τούτοις
1845 1414 1908 1467 αἱ

282 1491 459 1550 “κατά
487 1493 590 1566 τὴν
618 1491 807 1551 Ἀσίαν
841 1496 1125 1566 ἐκκλησίαι
1156 1498 1356 1567 πᾶσαι,
1403 1496 1496 1551 καὶ
1526 1499 1585 1551 οἱ
1609 1495 1766 1567 μέχρι
1795 1498 1903 1552 νῦν

281 1572 741 1650 ”’διαδεδεγμένοι
780 1578 877 1635 τὸν
920 1577 1321 1652 Πολύκαρπον,
1363 1581 1550 1655 πολλῷ
1587 1577 1904 1646 ἀξιοπιστό-
1969 1637 1971 1640 ,

283 1660 484 1734 “τερον
507 1665 598 1719 καὶ
629 1662 988 1736 βεβαιότερον
1011 1661 1279 1736 ἀληθείας
1309 1662 1562 1735 μάρτυρα
1591 1659 1724 1720 ὄντα
1751 1660 1902 1720 Οὐα-
1942 1686 1948 1691 ·

282 1745 576 1804 “λεντίνου
607 1750 699 1803 καὶ
732 1754 1071 1819 Μαρκίωνος
1101 1749 1195 1804 καὶ
1225 1753 1336 1804 τῶν
1376 1750 1587 1805 λοιπῶν
1616 1771 1902 1819 κακογνω-

227 1845 268 1877 20
284 1826 314 1849 “

321 1829 539 1903 μόνων,
581 1829 639 1898 ὃς
671 1834 763 1888 καὶ
795 1833 884 1888 ἐπὶ
922 1830 1213 1904 Ἀνικήτου
1247 1830 1583 1904 ἐπιδημήσας
1623 1836 1690 1905 τῇ
1723 1829 1902 1907 Ῥώμῃ

283 1910 557 1982 “πολλούς
587 1914 695 1973 ἀπὸ
725 1922 838 1973 τῶν
869 1917 1288 1990 προειρημένων
1318 1919 1612 1990 αἱρετικῶν
1644 1919 1902 1990 ἐπέστρε-

282 1995 427 2066 ’(ψεν
467 2002 556 2056 ἐπὶ
597 2000 699 2073 τὴν
741 2004 1040 2073 ἐκκλησίαν
1079 2005 1179 2058 τοῦ
1218 2003 1386 2072 θεοῦ,
1429 2006 1564 2073 μίαν
1594 2002 1687 2057 καὶ
1724 1998 1904 2073 μόνην

282 2080 531 2183 Σταύτην
572 2083 846 2156 ἀλήθειαν
853 2084 1116 2186 κηρύξας
1146 2083 1256 2141 ὑπὸ
1287 2088 1399 2141 τῶν
1438 2082 1764 2141 ἀποστόλων
1795 2107 1902 2142 πα-
1985 2134 1986 2137 ,

282 2162 672 2275 Σρειληφέναι,
703 2168 806 2239 τὴν
835 2166 946 2225 υπὸ
977 2172 1073 2239 τῆς
1105 2172 1396 2240 ἐκκλησίας
1420 2170 1898 2241 παραδεδομένην.

301 2248 380 2307 “6.
415 2253 505 2307 καὶ
539 2253 681 2308 εἰσὶν
711 2276 763 2308 οι
793 2250 1088 2324 ἀκηκοότες
1121 2251 1298 2309 αὐτοῦ
1335 2276 1418 2308 οτι
1454 2249 1711 2325 Ἰωάννης
1742 2250 1771 2309 ὁ
1803 2257 1902 2310 τοῦ

281 2331 520 2408 “κυρίου
550 2334 805 2409 μαθητης
831 2338 890 2392 ἐν
913 2341 980 2409 τῇ
1005 2334 1218 2412 Ἐφέσῳ
1242 2339 1542 2410 πορευθεὶς
1566 2336 1898 2408 λούσασθαι,

281 2417 412 2475 “καὶ
446 2417 584 2476 ἰδών
614 2426 721 2477 ἔσω
754 2418 1047 2492 Κήρινθον
1090 2419 1314 2493 ἐξήλατο
1354 2424 1455 2478 τοῦ
1495 2427 1797 2492 βαλανείου
1826 2421 1902 2494 μὴ

283 2499 689 2576 “λουσάμενος,
743 2501 877 2560 ἀλλ’
928 2503 1199 2575 ἐπειπών,
1253 2504 1551 2579 φύγωμεν,
1593 2504 1668 2579 μὴ
1707 2506 1799 2561 καὶ
1838 2503 1900 2562 τὸ

280 2585 310 2688 ἲ
321 2593 620 2658 βαλανεῖον
651 2591 934 2662 συμπέσῃ,
967 2594 1133 2646 ἔνδον
1162 2586 1318 2657 ὄντος
1349 2595 1644 2662 Κηρίνθου
1675 2592 1773 2646 τοῦ
1803 2592 1900 2661 τῆς

226 2688 267 2720 30

300 2669 589 2743 οἀληθείας
633 2676 851 2747 ἐχθροῦ.
929 2678 975 2728 7.
1016 2675 1109 2730 καὶ
1149 2670 1313 2741 αὐτὸς
1356 2675 1418 2731 δὲ
1457 2672 1486 2731 ὁ
1530 2671 1899 2744 Πολύκαρπος
1925 2735 1948 2743 κ

406 2804 426 2848 1
459 2811 577 2851 Iren.
601 2811 763 2862 fragm.
798 2824 840 2863 p.
864 2813 958 2852 341.
991 2812 1128 2851 Mass.
1156 2811 1288 2852 Conf.
1321 2812 1443 2852 infra
1476 2813 1515 2862 5,
1539 2813 1605 2853 24.
1723 2812 1748 2850 5
1778 2811 1898 2852 Iren.

290 2866 375 2916 111,
409 2868 448 2906 3.
480 2868 521 2905 4.
555 2879 598 2919 p.
635 2868 728 2906 176.
