2032 3174
333 149 482 190 XLVI
1036 148 1161 189 CAP.
1193 150 1233 189 2.

334 263 366 326 ξ
402 259 488 312 23.
555 259 736 325 Quum
774 266 957 311 autem
993 257 1111 325 lex,
1163 276 1300 329 quae
1337 257 1606 310 Hebraeis
1647 257 1774 310 data
1813 267 1945 323 erat,

334 344 354 407 (
366 345 511 413 apud
561 342 686 411 eos)
734 342 1019 411 divulgata
1066 351 1120 395 et
1166 351 1356 413 utpote
1403 342 1538 395 odor
1585 343 1944 394 suavissimus

331 445 428 497 per
467 445 652 480 omnes
691 427 937 480 homines
977 426 1174 479 diffusa
1221 433 1392 493 esset,
1442 434 1496 478 et
1541 445 1610 479 ex
1645 426 1752 478 illis
1791 425 1946 479 multi

331 510 519 580 populi
566 513 731 580 opera
775 509 1193 579 legumlatorum
1241 519 1294 564 et
1329 510 1803 581 philosophorum,
1852 512 1947 582 qui

330 594 640 665 ubicunque
678 595 965 662 vivebant,
1005 614 1215 649 morum
1252 594 1634 648 crudelitatem
1671 604 1725 648 et
1761 595 1944 648 ferita-

330 687 438 731 tem
486 697 608 731 cum
656 680 1071 732 mansuetudine
1120 688 1173 732 et
1227 680 1568 748 mitigatione
1618 685 1945 732 commutas-

332 771 475 829 sent,
514 763 593 815 ita
628 772 691 818 ut
726 763 899 816 multa
934 783 1047 835 pax
1084 772 1139 816 et
1177 782 1330 817 amor
1367 772 1421 816 et
1454 771 1644 816 mutua
1677 762 1820 816 inter
1852 762 1945 821 ho-¹

329 848 504 899 mines
543 847 864 900 commercia
901 850 1234 918 coepissent,
1274 858 1403 902 tunc
1438 847 1657 900 demum
1693 847 1942 900 omnibus

329 931 669 998 hominibUS,
718 933 1074 1004 omnibusque
1116 941 1293 985 terrae
1332 932 1586 1002 gentibus
1624 939 1814 1001 utpote
1848 930 1942 984 ho—

329 1016 567 1070 minibus
596 1017 717 1087 jam
753 1017 1094 1088 praeparatis
1131 1025 1186 1070 et
1213 1016 1284 1069 ad
1311 1016 1591 1070 scientiam
1616 1016 1796 1068 Patris
1823 1031 1942 1084 per-

330 1100 640 1170 cipiendam
677 1100 885 1154 idoneis
931 1100 1021 1154 ille
1058 1103 1176 1172 ipse
1213 1102 1479 1154 virtutum
1519 1108 1574 1153 et
1610 1118 1791 1152 rerum
1827 1097 1942 1150 lau-

330 1182 596 1237 dabilium
650 1186 940 1254 magister,
1000 1189 1093 1256 qui
1147 1203 1258 1238 una
1314 1203 1434 1237 cum
1489 1192 1646 1255 patre
1701 1183 1942 1236 omnium

327 1267 592 1320 bonorum
630 1288 849 1340 compos
889 1278 994 1335 est,
1034 1270 1282 1323 Verbum
1319 1278 1373 1322 et
1399 1269 1680 1339 Sapientia
1715 1267 1823 1320 Dei
1859 1267 1941 1318 in-

328 1351 446 1406 duit
493 1371 689 1423 corpus
737 1362 790 1406 et
833 1372 1005 1422 genus
1043 1354 1336 1407 humanum
1382 1372 1505 1407 cum
1550 1361 1706 1423 patre
1758 1368 1941 1404 recon-

326 1435 552 1490 ciliavit.
628 1439 902 1508 Apparuit
947 1446 1129 1491 autem
1182 1448 1423 1508 tempore
1471 1435 1683 1490 exordii
1728 1435 1943 1504 imperii

325 1520 586 1590 Romani3
624 1522 758 1575 fecit
795 1532 849 1576 et
883 1524 1111 1594 pertulit
1149 1543 1237 1590 ea,
1278 1543 1417 1595 quae
1451 1541 1572 1575 cum
1609 1521 1793 1575 verbis
1820 1539 1940 1592 pro-

324 1607 631 1675 phetiarum
658 1607 1087 1662 consentiebant.
1162 1609 1270 1660 Dei
1296 1609 1439 1660 enim
1463 1607 1762 1677 prophetae
1787 1624 1940 1676 prae-

326 1690 603 1743 dixerant:
642 1690 812 1743 filium
849 1692 1079 1743 hominis
1109 1694 1163 1744 in
1191 1691 1456 1744 mundum
1480 1699 1774 1744 venturum
1802 1708 1937 1755 esse,

323 1773 686 1828 laudabilium
733 1777 1008 1828 actionum
1054 1776 1359 1828 effectorem
1417 1784 1470 1828 et
1514 1776 1688 1846 patris
1736 1774 1939 1827 cultum

325 1877 508 1912 omnes
556 1867 744 1927 gentes
794 1858 1099 1912 docturum.
1173 1860 1357 1930 Atque
1393 1861 1730 1930 praestantia
1769 1861 1938 1911 scien-

323 1944 434 1996 tiae
473 1945 618 2014 ejus,
655 1962 800 1996 nova
834 1945 953 2014 ejus
993 1944 1268 2012 doctrina,
1305 1944 1735 2014 miraculosaque
1774 1961 1938 2013 opera

323 2028 607 2098 praedicta
653 2027 900 2095 fuerunt,
949 2046 1120 2098 aeque
1158 2037 1318 2100 atque
1355 2039 1553 2082 natura
1589 2030 1776 2082 mortis
1817 2030 1936 2100 ejus

322 2112 652 2165 resurrectio
690 2130 760 2164 ex
795 2113 1022 2166 mortuis
1062 2122 1116 2166 et
1153 2113 1399 2167 ascensio
1436 2112 1507 2165 ad
1550 2112 1792 2179 coelum3
1840 2112 1936 2164 hu-

321 2213 644 2264 manamque
694 2197 814 2267 ejus
853 2204 1104 2249 naturam
1142 2197 1486 2250 interituram
1523 2215 1642 2249 esse
1681 2214 1779 2266 per
1815 2197 1935 2266 ejus

324 2278 666 2332 divinitatem
709 2280 1079 2349 (praedictum
1124 2282 1293 2350 erat).
1377 2285 1410 2348 ξ
1447 2281 1534 2333 24.
1598 2281 1763 2346 Quod
1800 2297 1931 2332 vero

322 2364 441 2432 ejus
489 2381 716 2432 regnum
762 2365 818 2416 in
865 2365 970 2417 fine
1019 2364 1360 2419 saeculorum
1408 2365 1771 2418 adventurum
1809 2364 1931 2417 atti-

319 2456 440 2514 net,
478 2448 681 2501 Daniel
717 2450 982 2502 visionem
1022 2449 1264 2503 divinam
1301 2449 1441 2502 vidit
1480 2469 1704 2520 eamque
1741 2448 1812 2500 ad
1837 2448 1932 2500 hu-

319 2551 539 2585 manum
577 2540 796 2603 captum
836 2552 955 2586 sese
994 2534 1409 2587 accommodans
1446 2535 1547 2587 hoc
1582 2534 1744 2587 modo
1770 2532 1932 2586 nobis

321 2617 608 2688 descripsit
647 2618 813 2688 (Dan.
842 2619 891 2684 7.,
921 2617 969 2669 9.
1002 2619 1134 2689 10.):
1187 2618 1495 2684 „Videbam
1506 2659 1521 2685 ,
1569 2617 1747 2687 inquit
1784 2615 1931 2669 thro-

317 2720 417 2755 nos
455 2701 664 2771 positos
678 2742 692 2769 ‚
733 2702 1015 2772 antiquum
1054 2703 1264 2755 dierum
1305 2703 1430 2771 (ibi)
1471 2703 1763 2755 sedentem.
1825 2699 1931 2751 Ve—

320 2787 631 2838 stimentum
678 2788 797 2857 ejus
851 2787 1144 2840 candidum
1191 2796 1308 2841 erat
1345 2788 1484 2842 sicut
1520 2787 1616 2839 nix
1655 2792 1708 2837 et
1745 2782 1930 2854 capilli

318 2870 513 2941 capitis
565 2872 683 2941 ejus
733 2872 873 2923 sicut
908 2871 1034 2924 lana
1070 2873 1288 2924 munda.
1365 2873 1616 2924 Thronus
1656 2871 1775 2940 ejus
1814 2875 1932 2919 erat
