1986 3152
518 120 675 160 ffls'r.
705 118 953 162 ECCLES.
987 119 1108 161 vm.
1143 121 1208 162 15.
1244 121 1308 163 16.
1617 116 1721 170 377

113 241 206 308 τῆς
235 239 473 306 τοσῆσδε
512 237 762 291 πέπαυτο
805 232 1128 307 συγχύσεως
1168 229 1203 307 ἦ
1246 234 1614 306 Χριστιανούς
1654 233 1724 290 τὰ

113 324 208 391 τῆς
247 325 561 393 παρρησίας
592 317 912 391 ἀπολαβεῖν.

251 413 352 463 XV.
433 411 567 480 [Nic.
606 414 662 463 H.
705 414 758 463 E.
800 414 906 469 Vll,
945 411 1056 478 22]
1134 402 1246 461 Διά
1287 403 1494 469 παντός
1536 404 1605 474 γέ
1640 426 1724 460 τοι

113 492 214 544 τοῦ
255 487 393 543 κατὰ
433 487 532 544 τὸν
584 486 832 560 διωγμὸν
874 489 1168 553 δεκαέτους
1219 487 1425 559 χρόνου
1477 492 1591 543 τῶν
1642 492 1721 553 εἰς

115 570 415 644 ἐπιβουλὴν
467 573 560 627 καὶ
613 571 858 644 πόλεμον
908 570 1011 628 τὸν
1062 569 1184 627 κατ’
1241 570 1497 644 ἀλλήλων
1550 569 1766 628 ούδὲνε,

115 654 324 722 αὐτοῦς
355 657 719 713 διαλέλοιπεν.
782 653 1010 712 ἅπλωτα
1050 655 1154 728 μὲν
1198 655 1306 726 γὰρ
1336 655 1402 712 τὰ
1436 655 1574 711 κατά
1607 655 1721 713 θά-

116 747 318 796 λατταν
361 734 463 812 ῆν,
517 738 644 796 οὐδ’
691 742 819 811 ἐξῆν
871 739 1051 795 ποθὲν
1104 739 1596 806 καταπλεύσαντας
1648 740 1721 812 μὴ

115 822 240 896 οὐχὶ
271 823 470 890 πάσαις
501 828 704 889 αἰκίαις
734 821 1083 894 ὑπάγεσθαι,
1121 825 1598 895 στρεβλουμένους
1629 826 1722 879 καὶ

114 906 213 973 τὰς
245 906 494 978 πλευράς
525 908 1024 980 καταξαινομένους
1043 949 1058 977 ,
1103 907 1375 978 βασάνοις.
1400 930 1458 963 τε
1488 914 1719 963 παντοί-

118 1015 232 1062 αις,
273 991 347 1064 μὴ
391 990 500 1063 ἄρα
530 991 681 1066 παρὰ
712 996 829 1048 τῶν
860 989 933 1047 δι’
969 992 1225 1057 ἐναντίας
1258 993 1478 1063 ἐχθρῶν
1508 989 1716 1063 ἥκοιεν,
1747 1017 1787 1048 ιο

117 1071 623 1149 ἀνακρινομένους,
655 1077 749 1132 καὶ
778 1077 936 1141 τέλος
968 1072 1290 1148 σταυροῖςῆ
1323 1081 1395 1149 τῇ
1420 1075 1513 1132 δια
1546 1075 1724 1148 πυρὸς

114 1157 510 1233 ῦπαγομένους
548 1158 785 1217 κολάσει.
845 1164 895 1215 2.
942 1158 1200 1216 ἀσπίδων
1243 1160 1333 1216 ἐπὶ
1374 1159 1590 1226 τούτοις
1631 1162 1724 1216 καὶ

117 1244 399 1316 θωράκων
444 1245 822 1317 παρασκευαὶ,
874 1249 1057 1315 βελῶν
1097 1267 1154 1300 τε
1194 1245 1287 1299 καὶ
1328 1244 1582 1316 δοράτων
1629 1246 1724 1300 καὶ

114 1332 208 1399 τῆς
241 1327 412 1400 ἄλλης
457 1334 757 1401 πολεμικῆς
798 1328 1155 1399 παρατάξεως
1200 1330 1526 1400 ἑτοιμασίαι,
1567 1327 1723 1399 τριή-

116 1434 230 1483 ρων
260 1435 319 1468 τε
349 1413 442 1468 καὶ
471 1418 586 1468 τῶν
616 1412 760 1469 πατὰ
783 1418 1101 1485 ναυμαχίαν
1123 1409 1346 1483 ὅπλων,
1378 1411 1515 1468 κατὰ
1544 1412 1725 1469 πάντα
1748 1437 1791 1469 15

118 1501 565 1569 συνεκροτοῦντο
616 1497 817 1568 τόπον,
870 1493 995 1554 οὐδ’
1050 1491 1122 1568 ἦν
1164 1495 1298 1552 ἄλλο
1339 1520 1388 1552 τι
1428 1502 1600 1553 παντί
1647 1520 1723 1573 τῳ

117 1586 440 1654 προσδοκᾶν
478 1579 513 1653 ἢ
549 1588 833 1654 πολεμίων
869 1579 1006 1637 κατὰ
1038 1586 1227 1638 πᾶσαν
1258 1586 1466 1654 ἔφοδον
1495 1579 1723 1654 ἡμέραν.

115 1664 329 1731 τούτοις
359 1666 452 1721 καὶ
484 1663 513 1722 ὁ
546 1664 683 1738 μετὰ
714 1670 890 1722 ταῦτα
935 1663 1094 1737 λιμός
1124 1688 1182 1723 τε
1216 1667 1308 1721 καὶ
1339 1665 1526 1738 λοιμὸς
1559 1668 1713 1737 ἐγκα-

115 1749 439 1821 τασκήπτει,
492 1751 620 1824 περὶ
675 1744 755 1807 ῶν
806 1750 942 1806 κατὰ
995 1749 1188 1823 καιρὸν
1242 1750 1607 1822 ἱστορήσομεν
1651 1755 1722 1806 ta*

111 1833 324 1890 δέοντα.
1739 1860 1782 1892 20

254 1928 374 1978 xv1.
455 1929 582 1993 [Nic.
623 1930 682 1979 Η.
723 1929 776 1979 E.
818 1929 916 1985 vu,
954 1925 1065 1993 22]
1150 1917 1374 1975 ’.τοιαῦτ’
1419 1912 1492 1989 ἦν
1532 1917 1599 1973 τὰ
1630 1914 1724 1974 6ιοὶ

114 2001 320 2068 παντὸς
349 2007 452 2059 τοῦ
484 2006 734 2075 διωγμοῦ
767 2001 1213 2075 παρατετακότα,
1246 2002 1458 2078 δεκάτῳ
1485 2001 1588 2074 μὲν
1620 2007 1727 2059 ἔτει

114 2086 223 2143 σῦν
260 2091 402 2169 ’θεοῦ
443 2085 618 2160 χάριτι
659 2092 945 2153 παντελῶς
987 2087 1380 2159 πεπαυμένου,
1425 2091 1623 2157 λωφᾶν
1662 2110 1725 2158 γε

112 2167 223 2243 μὴν
253 2168 369 2243 μετ’
408 2170 612 2242 ὄγδοον
644 2177 765 2238 ἔτος
797 2170 1191 2244 ἐναρξαμένου.
1254 2169 1329 2237 ῶς
1370 2169 1479 2242 γὰρ
1509 2170 1613 2243 τὴν
1645 2176 1725 2237 εἰς

114 2253 254 2328 ἡμᾶς
288 2254 598 2328 ἐπισκοπὴν
630 2254 839 2329 εὐμενῆ
870 2256 963 2312 καὶ
993 2259 1162 2312 ἵλεων
1191 2252 1224 2326 ἡ
1257 2260 1389 2313 θεία
1420 2255 1514 2311 καὶ
1544 2253 1722 2327 οὐρά·
1747 2278 1790 2312 25

116 2361 232 2405 νιος
273 2339 428 2410 χάρις
474 2342 855 2411 ἐνεδείκνυτο,
904 2338 1029 2397 τότε
1070 2339 1140 2411 δὴ
1171 2340 1265 2395 καὶ
1308 2344 1366 2396 οί
1402 2337 1535 2395 καθ’
1579 2335 1726 2413 ἡμᾶς

114 2419 409 2495 ἄρχοντες,
462 2421 623 2480 αὐτοὶ
677 2424 746 2496 δὴ
802 2427 1004 2481 ἐκεῖνοι
1054 2421 1129 2480 δι’
1178 2417 1259 2480 ῶν
1299 2423 1468 2480 πάλαι
1506 2423 1572 2480 τὰ
1614 2429 1727 2480 τῶν

114 2505 252 2563 καθ’
286 2502 431 2580 ἡμᾶς
465 2510 751 2581 ἐνηργεῖτο
781 2509 1069 2581 πολέμων,
1109 2507 1528 2581 παραδοξότατα
1557 2531 1725 2582 μετα-

114 2592 344 2663 θέμενοι
396 2590 502 2664 τῆν
553 2592 785 2666 γνώμην
837 2596 1187 2668 παλινῳδίαν
1238 2586 1413 2667 ᾖδον,
1467 2605 1726 2666 χρηστοῖς

115 2676 242 2749 περὶ
272 2671 434 2749 ἡμῶν
476 2677 874 2751 προγράμμασι
917 2677 1010 2733 καὶ
1042 2675 1406 2749 διατάγμασιν
1435 2675 1718 2750 ἡμερωτά-
1749 2698 1791 2731 30

114 2781 222 2826 τοις
251 2759 355 2833 τὴν
387 2761 477 2817 ἐπὶ
506 2762 649 2834 μέγα
680 2759 966 2834 ἆφθεῖσαν
1012 2765 1112 2818 τοῦ
1144 2765 1396 2833 διωγμοῦ
1441 2759 1726 2834 πυρκαϊάν

117 2844 468 2913 σβεννύντες.
529 2849 578 2903 2.
626 2844 732 2902 οῦκ
763 2844 1128 2920 ἀνθρώπινον
1159 2846 1228 2901 δέ
1252 2868 1302 2901 τι
1330 2842 1534 2901 τούτου
1565 2847 1720 2901 κατέ-
