1986 3152
596 135 755 177 HIST.
786 135 1039 179 ECCLES.
1070 137 1147 177 1v.
1182 138 1219 176 7.
1611 135 1713 187 143

101 249 211 323 ἤδη
228 251 328 306 ’καὶ
361 255 439 316 εἰς
463 248 711 323 φανερὸν
734 249 828 316 τὰς
850 257 1079 323 μαγείας
1103 249 1474 323 παραδιδόναι
1496 250 1710 324 ἠξίουν,

104 331 176 400 ὣς
226 336 315 390 ἐπὶ
367 332 625 406 μεγάλοις
677 332 744 405 δὴ
796 337 1094 407 μονονουχὶ
1146 333 1549 408 σεμνυνόμενοι
1598 349 1713 402 τοῖς

101 417 237 476 κατὰ
267 423 593 491 περιεργίαν
618 418 753 491 πρὸς
778 417 963 475 αὐτῶν
991 422 1431 492 ἐπιτελουμένοις
1455 426 1706 492 φίλτροις

101 501 527 575 ὀνειροπομποῖς
578 525 638 558 τε
690 503 781 558 καὶ
834 504 1129 575 παρέδροις
1180 505 1290 559 τισὶ
1342 509 1564 576 δαίμοσι
1617 506 1711 559 καὶ

104 583 295 652 ἄλλαις
339 584 715 659 ὁμοιοτρόποις
745 587 894 642 τισὶν
923 584 1194 657 ἀγωγαῖς·
1235 585 1455 654 τούτοις,
1489 610 1547 644 τε
1578 586 1710 644 ἀκο-
1733 609 1755 642 5

106 669 326 735 λούθως
355 669 534 726 πάντα
570 673 710 739 δρᾶν
751 675 951 742 χρῆναι
996 668 1287 726 διδάσκειν
1318 668 1384 726 τοὶ
1415 676 1714 744 αἰσχρουρ-

99 751 301 825 γότατα
332 753 460 818 τοὺς
490 755 789 824 μέλλοντας
814 758 892 819 είς
914 750 975 808 τὸ
999 754 1211 809 τέλειον
1241 757 1336 824 τῆς
1360 751 1481 810 κατ’
1509 753 1713 821 αὐτοὺς

101 842 487 910 μυσταγωγίας
510 830 544 907 ἢ
570 837 660 891 καὶ
691 840 901 908 μᾶλλον
931 842 1336 908 μυσαροποιίας
1361 835 1710 908 ἐλεύσεσθαι,

101 919 173 987 ὦς
211 917 285 992 μὴ
327 916 397 976 ἂν
427 916 604 985 ἄλλως
649 921 1084 991 ἐκφευξομένους
1114 918 1243 986 τούς
1273 918 1601 993 κοσμικούς,
1639 920 1713 988 ὦς

100 999 171 1061 ἂν
212 1006 414 1060 ἐκεῖνοι
454 1015 656 1076 φαῖεν,
711 1001 980 1076 ἄρχοντας
994 1049 1008 1075 ,
1060 1002 1135 1076 μὴ
1180 1003 1305 1077 οὐχὶ
1346 1008 1480 1060 πᾶσι
1519 1004 1585 1060 τὰ
1631 1003 1703 1060 δι’
1736 1026 1778 1056 10

100 1084 490 1162 ἄρρητοποιίας
533 1085 941 1160 ἀπονείμαντας
979 1090 1127 1160 χρέα.
1205 1092 1284 1144 10.
1318 1086 1530 1154 τούτοις
1574 1091 1710 1160 δῆτα

103 1173 400 1243 συνέβαινε
444 1169 720 1237 διακόνοις
762 1169 1047 1243 χρεόμενον
1091 1169 1188 1228 τὸν
1232 1175 1714 1244 ἐπιχαιρεσίκακον

103 1260 339 1327 δαίμονα
369 1253 495 1322 τούς
534 1255 638 1326 μὲν
668 1253 803 1329 πρὸς
835 1251 1026 1311 αὐτῶν
1055 1253 1450 1327 ἀπατωμένους
1481 1258 1713 1328 οἰκτρῶς

100 1336 272 1404 οὕτως
317 1344 394 1404 εἰς
424 1336 706 1395 ἀπώλειαν
744 1335 1282 1411 ἀνδραποδίζεσθαι,
1332 1351 1445 1405 τοῖς
1488 1336 1542 1395 δ’
1586 1337 1710 1395 ἀπί-

101 1441 248 1489 στοις
280 1428 470 1480 ἕθνεσι
513 1420 726 1494 πολλὴν
756 1424 1018 1495 παρέχειν
1047 1421 1184 1479 κατὰ
1214 1426 1313 1479 τοῦ
1346 1431 1509 1479 θείου
1542 1421 1709 1495 λόγου
1734 1441 1777 1473 15

104 1511 422 1578 δυσφημίας
453 1513 809 1579 περιουσίαν,
851 1509 947 1578 τῆς
980 1509 1033 1574 ἐξ
1066 1529 1253 1562 αυτων
1283 1505 1469 1578 φήμης
1501 1512 1578 1572 είς
1607 1506 1711 1579 τὴν

100 1594 200 1646 τοῦ
240 1589 446 1656 παντὸς
486 1595 689 1655 ἔθνους
736 1592 1087 1698 Χριστιανων
1140 1589 1412 1662 διαβολὴν
1452 1613 1709 1663 καταχεο-

47 1746 52 1748 Π
99 1675 283 1746 μένης.
345 1678 426 1730 11.
459 1672 631 1747 ταύτῃ
664 1670 718 1729 δ’
751 1675 857 1730 οὐν
883 1676 971 1730 ἐπὶ
995 1681 1255 1731 πλειστον
1279 1677 1579 1745 συνέβαινε
1607 1672 1710 1745 τὴν

101 1759 228 1828 περὶ
268 1755 426 1829 ἡμων
466 1779 616 1830 παρα
656 1771 770 1822 τοῖς
812 1755 934 1813 τότε
975 1754 1225 1824 απίστοις
1264 1756 1538 1814 ὑπόνοιαν
1570 1763 1709 1814 δυσ-

100 1845 236 1913 σεβῆ
266 1843 358 1897 καὶ
388 1839 746 1912 ἆτοπωτοὲτην
789 1845 1175 1913 διαδίδοσθαι,
1217 1866 1288 1907 ως
1321 1841 1390 1913 δὴ
1421 1840 1706 1913 ἀθεμίτοις
1730 1861 1774 1893 20

100 1923 234 1997 πρὸς
274 1927 509 1999 μητέρας
554 1927 647 1981 καὶ
672 1923 919 1998 ἀδελφὰς
960 1928 1178 1996 μίξεσιν
1218 1923 1467 1991 ἀνοσίαις
1498 1947 1556 1981 τε
1585 1948 1707 1996 τρο-

99 2022 231 2080 φαῖς
271 2010 586 2081 χρωμένων.
666 2013 744 2065 12.
788 2005 892 2065 οὐκ
934 2014 1014 2074 είς
1055 2007 1269 2081 μακρόν
1309 2032 1371 2080 γε
1412 2006 1522 2081 μὴν
1554 2005 1706 2083 αὐτῷ

99 2094 273 2148 ταῦτα
303 2090 646 2165 προυχώρει,
679 2095 775 2164 τῆς
806 2089 1074 2164 ἀληθείας
1105 2089 1275 2164 αὐτῆς
1309 2091 1516 2164 ἑαυτὴν
1546 2110 1707 2147 συνι-

100 2173 341 2248 σταὶσης,
385 2178 473 2232 ἐπὶ
505 2177 645 2248 μέγα
673 2198 733 2232 τε
763 2181 883 2248 φῶς
914 2175 1052 2232 κατὰ
1081 2174 1180 2233 τὸν
1209 2174 1475 2249 προϊόντα
1506 2174 1709 2250 χρόνον

101 2258 530 2332 διαλαμπούσης.
615 2263 697 2315 13.
739 2264 964 2330 ἔσβεστο
1015 2260 1117 2332 μὲν
1167 2257 1274 2331 γὰρ
1327 2256 1525 2316 αὐτίκα
1571 2256 1706 2332 πρὸς
1729 2280 1773 2313 25

101 2339 269 2414 αὐτῆς
311 2346 591 2416 ἐνεργείας
630 2341 1043 2415 ἄπελεγχόμενα
1083 2342 1150 2400 τὰ
1180 2346 1293 2400 τῶν
1335 2345 1556 2417 ἐχθρῶν
1589 2345 1708 2398 ε’πι-

100 2424 438 2499 τεχνήματα,
478 2425 666 2483 ἄλλων
697 2425 782 2483 ἐπ’
819 2425 1012 2493 ἄλλαις
1042 2429 1312 2500 αἱρέσεων
1352 2449 1707 2498 καινοτομου-

101 2512 316 2582 μένων,
378 2507 778 2583 ὑπορρεουσῶν
830 2507 916 2567 ἀεὶ
982 2515 1095 2567 τῶν
1148 2512 1433 2584 προτέρων
1485 2511 1577 2566 καὶ
1631 2514 1708 2574 εἰς

102 2592 486 2667 πολυτρόπους
526 2595 618 2650 καὶ
662 2593 1058 2668 πολυμόρφους
1101 2596 1252 2660 ἰδέας
1294 2592 1490 2650 ἄλλοτε
1529 2590 1707 2657 ἄλλως

101 2681 515 2750 φθειρομένων·
557 2676 754 2751 προῄει
797 2675 852 2733 δ’
895 2683 974 2744 εἰς
1015 2676 1190 2749 αὔξην
1220 2680 1313 2734 καὶ
1352 2680 1589 2750 μέγεθος
1620 2673 1706 2731 ἀεὶ
1729 2695 1772 2726 30

103 2759 239 2817 κατὰ
280 2761 347 2817 τὰ
388 2760 529 2817 αὐτὰ
571 2763 663 2817 καὶ
706 2756 967 2827 ὦσαύτως
1008 2766 1208 2834 ἔχουσα
1249 2757 1282 2833 ἡ
1323 2763 1418 2832 τῆς
1457 2757 1706 2816 καθόλου

106 2845 196 2899 καὶ
212 2841 647 2922 μόνηςῖἆληθοῦς
666 2848 956 2916 ἐκκλησίας
977 2843 1311 2918 λαμπρότης,
1342 2841 1403 2900 τό
1419 2867 1478 2899 τε
1502 2839 1707 2914 σεμνὸν
