1986 3152
260 73 363 124 25ss
926 68 1171 110 EUSEBJI

262 190 350 244 καὶ
394 188 518 259 περὶ
551 190 907 254 καταλαλιᾶς,
949 178 1100 239 καὶὸ
1132 183 1519 256 προτρεπτικὸς
1551 191 1630 251 εἰς
1659 182 1863 258 ὑπομο-

260 270 365 343 νὴν
398 265 428 340 ἢ
459 269 595 343 πρὸς
635 266 762 335 τούς
802 268 1002 324 νεωστὶ
1033 269 1526 341 βεβαπτισμένους,
1557 271 1650 325 καὶ
1682 267 1710 326 ὁ
1747 273 1862 327 ε’πι-

261 354 634 426 ρεγραμμένος
685 376 873 409 κανων
926 349 1396 423 ἐκκλησιαστικὸς,
1458 349 1492 424 ἢ
1543 352 1679 427 πρὸς
1737 352 1865 420 τούς

256 435 679 507 Ἰουδαῖζοντας,
732 433 797 492 ὃν
833 433 1174 510 Ἀλεξάνδρῳ
1219 441 1294 536 τῷ
1338 438 1704 514 δεδηλωμένῳ
1748 441 1865 495 ἐπι-

217 542 238 574 5
262 519 448 597 σκόπῳ
480 519 854 578 ἀνατέθεικεν.
916 524 965 577 4.
1002 521 1064 575 ἐν
1092 544 1195 593 μεν
1225 544 1329 577 ουν
1357 533 1471 587 τοῖς
1502 527 1865 594 Στρωματεῦ-

262 624 352 662 σιν
391 603 457 661 οὐ
488 604 660 678 μόνον
689 607 784 678 τῆς
814 610 973 671 θείας
1005 602 1385 677 κατάστρωσιν
1414 610 1704 676 πεποίηται
1735 629 1865 679 γρα-

260 693 387 761 φῆς,
412 685 550 746 ἄλλα
579 691 671 745 καὶ
702 690 813 746 τῶν
843 687 971 762 παρ’
987 685 1268 760 ”Ἐλλησιν,
1303 698 1358 746 εἴ
1380 712 1430 746 τι
1455 687 1562 762 ἄρα
1588 687 1869 762 ὠφέλιμον

263 772 438 830 ἐδόκει
471 775 562 830 καὶ
593 771 780 840 αὐτοῖς
805 777 1084 846 εἰρῆσθαι,
1116 771 1468 846 μνημονεύει,
1500 777 1613 831 τῶν
1637 797 1695 830 τε
1719 771 1867 846 παρά

261 872 373 923 τοῖς
422 865 644 924 πολλοῖς
697 855 1016 930 δογμάτων,
1068 856 1134 913 τὰ
1167 855 1447 929 Ἑλλήνων
1496 854 1634 931 ὁμοῦ
1675 860 1766 914 καὶ
1804 857 1870 915 τὰ

200 963 239 992 10
263 940 563 1014 βαρβάρων
612 939 999 998 ἀναπτύσσων.
1083 945 1130 998 5.
1179 943 1271 998 καὶ
1315 949 1392 998 ἔτι
1431 941 1525 1009 τὰς
1564 945 1675 999 τῶν
1715 946 1869 1015 αἰρε-

263 1030 507 1098 σιαρχσόν
560 1029 924 1094 ψευδοδοξίας
967 1022 1232 1084 εὐθύνων
1275 1030 1524 1097 ἱστορίαν
1562 1049 1621 1083 τε
1659 1026 1872 1098 πολλὴν

265 1113 512 1180 ἐξαπλοῑ,
554 1105 833 1168 ὑπόθεσιν
873 1106 1007 1182 ῆμῑν
1046 1113 1408 1182 πολυμαθοῦς
1449 1113 1705 1183 παρέχων
1743 1133 1872 1167 παι-

264 1198 432 1258 δείας.
496 1191 709 1259 τούτοις
739 1191 910 1250 ἅπασι
941 1199 1310 1266 καταμίγνυσι
1341 1196 1431 1250 καὶ
1459 1192 1525 1250 τὰ
1548 1193 1873 1267 φιλοσόφων

266 1275 536 1349 δόγματα,
578 1275 718 1335 ὅθεν
759 1276 980 1344 εἰκότως
1012 1277 1355 1350 κατάλληλον
1384 1281 1452 1351 τῇ
1480 1274 1750 1336 ὑποθέσει
1781 1280 1873 1335 καὶ

201 1380 240 1411 15
264 1361 366 1433 τῆν
396 1362 730 1435 προγραφὴν
759 1365 872 1420 τῶν
902 1363 1286 1436 Στρωματέων
1315 1369 1627 1435 πεποίηται.
1689 1368 1735 1419 6.
1781 1366 1874 1420 κέ-

263 1470 452 1519 χρηται
485 1446 536 1501 δ’
575 1449 635 1503 ἐν
666 1445 853 1514 αὐτοῖς
885 1449 976 1503 καὶ
1006 1461 1125 1512 ταῖς
1155 1445 1262 1503 ἀπὸ
1293 1450 1404 1503 τῶν
1433 1445 1875 1521 ἀντιλεγομένων

262 1533 496 1602 γραφῶν
549 1539 904 1604 μαρτυρίαις,
958 1535 1053 1603 τῆς
1100 1554 1160 1587 τε
1199 1533 1496 1604 λεγομένης
1540 1537 1874 1605 Σολομῶνος

265 1621 491 1687 σοφίας,
544 1617 635 1671 καὶ
687 1621 781 1689 τῆς
819 1613 998 1690 Ἰησοῦ
1049 1618 1153 1672 τοῦ
1191 1614 1399 1689 Σιραχ,
1452 1617 1544 1672 καὶ
1599 1620 1693 1688 τῆς
1739 1615 1875 1688 πρὸς

256 1697 544 1771 Ἑβραίους
577 1703 891 1774 ἐπιστολῆς,
924 1705 1019 1773 τῆς
1050 1724 1107 1757 τε
1137 1699 1402 1773 Βαρνάβα
1433 1702 1524 1756 καὶ
1554 1698 1874 1773 Κλήμεντος

200 1800 243 1830 20
265 1785 355 1839 καὶ
380 1781 577 1840 Ἰούδα.
647 1790 690 1841 7.
723 1785 1056 1858 μνημονεύει
1086 1807 1146 1841 τε
1175 1789 1273 1840 τοῦ
1305 1784 1440 1857 πρὸς
1457 1783 1727 1856 ’Έλληνας
1767 1792 1875 1840 Τα-
1942 1841 1945 1844 .

265 1871 452 1924 τιανοῦ
496 1866 691 1941 λόγου,
739 1872 830 1926 καὶ
862 1871 1186 1927 Κασσιανοῦ
1227 1867 1299 1934 ὡς
1341 1871 1433 1925 καὶ
1474 1866 1646 1926 αὐτοῦ
1685 1891 1874 1942 χρονο-

265 1957 511 2023 γραφίαν
542 1955 939 2027 πεποιημένου·
985 1959 1062 2010 ἔτι
1092 1951 1202 2027 μὴν
1236 1959 1488 2020 Φίλωνος
1520 1955 1611 2010 καὶ
1634 1951 1873 2024 Ἀριστο·

269 2033 504 2107 βούλου,
538 2035 805 2110 Ἰωσήπου
836 2061 894 2094 τε
925 2043 1017 2094 καὶ
1046 2044 1372 2111 Δημητρίου
1403 2040 1495 2094 καὶ
1524 2035 1873 2109 Εὐπολέμου,

262 2114 548 2176 Ἰουδαίων
572 2124 961 2194 συγγραφέων,
982 2118 1135 2178 ωσάν
1157 2121 1369 2178 τούτων
1391 2117 1655 2178 ἁπάντων
1682 2119 1876 2194 ἐγγρά-

203 2217 247 2248 25
269 2226 387 2273 φως
438 2204 817 2278 πρεσβύτερον
867 2208 962 2277 τῆς
1014 2203 1143 2278 παρ’
1180 2203 1441 2276 Ἐλλησιν
1491 2203 1876 2278 αρχαιογονίας

268 2289 517 2343 Μωυσέα
547 2312 604 2345 τε
628 2291 719 2345 καὶ
743 2287 802 2345 τὸ
825 2294 937 2346 τῶν
954 2288 1242 2346 Ἰουδαίων
1263 2290 1424 2361 γένος
1449 2287 1872 2357 ἀποδειξάντων.

268 2374 314 2426 8.
361 2373 453 2427 καὶ
492 2369 659 2445 ἄλλης
702 2374 759 2429 δὲ
801 2379 1058 2446 πλείστης
1100 2380 1540 2446 χρηστομαθείας
1573 2379 1795 2448 ἔμπλεοι
1824 2376 1882 2430 οἱ

271 2454 599 2528 δηλούμενοι
640 2455 973 2530 τυγχάνουσι
1011 2461 1108 2515 τοῦ
1139 2456 1342 2530 ἀνδρὸς
1373 2457 1556 2531 λόγοι,
1599 2450 1678 2515 ὦν
1712 2460 1771 2515 ἐν
1800 2460 1876 2533 τῷ

268 2538 467 2615 πρώτῳ
510 2543 637 2614 περὶ
679 2544 879 2598 ἑαυτοῦ
923 2547 1085 2615 δηλοῖ
1114 2541 1186 2609 ὥς
1219 2548 1440 2614 ἔγγιστα
1471 2546 1566 2616 τῆς
1595 2546 1707 2599 τῶν
1738 2540 1877 2597 ἀπο-

203 2639 245 2670 30
270 2622 481 2680 στόλων
521 2628 825 2698 γενομένου
872 2631 1145 2700 διαδοχῆς.
1208 2623 1555 2700 ὑπισχνεῖται
1589 2624 1640 2682 δ’
1683 2628 1743 2682 ἐν
1774 2621 1872 2681 αὐ-
1926 2698 1938 2701 ⁴

268 2720 382 2774 τοῖς
425 2711 515 2765 καὶ
560 2716 637 2775 εἰς
678 2710 779 2783 τὴν
809 2712 1043 2768 Γένεσιν
1083 2710 1640 2785 ὑπομνηματιεΐσθαι.
1702 2715 1748 2766 9.
1785 2709 1876 2766 καὶ
1927 2720 1947 2726 “

273 2795 331 2848 ἐν
361 2795 438 2869 τῷ
468 2791 612 2870 λόγῳ
647 2795 705 2851 δὲ
738 2792 910 2852 αὐτοῦ
933 2800 1009 2872 τῷ
1032 2798 1159 2868 περὶ
1181 2798 1282 2852 τοῦ
1304 2794 1486 2869 πάσχα
1512 2798 1877 2867 ἐκβιασθῆναι
