1986 3152
265 102 370 154 480
942 99 1191 141 EUSEBH

267 243 323 275 τε
354 217 619 290 ὁμόνοιαν
649 214 756 272 κᾶν
786 217 1035 289 βραδέως
1066 214 1467 288 ἀνακληθῆναι.
1542 211 1872 287 ὑγιαίνοντά

268 320 329 359 σε
371 300 400 358 ὁ
442 300 577 368 θεὸς
617 298 643 358 ὁ
691 299 1089 374 παντοκράτωρ
1141 300 1476 373 διαφυλάξαι
1519 301 1610 356 ἐπὶ
1649 307 1876 367 πολλοῖς
1942 300 1967 379 53

1962 387 1970 405 1

268 383 487 443 ἔτεσιν.”

306 523 677 601 Ἀντίγραφον
705 528 989 598 βασιλικῆς
1021 528 1338 597 ἐπιστολῆς,
1371 524 1444 581 δι’
1480 519 1544 598 ἧς
1576 525 1823 600 χρήματα

224 635 244 666 5
689 624 811 679 ταῖς
843 613 1153 682 ἐκκλησίαις
1184 615 1459 684 δωρεῖται.

393 735 470 784 VI.
526 735 655 799 [Nic.
696 734 752 783 H.
781 735 835 783 E.
865 734 961 791 VII,
1001 731 1111 799 42]
1146 719 1612 789 “Κωνσταντῖνος
1644 722 1875 795 Αὔγου-

269 827 395 876 στος
426 813 766 884 Καικιλιανῷ
810 808 1092 885 ἐπισκόπῳ
1126 811 1503 883 Καρταγένης.
1582 807 1875 881 ἐπειδήπερ

268 893 459 967 ἤρεσε,
503 892 640 950 κατὰ
684 892 865 959 πάσας
909 895 1207 967 ἐπαρχίας,
1249 893 1344 959 τάς
1384 916 1443 950 τε
1478 891 1743 968 Ἀφρικάς
1783 892 1878 949 καὶ

267 978 362 1045 τὰς
395 983 711 1051 Νουμιδίας
741 979 835 1033 καὶ
863 973 961 1044 τὰς
988 983 1398 1051 Μαυριτανίας,
1425 981 1610 1051 ῥητοῖς
1633 994 1740 1034 τισι
1762 982 1878 1034 τῶν

207 1084 247 1115 10
269 1059 570 1136 ὑπηρετῶν
608 1065 704 1134 τῆς
749 1063 1027 1135 ε’νθέσμου
1081 1064 1173 1118 καὶ
1219 1061 1524 1134 ἁγιωτάτης
1574 1066 1879 1133 καθολικῆς

267 1154 572 1221 θρησκείας
603 1152 683 1214 εἰς
716 1143 1054 1219 άναλσόματα
1088 1149 1570 1220 ἐπιχορηγηθῆναί
1595 1169 1663 1218 τι,
1697 1150 1879 1202 ἔδωκα

268 1232 563 1306 γράμματα
594 1230 735 1305 πρὸς
765 1225 992 1305 Οὖρσον
1021 1230 1122 1288 τὸν
1146 1231 1554 1304 διασημότατον
1577 1229 1880 1287 καθολικόν

267 1322 362 1389 τῆς
387 1314 671 1389 Ἀφρικῆς,
704 1316 798 1372 καὶ
832 1315 1086 1388 ἐδήλωσα
1117 1314 1303 1391 αὐτῷ,
1347 1316 1499 1382 ὅπως
1541 1320 1879 1390 τρισχιλίους

269 1402 492 1474 φόλλεις
542 1405 611 1475 τῇ
653 1406 725 1474 σῇ
778 1400 1096 1476 στερρότητι
1151 1397 1536 1474 ἀπαριθμῆσαι
1584 1406 1876 1474 φροντίσῃ.

207 1504 247 1536 15
270 1490 318 1542 ἱ).
363 1484 432 1542 σύ
474 1492 702 1557 τοίνυν,
747 1481 914 1558 ἡνίκα
956 1485 1059 1558 τὴν
1100 1486 1564 1559 προδηλουμένην
1605 1484 1881 1556 ποσότητα

267 1594 379 1627 των
431 1570 728 1645 χρημάτων
771 1568 1159 1673 υποδεχθῆναι
1210 1567 1485 1642 ποιήσεις,
1541 1569 1714 1626 ἅπασι
1763 1581 1880 1635 τοῖς

266 1657 686 1756 προειρημένοις
739 1678 877 1713 κατα
916 1655 976 1712 τὸ
1028 1656 1286 1728 βρέουιον
1329 1654 1391 1711 τὸ
1439 1653 1578 1729 πρὸς
1623 1654 1685 1711 σε
1728 1675 1878 1726 παρα

266 1735 452 1797 Ὁσίου
485 1738 801 1797 άποσταλεν
830 1763 1008 1796 ταυτα
1038 1763 1106 1796 τα
1137 1739 1388 1842 χρήματα
1419 1743 1751 1811 διαδοθῆναι
1780 1739 1874 1794 κε’-

270 1833 488 1882 λευσον.
563 1829 611 1880 3.
657 1830 709 1882 εἰ
736 1823 791 1881 δ’
830 1824 939 1899 άρα
970 1824 1110 1898 πρὸς
1141 1824 1200 1881 τὸ
1248 1827 1742 1899 συμπληρωθῆναί
1767 1846 1877 1896 μου

208 1927 249 1958 20
272 1909 376 1981 τὴν
409 1914 486 1976 εἰς
527 1915 694 1967 τοῦτο
735 1911 860 1983 περὶ
893 1909 1142 1976 ἅπαντας
1184 1907 1392 1975 αὐτούς
1425 1915 1753 1983 προαίρεσιν
1786 1910 1874 1964 ἐν·

272 1999 394 2051 δειν
425 2018 477 2051 τι
506 1995 873 2068 καταμάθοις,
907 2016 1058 2069 παρα
1079 1993 1417 2096 ΞΗρακλείδα
1446 1999 1547 2051 τοῦ
1581 1992 1877 2067 ἐπιτρόπου

270 2084 383 2134 τῶν
414 2073 696 2153 ἡμετέρων
737 2079 1030 2152 κτημάτων
1059 2075 1479 2152 ἀναμφιλέκτως
1518 2077 1655 2151 ὅπερ
1700 2073 1880 2148 άναγ-

272 2174 433 2218 καιον
480 2162 622 2219 εἶναι
662 2164 1004 2236 καταμάθοις
1045 2168 1266 2234 αἰτῆσαι
1308 2161 1562 2265 ὀφείλεις.
1637 2162 1730 2217 καὶ
1770 2184 1878 2233 γαρ

273 2246 505 2319 παρόντι
535 2243 689 2322 αυτῷ
722 2249 1088 2320 προσέταξα,”
1076 2245 1152 2304 ι”ν
1181 2256 1237 2304 εἰ
1253 2270 1303 2302 τι
1326 2270 1398 2302 αν
1421 2245 1719 2320 χρημάτων
1742 2243 1876 2318 παρ’

211 2348 251 2380 25
276 2330 450 2387 αὐτοῦ
483 2330 515 2404 ἡ
549 2330 616 2402 σὴ
649 2331 943 2405 στερρότης
975 2331 1191 2406 αἰτήσῃ,
1225 2330 1362 2388 ἄνευ
1396 2335 1703 2404 δισταγμοῦ
1733 2329 1882 2396 τινὸς

274 2412 657 2489 ἀπαριθμῆσαι
687 2426 977 2491 φροντίσῃ.
1035 2420 1084 2472 4.
1128 2417 1221 2472 καὶ
1255 2415 1443 2487 ἐπειδὴ
1472 2415 1769 2489 ἐπυθόμην
1790 2438 1881 2478 ,τι-

275 2499 378 2567 νοὶς
418 2500 493 2573 μὴ
535 2501 894 2574 καθεστώσης
939 2506 1190 2567 διανοίας
1231 2500 1610 2574 τυγχάνοντας
1652 2498 1880 2574 ἀνθρώ-

274 2608 413 2650 πους
442 2584 539 2642 τὸν
571 2585 709 2642 λαὸν
748 2591 843 2659 τῆς
875 2584 1176 2658 ἁγιωτάτης
1216 2587 1311 2642 καὶ
1350 2590 1651 2658 καθολικῆς
1683 2587 1880 2656 ἐκκλη-

275 2675 398 2736 σίας
429 2670 619 2744 φαύλῃ
651 2672 760 2727 τινὶ
781 2666 1161 2728 ὑπονοθεύσει
1183 2670 1490 2743 βούλεσθαι
1513 2670 1882 2743 διαστρέφειν,

1927 0 1968 90 ³1

218 2771 258 2803 30
282 2757 527 2825 γίνωσκέ
550 2778 617 2828 με
644 2751 919 2833 Ἀνυλίνω
952 2755 1284 2833 ἀνθυπάτῳ,
1317 2751 1460 2811 ἄλλα
1489 2754 1601 2828 μὴν
1630 2755 1724 2810 καὶ
1754 2763 1877 2811 Πα-
1929 2750 1947 2755 “

275 2846 466 2915 τρικίςο
498 2845 576 2917 τῷ
620 2838 887 2918 οὐικαρίῳ
919 2846 1031 2898 τῶν
1066 2841 1321 2913 ἐπάρχων
1352 2843 1595 2913 παροῦσι
1623 2837 1881 2903 τοιαύτας
