2032 3174
350 109 420 162 53
1023 108 1267 150 EUSEssn

346 222 588 297 “αἰ’τιον,
631 224 727 281 τὸν
767 229 866 281 καί
900 246 1032 280 ποτε
1072 227 1183 281 τῶν
1222 220 1457 296 ἀγαθοῖν
1495 225 1828 298 γενόμενον,
1870 228 1964 283 καὶ

344 307 709 383 “διακάρδιον
740 314 904 382 ἔσχεν
934 306 1161 381 ὀδύνην.
1237 313 1282 365 7.
1315 305 1535 384 ἅθρουν
1579 307 1634 366 δ’
1682 307 1829 386 αὐτῷ
1871 314 1968 382 τῆς

345 392 590 459 “κοιλίας
614 395 972 469 προσέφυσεν
988 390 1224 466 ἄλγημα,
1249 392 1384 495 μετὰ
1408 393 1781 468 σφοδρότητος
1804 391 1967 467 ἀρξά-

342 477 561 582 Σμενον.
638 477 985 551 ἀναθεωρῶν
1022 478 1125 536 οὐν
1164 478 1301 551 πρὸς
1341 502 1468 544 τους
1499 483 1727 585 φίλους,
1773 478 1801 536 6
1834 476 1966 546 θεὸς

300 587 326 619 5
358 562 510 634 ὑμῖν
543 560 668 635 ἐγώ,
699 563 891 636 φησὶν,
923 560 1032 636 ἤδη
1058 563 1463 671 καταστρέφειν
1489 561 1837 664 ἐπιτάττομαι
1867 561 1964 620 τὸν

336 645 529 752 ἶβίον,
563 650 894 722 παραχρῆμα
923 650 1018 719 τῆς
1051 649 1379 721 εἱμαρμένης
1402 671 1497 714 τας
1527 645 1649 721 ἄρτι
1672 671 1779 720 μου
1806 669 1964 704 κατε-

340 731 692 805 “ψευσμένας
723 731 914 804 φωνὰς
947 730 1291 805 ἐλεγχούσης.
1363 728 1392 789 6
1424 734 1653 804 κληθεὶς
1684 729 1965 799 ἀθάνατος

339 815 476 889 “ὐφ’
521 815 681 889 ὑμῶν
722 815 829 889 ἤδη
869 827 1071 874 θανεῖν
1111 815 1409 890 ἀπάγομαι.
1495 818 1720 873 δεκτέον
1764 818 1824 873 δὲ
1863 813 1966 888 τὴν

339 897 772 974 “πεπρωμένην,
814 892 852 974 ᾗ
889 900 1018 967 θεὸς
1061 899 1410 973 βεβούληται.
1483 903 1575 957 καὶ
1614 899 1718 974 γὰρ
1762 898 1968 971 βεβιώ-

285 984 556 1058 ιο“καμεν
586 982 804 1058 οὐδαμῆ
835 984 1092 1058 φαύλως,
1125 982 1247 1042 ἀλλ’
1285 988 1373 1042 ἐπὶ
1403 988 1498 1058 τῆς
1529 986 1965 1058 μακαριζομένης

338 1067 772 1143 “λαμπρότητος.
834 1073 1007 1126 ταῦτα
1041 1070 1099 1125 δὲ
1132 1071 1309 1141 λέγων
1353 1067 1595 1126 ἐπιτάσει
1629 1075 1725 1141 τῆς
1756 1067 1964 1141 ὀδύνης

339 1150 742 1212 “κατεπονεῖτο.
807 1159 853 1211 8.
888 1154 1022 1226 μετὰ
1055 1159 1302 1226 σπουδῆς
1333 1145 1436 1211 οὖν
1468 1160 1544 1221 εἰς
1585 1153 1644 1210 τὸ
1678 1159 1963 1224 βασίλειον

339 1234 675 1310 “ε’κομίσθη,
718 1240 810 1295 καὶ
858 1242 1008 1310 διῇξε
1041 1237 1199 1309 λόγος
1233 1244 1310 1304 εἰς
1341 1237 1580 1307 πάντας,
1614 1234 1686 1304 ως
1719 1243 1831 1310 ἔχοι
1862 1240 1962 1294 τοῦ

337 1320 646 1379 (Ϊτεθνάναι
677 1322 994 1380 παντάπασι
1023 1320 1142 1396 μετ’
1176 1321 1380 1394 ὀλίγον.
1450 1321 1484 1394 ἡ
1516 1320 1737 1394 πληθύς
1771 1318 1823 1377 δ’
1860 1318 1960 1378 αύ-

282 1405 350 1461 15‘
357 1402 499 1463 τίκα
531 1406 636 1463 σὺν
666 1410 886 1479 γυναιξὶ
918 1410 1009 1464 καὶ
1041 1409 1236 1465 παισὶν
1268 1409 1356 1464 ἐπὶ
1382 1405 1589 1464 σάκκον
1613 1416 1964 1463 καθεσθεισα

339 1487 454 1566 “τῷ
483 1499 696 1568 πατρίῳ
727 1490 878 1568 νόμῳ
909 1490 1006 1548 τὸν
1035 1491 1176 1549 θεὸν
1193 1493 1457 1576 ἱκέτευον
1496 1491 1638 1565 ὑπερ
1673 1493 1773 1548 τοῦ
1803 1496 1965 1562 βασι-

340 1571 541 1647 “λέως,
582 1582 823 1649 οἰμωγῆς
865 1601 923 1634 τε
973 1573 1135 1633 πάντ’
1179 1601 1250 1648 ην
1291 1575 1540 1633 ἀνάπλεα
1581 1578 1673 1632 καὶ
1711 1573 1960 1647 θρήνων.

338 1656 438 1715 “e'v
468 1658 667 1735 υψηλω
699 1659 751 1715 δ’
789 1657 817 1716 6
850 1660 1111 1731 βασιλεὺς
1144 1667 1401 1735 δωματίῳ
1449 1665 1838 1731 κατακείμενος
1869 1660 1963 1715 καὶ

339 1739 522 1800 “κάτω
566 1745 788 1815 βλέπων
830 1741 1032 1810 αὐτούς
1071 1758 1301 1817 πρηνεις
1341 1749 1787 1817 προσπίπτοντας
1827 1741 1962 1799 άδα-

279 1824 515 1899 εο“κρυς
545 1826 671 1884 οὐδ’
710 1826 872 1894 αὐτὸς
905 1835 1114 1900 ἔμενεν
1178 1832 1224 1883 9.
1260 1831 1505 1901 συνεχῶς
1537 1824 1592 1883 δ’
1630 1824 1720 1899 ἐφ’
1754 1823 1962 1902 ἡμέρας

339 1908 544 1970 “πέντε
567 1915 641 1989 τῷ
665 1917 759 1984 τῆς
784 1911 1017 1986 γαστρὸς
1041 1909 1310 1984 αλγήματι
1336 1914 1688 1985 διεργασθεὶς
1716 1910 1811 1968 τὸν
1835 1917 1963 1983 βίον
2019 1962 2023 1967 .

340 1993 776 2069 “xav3'6t9mlrsm
808 1993 913 2052 ἀπὸ
946 1997 1211 2068 γενέσεως
1254 1994 1406 2068 άγων
1438 1995 1812 2069 πεντηκοστὸν
1843 2001 1960 2061 ἔτος

338 2078 470 2136 “uoci
501 2084 787 2189 τέἩταρτον,
828 2084 923 2152 τῆς
958 2081 1019 2137 δε
1049 2086 1331 2151 βασιλείας
1365 2083 1617 2153 ἕβδομον.
1692 2082 1960 2153 τέσσαρας

338 2162 479 2236 “μεν
509 2165 610 2221 οὐν
642 2167 731 2221 ἐπὶ
747 2171 923 2222 Γαΐου
948 2171 1227 2237 Καίσαρος
1255 2169 1617 2235 ἐβασίλευσεν
1651 2163 1959 2235 ἐνιαυτοὺς,

280 2272 327 2303 25
360 2244 473 2320 τῆς
507 2255 791 2306 Φιλίππου
822 2273 925 2320 μεν
953 2255 1272 2322 τετραρχίας
1299 2256 1375 2315 εἰς
1399 2256 1642 2322 τριετίαν
1667 2246 1852 2321 ἄρξας,
1885 2271 1960 2304 τω

340 2329 616 2408 “τετάρτςο
651 2333 710 2389 δὲ
741 2334 832 2389 καὶ
862 2332 965 2404 τὴν
989 2329 1241 2405 “Ηρω’δου
1274 2333 1689 2406 προσειληφώς,
1723 2346 1867 2406 τρεῖς
1901 2330 1954 2388 δ’

338 2413 659 2488 τεἐπιλαβών
699 2421 794 2488 τῆς
827 2423 1114 2474 Κλαυδίου
1148 2424 1426 2490 Καίσαρος
1473 2412 1957 2491 αύτοκρατορίας.”

353 2506 431 2558 10.
465 2507 640 2557 ταῦτα
670 2499 766 2558 τὸν
799 2500 1065 2573 Ἰώσηπον
1095 2500 1231 2575 μετὰ
1260 2509 1372 2559 τῶν
1414 2501 1599 2560 ἄλλων
1629 2515 1748 2569 ταῖς
1777 2507 1960 2567 θείαις

350 2583 810 2658 συναληθεύοντα
850 2599 1092 2659 γραφαῖς
1137 2585 1529 2659 ἀποθαυμάζω.
1616 2592 1667 2643 εἰ
1721 2588 1781 2642 δὲ
1832 2585 1960 2659 περὶ
2031 2638 2032 2650 2

191 2702 200 2704 >
283 2693 327 2725 30
349 2669 450 2741 τὴν
479 2673 578 2727 τοῦ
609 2672 878 2741 βασιλέως
902 2678 1277 2744 προσηγορίαν
1303 2671 1480 2739 δόξειέ
1497 2688 1605 2728 τισι
1631 2676 1958 2743 διαφωνεῖν,

349 2751 473 2811 ἄλλ’-
507 2753 537 2810 ὅ
568 2779 629 2826 γε
660 2753 855 2828 χρόνος
898 2757 987 2812 καὶ
1020 2751 1053 2827 ἡ
1100 2759 1291 2829 πρᾶξις
1331 2753 1428 2812 τὸν
1467 2751 1637 2812 αὐτὸν
1676 2752 1809 2813 ὅντα
1850 2758 1961 2811 δεί-

354 2858 571 2912 κνυσιν,
603 2837 723 2911 ἤτοι
754 2837 890 2896 κατά
920 2863 970 2896 τι
995 2837 1220 2913 σφάλμα
1242 2837 1517 2916 γραφικόν
1551 2839 1960 2913 ἐνηλλαγμένου
