1986 3152
277 122 380 173 302
949 122 1198 162 EUSEBII

269 237 505 308 “φησὶν,
550 235 674 309 ὅρια
714 239 812 293 τοῦ
840 241 1078 308 πλησίον
1108 253 1239 308 σου,
1282 229 1316 292 ἃ
1349 242 1543 295 ἔθεντο
1574 242 1632 294 oc
1656 240 1899 315 πατέρες4

267 316 455 376 “σου.”
516 325 563 377 6.
606 318 640 391 ἡ
681 318 911 392 τετάρτη
953 317 1124 378 αὐτοῦ
1177 323 1289 377 τῶν
1340 323 1468 391 περὶ
1513 328 1887 396 βαπτίσματος

275 406 578 461 ἐπιστολῶν
608 402 744 476 πρὸς
775 403 872 461 τὸν
901 403 1038 462 κατὰ
1062 401 1270 477 Ῥώμην
1315 402 1527 477 ἐγράφη
1558 405 1887 479 Διονύσιον,

272 486 392 545 τότε
431 489 534 560 μὲν
573 494 874 560 πρεσβείου
915 487 1250 562 ἠξιωμένον,
1306 487 1408 545 οὐκ
1450 495 1528 555 εἰς
1569 490 1781 564 μακρὸν
1822 492 1886 549 δὲ

230 589 249 621 5
273 574 364 628 καὶ
393 571 496 643 τὴν
542 572 846 645 ἐπισκοπὴν
885 576 998 631 τῶν
1039 576 1217 630 ἐκεῖσε
1259 571 1661 645 παρειληφότα·
1726 578 1779 643 ἐξ
1820 567 1885 648 ἧς

271 659 481 728 γνῶναι
511 654 780 729 πάρεστιν
810 655 959 724 ὅπως
991 659 1084 714 καὶ
1117 655 1280 723 αὐτὸς
1310 648 1470 723 οὗτος
1494 655 1675 730 λόγιός
1704 682 1763 716 τε
1793 661 1884 716 καὶ

270 739 582 813 θαυμάσιος
622 739 758 812 πρὸς
798 746 896 798 τοῦ
948 740 1068 799 κατ’
1117 739 1537 812 Ἀλεξάνδρειαν
1574 748 1886 800 Διονυσίου

269 823 694 897 μεμαρτύρηται.
747 825 950 899 γράφει
982 827 1044 883 δὲ
1074 824 1228 902 αὐτῷ
1255 823 1387 898 μεθ’
1425 829 1582 899 ἕτερα
1610 831 1723 884 τῶν
1747 825 1885 885 κατὰ

269 908 368 965 τὸν
399 908 694 966 Νοουάτον
723 909 1090 983 μνημονεύων
1122 914 1182 967 ἐν
1212 908 1439 976 τούτοις.

206 1009 248 1040 1⁰
397 1005 518 1054 VIII
572 1003 702 1070 [Nic.
730 1006 789 1054 H.
817 1006 874 1054 Ε
902 1005 977 1062 VI,
1007 1004 1081 1071 9.]
1155 990 1560 1071 “Νοουατιανς5
1618 1020 1722 1068 μεν
1778 1019 1885 1070 γαρ

260 1074 540 1149 “εὖλόγως
570 1075 1007 1151 άπεχθανόμεθα
1052 1078 1379 1146 διακόψαντι
1423 1077 1526 1150 τὴν
1568 1082 1883 1153 ἐκκλησίαν,

279 1160 400 1217 καί
423 1185 577 1227 τινας
595 1186 719 1218 των
742 1159 1005 1235 ἀδελφῶν
1029 1168 1105 1228 εἰς
1130 1159 1388 1232 ἀσεβείας
1413 1164 1504 1218 καὶ
1530 1169 1885 1237 βλασφημίας

261 1241 621 1316 “ἑλκύσαντι,
668 1248 761 1302 καὶ
791 1248 920 1318 περὶ
950 1249 1050 1302 τοῦ
1079 1250 1218 1303 θεοῦ
1253 1251 1622 1304 διδασκαλίαν
1652 1245 1884 1305 ἀνοσιω-

260 1325 468 1400 “τάτην
500 1329 1012 1403 ἐπεισκυκλήσαντι,
1044 1332 1137 1387 καὶ
1167 1323 1264 1387 τὸν
1295 1329 1663 1403 χρηστότατον
1686 1331 1883 1406 κύριον

205 1430 245 1462 15
262 1409 458 1485 “ημῶν
493 1412 708 1487 Ἰησοῦν
748 1415 989 1488 Χριστὸν
1032 1413 1105 1481 ως
1158 1411 1363 1488 ἆνηλεῆ
1416 1419 1880 1490 συκοφαντοῦντι,

259 1493 387 1554 “ἐπὶ
417 1501 551 1555 πᾶσι
583 1499 645 1555 δὲ
673 1497 889 1566 τούτοις
929 1496 989 1556 τὸ
1021 1497 1257 1572 λουτρὸν
1286 1497 1583 1558 άθετοῦντι
1612 1499 1672 1558 τὸ
1703 1498 1882 1574 ἅγιον,

259 1580 389 1638 “nal
419 1581 523 1655 τήν
551 1606 610 1640 τε
639 1583 746 1656 πρὸ
780 1580 952 1640 αὐτοῦ
982 1590 1170 1641 πίστιν
1199 1586 1291 1641 καὶ
1324 1579 1624 1658 ὁμολογίαν
1654 1582 1882 1660 ἀνατρέ-

258 1662 485 1739 “,ποντι
529 1665 595 1724 τό
634 1691 694 1724 τε
724 1672 946 1741 πνεῦμα
975 1671 1035 1725 τὸ
1067 1666 1226 1741 άγιον
1258 1671 1310 1734 ἐξ
1343 1692 1556 1741 αυτων,
1601 1675 1653 1726 εἰ
1679 1675 1779 1727 καί
1801 1694 1882 1737 τις

260 1745 288 1766 Ν
310 1745 330 1769 ‘3'

296 1774 368 1822 ην
420 1753 572 1817 ἐλπὶς
623 1756 723 1808 τοῦ
769 1767 1107 1827 παραμειναι
1150 1777 1184 1825 η
1230 1754 1322 1809 καὶ
1369 1755 1702 1811 ἐπανελθεῖν
1746 1752 1882 1827 πρὸς

262 1830 291 1853 (Ὗ
358 1832 371 1852 2

203 1850 244 1882 20
301 1835 524 1908 αυτοὺς,
557 1843 841 1903 παντελῶς
870 1834 1298 1910 φυγαδεύοντιῩ

393 1931 472 1980 ΙΧ.
529 1930 656 1995 [Nic.
685 1933 742 1981 H.
771 1933 824 1982 E.
855 1934 930 1988 VI,
960 1930 1034 1998 9.]
1114 1923 1226 1979 Καὶ
1269 1919 1303 1993 ἡ
1343 1924 1560 1995 πέμπτη
1616 1922 1677 1979 δε
1729 1919 1881 1999 αὐτῷ

265 2001 401 2075 πρὸς
431 2004 528 2061 τὸν
549 2003 832 2078 Ῥωμαίων
863 2008 1166 2063 ἐπίσκοπον
1195 2004 1411 2071 Ξύστον
1444 2007 1774 2079 ἐγέγραπτο,
1819 2009 1880 2064 έν

266 2087 301 2159 ᾐ
359 2087 535 2144 πολλὰ
594 2089 730 2145 κατὰ
789 2096 903 2146 τῶν
955 2094 1249 2162 αιρετικῶν
1301 2089 1475 2147 εἰπών
1524 2089 1779 2148 τοιοῦτόν
1827 2114 1881 2147 τι

265 2169 493 2242 γεγονὸς
518 2171 633 2229 κατ’
671 2169 844 2229 αυτὸν
870 2176 1144 2231 ἐκτίθεται
1168 2175 1372 2245 λέγων·
1399 2172 1531 2231 “καὶ
1554 2173 1659 2248 γὰρ
1684 2173 1878 2246 ὅντως,

202 2249 534 2327 25“οἰδελφε,
578 2258 671 2312 καὶ
712 2262 1031 2329 συμβουλῆς
1074 2260 1294 2330 δέομαι,
1335 2260 1427 2314 καὶ
1468 2283 1697 2331 γνωμην
1745 2261 1882 2316 αἰτω

274 2337 445 2411 “παρά
485 2342 616 2412 σοῦ,
663 2340 917 2398 τοιούτου
961 2340 1113 2408 τινός
1154 2366 1247 2415 μοι
1290 2342 1700 2414 προσελθόντος
1740 2340 1878 2416 πρά-

258 2418 526 2496 “γματος,
583 2422 779 2490 δεδιώς
830 2424 903 2498 μὴ
955 2423 1062 2500 ἄρα
1115 2424 1458 2500 σφάλλωμαι.
1519 2432 1567 2485 2.
1614 2431 1728 2485 τῶν
1771 2427 1877 2500 γὰρ

254 2502 692 2581 “συναγομένων
731 2506 991 2582 ἀδελφῶν
1031 2508 1219 2577 πιστὸς
1259 2510 1611 2585 νομιζόμενος
1651 2509 1878 2586 ἀρχαῖος

257 2587 386 2648 “καὶ
417 2590 523 2664 πρό
553 2595 649 2664 τῆς
681 2596 812 2666 ἐμῆς
841 2602 1209 2669 χειροτονίας,
1247 2595 1400 2669 οἶμαι
1432 2597 1493 2653 δὲ
1523 2598 1614 2654 καὶ
1645 2594 1751 2670 πρὸ
1779 2601 1876 2667 τῆς

200 2691 240 2723 30
259 2671 393 2733 “τοῦ
423 2683 698 2750 μακαρίου
722 2676 966 2750 ‘Hormi-0}
996 2678 1379 2748 καταστάσεως
1419 2684 1516 2753 τῆς
1546 2683 1876 2752 συναγωγῆς

255 2758 602 2835 “μετασχών,
633 2776 746 2828 τοῖς
776 2761 1051 2835 ὑπόγυιον
1082 2766 1491 2838 βαπτιζομένοις
1520 2764 1874 2838 παρατυχών,

256 2840 389 2902 “καὶ
429 2848 540 2903 τῶν
583 2845 978 2919 ἐπερωτήσεων
1019 2851 1110 2905 καὶ
1154 2846 1503 2924 ἀποκρίσεων
1544 2847 1873 2919 ἐπακούσας,
