1986 3152
624 151 781 192 HIST.
813 152 1064 195 ECCLES.
1095 157 1151 199 x.
1184 157 1223 197 8.
1634 156 1738 210 485

129 269 220 324 ἐπὶ
250 280 368 333 τοῖς
411 265 511 324 τὸν
551 273 678 339 βιόν
718 269 1149 341 μεταλλάττουσι
1187 272 1588 345 νεωτερισμούς
1629 271 1736 330 αύ-

125 357 228 408 τοῦ
250 396 264 423 ,
308 349 382 407 δι’
418 346 498 408 ῶν
527 351 659 418 τούς
699 353 968 420 παλαιούς
992 353 1275 427 Ῥωμαίων
1318 351 1382 413 εῦ
1423 359 1517 413 καὶ
1549 362 1738 429 σοφῶς

125 437 412 508 κειμένους
457 436 663 508 νόμους
696 438 1029 511 περιγράψαι
1067 438 1374 512 τολμήσας,
1417 442 1738 515 βαρβάρους

125 519 278 586 τινάς
309 521 402 575 καὶ
433 519 744 595 ἀνημέρους
776 521 1064 595 ἀντεισῆγε
1103 523 1341 596 νόμους,
1385 523 1630 598 α’νόμους
1663 521 1737 591 ῶς

126 603 353 676 ἀληθῶς
384 606 478 660 καὶ
508 606 901 678 παρανόμους;
936 607 1253 679 ἐπισκήψεις
1283 631 1342 665 τε
1364 615 1567 683 μυρίας
1597 609 1734 666 κατά
1759 633 1779 665 5

123 693 237 744 τῶν
278 684 618 762 ὑποχειρίων
665 694 853 747 ἐθνῶν
886 691 1128 762 ἐπενόει,
1169 698 1384 765 χρυσοῦ
1412 716 1472 750 τε
1511 695 1603 749 καὶ
1634 692 1738 766 ἀρ-

123 773 305 844 γύρου
359 780 625 840 παντοίας
673 774 1011 846 εἰσπράξεις,
1066 773 1458 849 ἀναμετρήσεις
1508 801 1567 833 τε
1618 783 1738 849 γῆς,

123 859 216 912 καὶ
246 863 358 913 τῶν
389 857 510 913 κατ’
545 854 751 929 ἀγροὺς
789 857 977 931 μηκέτ’
1014 858 1195 915 ὄντων
1226 858 1563 932 ἀνθρώπων,
1595 861 1738 932 πρό-

124 949 295 997 παλαι
325 941 388 997 δὲ
417 944 844 1048 κατοιχομένων,
889 943 1164 1015 ἐπιζήμιον
1195 947 1402 1016 κέρδος.
1462 948 1542 999 13.
1585 950 1738 1009 οἴους

123 1024 181 1081 δ’
219 1028 467 1098 ἐφηῦρεν
509 1027 600 1082 ἐπὶ
630 1026 844 1092 τούτοις
877 1022 904 1083 ὁ
945 1027 1339 1133 μισάνθρωπος
1381 1027 1518 1084 κατά
1560 1028 1734 1101 μηδεν
1762 1052 1800 1082 ιο

120 1105 471 1206 ἠδικηκότων
515 1111 866 1213 ἐξορισμους,
913 1116 1032 1177 οιάς
1072 1110 1424 1186 εὐπατριδῶν
1463 1114 1555 1168 καὶ
1586 1112 1735 1179 ἀξιο-

123 1190 307 1264 λόγων
340 1192 567 1266 ἀνδρῶν
592 1193 918 1266 ἀπαγωγάς,
946 1190 1026 1252 ῶν
1057 1195 1126 1268 δὴ
1156 1195 1254 1262 τάς
1277 1201 1562 1269 κουριδίας
1594 1195 1734 1252 ἀπο-

129 1277 362 1348 ζευγνῦς
414 1278 652 1351 γαμετάς
704 1293 921 1351 μιαροῖς
971 1281 1115 1336 τισὶν
1167 1282 1401 1345 οἰκέταις
1456 1278 1545 1352 ἐφ’
1578 1277 1738 1353 ῦβρει

123 1362 372 1434 πράξεως
405 1368 635 1435 αἰσχρᾶς
666 1368 1004 1436 παρεδίδου,
1030 1363 1183 1429 ὅσαις
1215 1365 1277 1420 δὲ
1309 1363 1478 1430 αὐτὸς
1509 1360 1538 1420 ὁ
1573 1366 1734 1436 ἐσχα-

120 1444 371 1518 τόγηρως
410 1448 666 1517 γυναιξὶν
705 1442 1045 1520 ῦπάνδροις,
1101 1450 1402 1517 παρθένοις
1450 1471 1509 1504 τε
1549 1448 1735 1521 κόραις
1762 1469 1800 1501 15

124 1533 500 1603 ἐμπαροινῶν,
532 1531 636 1603 τὴν
659 1529 970 1588 ἀκόλαστον
998 1538 1094 1603 τῆς
1126 1530 1302 1589 αὐτοῦ
1328 1538 1508 1604 ψυχῆς
1534 1534 1732 1588 ἐπιθυ-

120 1620 255 1687 μίαν
299 1615 546 1687 ἐπλήρου
580 1649 653 1655 -
700 1623 757 1671 τί
796 1616 896 1690 χρὴ
937 1619 1111 1672 ταῦτα
1152 1616 1450 1689 μηκύνειν,
1494 1619 1586 1688 τῆς
1625 1621 1738 1671 τῶν

125 1698 376 1770 ἐσχάτων
407 1696 586 1755 αὐτοῦ
619 1700 873 1773 πράξεων
901 1698 1217 1772 ὑπερβολῆς
1248 1699 1415 1773 μικροὶ
1449 1700 1514 1755 τοὶ
1548 1704 1738 1772 πρῶτα

121 1784 214 1839 καὶ
243 1782 305 1839 τὸ
341 1783 518 1856 μηδὲν
550 1783 692 1841 εἶναι
725 1784 1142 1856 διελεγχούσης;
1193 1789 1272 1840 14.
1315 1784 1375 1841 τὸ
1408 1788 1552 1855 γοῦν
1581 1786 1734 1847 τέλος

121 1865 276 1942 αὐτῷ
306 1873 406 1938 τῆς
435 1874 638 1940 μανίας
681 1870 770 1924 ἐπὶ
801 1868 932 1934 τοῦς
976 1869 1308 1934 ἐπισκόπους
1351 1869 1554 1940 ἐχώρει.
1629 1867 1735 1940 ἤδη
1758 1889 1800 1920 20

118 1975 177 2007 τε
207 1951 440 2017 τούτους
459 1996 474 2023 ,
510 1948 664 2009 ῶσάν
693 1958 794 2008 τοῦ
829 1954 918 2008 ἐπὶ
950 1953 1176 2009 πάντων
1198 1957 1339 2009 θεοῦ
1362 1951 1734 2024 θεράποντας,

126 2039 419 2101 ἐναντίους
450 2031 725 2108 ’ὑπάρχειν
768 2033 851 2102 οἷς
883 2042 1016 2110 ἔδρα
1055 2036 1395 2110 ἡγούμενος,
1437 2035 1596 2092 οὔπω
1633 2035 1736 2107 μὲν

125 2122 181 2175 ἐκ
212 2125 311 2175 τοῦ
343 2126 595 2192 φανεροῦ
641 2120 731 2176 διὰ
770 2121 869 2177 τὸν
899 2120 1007 2177 ἀπὸ
1038 2127 1137 2176 τοῦ
1178 2128 1490 2193 κρείττονος
1535 2119 1735 2192 φόβον,

120 2204 306 2276 λάθρα
338 2205 400 2260 δὲ
432 2199 601 2271 αὖθις
631 2206 722 2261 καὶ
755 2210 953 2271 δολίως
980 2205 1438 2275 συνεσκευάζετο,
1463 2203 1657 2278 ἀνῄρει
1678 2225 1736 2257 τε

119 2286 334 2344 τούτων
376 2285 451 2344 δι’
499 2293 796 2361 ἐπιβουλῆς
839 2294 953 2345 τῶν
990 2285 1284 2362 ἡγεμόνων
1324 2287 1454 2354 τοῦς
1494 2292 1735 2359 δοκιμω-
1759 2306 1798 2338 25

122 2371 355 2437 τάτους.·
393 2373 486 2427 καὶ
527 2372 555 2429 ὁ
586 2374 789 2445 τρόπος
822 2374 893 2429 Εδὲ
921 2379 1024 2429 τοῦ
1057 2372 1180 2429 κατ’
1216 2371 1405 2428 αὐτῶν
1435 2372 1614 2444 φόνου
1646 2371 1737 2437 ξέ-

121 2479 219 2521 νος
261 2478 340 2521 τις
380 2450 472 2527 ἦν,
515 2458 608 2512 καὶ
653 2454 768 2522 οἷος
808 2455 1167 2513 οὐδεπώποτε
1206 2455 1477 2528 ἠκούσθη.
1550 2459 1629 2510 15.
1671 2453 1737 2509 τὰ

119 2545 260 2610 γοῦν
305 2538 448 2612 ἀμφὶ
491 2540 594 2611 τὴν
620 2539 914 2613 Ἀμάσειαν
955 2542 1047 2596 καὶ
1087 2540 1183 2606 τάς
1215 2540 1408 2605 λοιπάς
1446 2544 1548 2596 τοῦ
1579 2538 1733 2596 Πόν-

121 2647 220 2679 του
264 2625 451 2690 πόλεις
494 2625 944 2697 κατεργασθέντα
995 2629 1180 2680 πᾶσαν
1220 2620 1542 2695 ὑπερβολὴν
1584 2618 1735 2693 ῶμό-

119 2731 277 2778 τητος
308 2707 777 2782 ὑπερηκόντισεν,
811 2714 952 2764 ἔνθα
981 2714 1095 2764 τῶν
1128 2711 1432 2779 ἐκκλησιῶν
1460 2712 1561 2762 τοῦ
1591 2709 1734 2760 θεοῦ
1758 2726 1799 2757 so

119 2796 182 2847 αἰ
219 2793 324 2864 μὲν
371 2795 423 2860 ἐξ
463 2792 647 2859 ὕψους
689 2799 768 2858 είς
814 2797 1018 2863 ἔδαφος
1066 2787 1234 2857 αὖθις
1283 2797 1732 2864 κατερρίπτοντο,

117 2875 214 2942 τὰς
246 2877 308 2932 δὲ
340 2875 664 2948 ἀπέκλειον,
699 2872 773 2942 ῶς
805 2875 876 2933 ἂν
905 2877 978 2949 μὴ
1013 2875 1309 2947 συνάγοιτό
1339 2899 1417 2940 τις
1457 2879 1572 2930 τῶν
1602 2879 1731 2929 εἰω-
