1986 3152
289 109 387 161 186
968 107 1215 148 EUSEBII

275 222 526 281 “λοιπῶν
555 227 668 279 τῶν
698 220 772 295 μὴ
803 224 1257 294 συνειλημμένων
1289 223 1576 295 ἐνέκοψαν,
1609 229 1666 279 οἳ
1692 229 1890 298 καίπερ

276 305 494 364 “noima
536 304 601 363 τὰ
644 305 799 363 δει-ιὰ
838 304 1140 378 πάσχοντες
1181 302 1326 378 ὅμως
1367 310 1736 379 συμπαρῆσαν
1777 307 1911 373 τοῖς

277 389 550 464 “μάρτυσι
592 392 685 447 καὶ
725 388 828 447 οὐκ
868 386 1230 446 ἀπελείποντο
1274 385 1472 447 αὐτῶν.
1547 395 1626 446 12.
1659 390 1782 448 τότε
1824 390 1891 464 δὴ

295 472 372 532 ‘013'
398 474 600 541 πάντες
629 473 878 547 μεγάλως
912 472 1292 546 ἐπτοήθημεν,
1337 473 1428 530 διὰ
1468 471 1528 530 τὸ
1559 472 1769 546 ἄδηλον
1798 477 1892 547 τῆς

240 556 635 632 5“ὁμολογίας,
678 556 746 615 οὐ
777 558 870 624 τὰς
904 559 1303 631 ἐπιφερομένας
1334 556 1583 625 κολάσεις
1613 557 1893 632 φοβούμε-

313 668 419 715 νοι,
452 640 590 700 ἀλλὰ
620 644 678 699 τὸ
702 645 853 708 τέλος
876 640 1211 716 ἀφορῶντες,
1245 645 1336 698 καὶ
1359 641 1419 699 τὸ
1445 638 1747 700 ἀποπεσεῖν
1770 640 1892 700 τινά

276 724 576 794 “δεὸιότες.
642 732 722 784 13.
758 725 1243 799 συνελαμβάνοντο
1273 728 1459 799 μέντοι
1491 724 1620 783 καθ’
1658 726 1894 800 ἑκάστην

276 809 544 886 “ἡμέραν
565 817 621 869 οἱ
660 809 828 884 ἄξιοι,
870 810 968 869 τὸν
1011 813 1241 868 ἐκείνων
1282 809 1735 884 ἀναπληροῦντες
1777 809 1893 909 ἀρι-

279 892 483 970 “θμόν,
518 894 656 954 ω’στε
688 902 1028 969 συλλεγῆναι
1062 899 1121 952 ἐκ
1151 899 1263 952 τῶν
1295 893 1398 952 δύο
1431 898 1736 967 ἐκκλησιῶν
1758 894 1894 952 πάν-

222 977 409 1047 10“tocg
439 981 566 1047 τοὺς
598 986 968 1052 σπουδαίους,
1001 982 1092 1036 καὶ
1126 977 1199 1036 δι’
1235 971 1314 1036 εἶν
1343 978 1578 1052 μάλιστα
1609 978 1892 1051 συνειστή-

275 1064 399 1123 “uec
429 1064 495 1121 τὰ
529 1064 748 1122 ἐνθάδε.
815 1069 894 1121 14.
931 1062 1421 1137 συνελαμβάνοντο
1467 1065 1525 1120 δὲ
1557 1066 1648 1120 καὶ
1680 1067 1900 1121 ἐθνικοί

277 1145 460 1216 “τινες
490 1152 693 1206 οἰκέται
719 1152 829 1206 τῶν
859 1148 1161 1222 ἡμετέρων,
1195 1150 1313 1204 ἐπεὶ
1338 1153 1575 1223 δημοσίᾳ
1609 1149 1895 1205 ἐκέλευσεν

275 1231 343 1289 “ὁ
365 1231 586 1305 ἡγεμων
609 1232 1000 1306 ἀναζητεῑσθαι
1023 1230 1233 1298 πάντας
1256 1228 1396 1303 ἡμᾶς
1415 1238 1504 1288 ὀἳ
1525 1234 1615 1288 καὶ
1640 1230 1755 1288 κατ’
1779 1234 1896 1288 ἐνέ-

275 1315 459 1389 “δραν
489 1341 587 1373 του
619 1320 848 1389 σατανᾶ,
881 1319 1225 1390 φοβηθέντες
1255 1314 1350 1381 τὰς
1374 1313 1654 1387 βασάνους
1678 1311 1746 1382 ἃς
1769 1340 1895 1383 τους

222 1427 263 1459 15
278 1397 505 1504 Ϊᾶγίους
531 1407 766 1474 ἔβλεπον
787 1400 1116 1474 πάσχοντας,
1134 1406 1245 1458 τῶν
1259 1403 1609 1474 στρατιωτῶν
1633 1402 1720 1456 ἐπὶ
1735 1404 1895 1457 τοῦτο

297 1482 731 1559 “παρορμωντων
763 1484 964 1552 αὐτοὺς
995 1483 1408 1553 κατεψεύσαντο
1440 1483 1597 1557 ἡμῶν
1629 1487 1895 1541 Θυέστεια

277 1566 518 1627 “δειπνα
548 1572 640 1627 καὶ
669 1575 1058 1636 Οἰδιποδείους
1081 1574 1255 1642 μίξεις
1286 1570 1377 1626 καὶ
1408 1567 1510 1626 όσα
1539 1567 1674 1641 μήτε
1706 1576 1896 1625 λαλεῖν

280 1653 451 1727 “μη’τε
475 1668 627 1712 νοεῖν
650 1656 810 1728 θέμις
832 1653 988 1728 ἡμῖν,
1001 1651 1139 1710 ἄλλα
1155 1654 1297 1727 μηδὲ
1321 1651 1620 1724 πιστεύειν,
1639 1662 1759 1710 εἴτι
1782 1676 1896 1709 τοι-

277 1737 447 1795 “οὗτο
471 1738 691 1797 πώποτε
714 1737 861 1811 παρα
886 1736 1209 1812 ἀνθρώποις
1235 1739 1464 1809 ἐγένετο.
1502 1741 1580 1793 15.
1600 1736 1812 1794 τούτων
1837 1737 1896 1793 δὲ

221 1818 717 1896 εο“φημισθέντων
739 1823 938 1891 πάντες
963 1819 1445 1896 ἀπεθηριώθησαν
1471 1827 1546 1888 εἰς
1571 1817 1730 1894 ἡμᾶς,
1757 1819 1896 1878 ὥστε

280 1903 408 1964 “καὶ
442 1917 495 1965 εἴ
519 1933 663 1975 τινες
693 1906 752 1965 τὸ
783 1907 1054 1981 πρότερον
1095 1905 1168 1964 δι’
1215 1905 1523 1978 οἰκειότητα
1566 1909 1894 1978 ἐμετρίαζον,

281 1989 438 2047 “τότε
454 1991 703 2064 μεγάλως
722 1995 1083 2065 ἐχαλέπαινον
1106 1993 1199 2048 καὶ
1221 1996 1535 2065 διεπρίοντο
1560 1988 1692 2047 καθ’
1723 1985 1895 2062 ἡμῶν.

280 2073 624 2148 “ἐπληροῦτο
669 2076 728 2132 δε
766 2076 826 2132 τὸ
867 2075 978 2132 ὑπὸ
1017 2079 1115 2133 τοῦ
1157 2082 1355 2178 κυρίου
1386 2073 1544 2147 ἡμων
1585 2076 1894 2146 εἰρημένον,

284 2153 402 2215 “Su
445 2158 727 2216 ἐλεύσεται
768 2158 957 2232 καιρὸς
999 2162 1058 2216 ἐν
1090 2151 1134 2234 ᾧ
1176 2182 1281 2224 πας
1321 2157 1348 2214 ὁ
1391 2157 1718 2223 ἀποκτείνας
1758 2153 1898 2230 ὑμᾶς

222 2267 267 2298 25
282 2237 469 2310 “do'ga
510 2249 769 2315 λατρείαν
808 2246 1147 2315 προσφέρειν
1186 2265 1261 2298 τω
1301 2246 1432 2318 θεῷ.
1527 2247 1606 2299 16.
1653 2244 1897 2298 ἐνταυθα

282 2324 515 2383 “λοιπὸν
553 2323 815 2399 ὑπεράνω
858 2326 1035 2399 πάσης
1080 2301 1394 2399 ἐξηγῆσεως
1422 2323 1700 2398 ὑπέμενον
1740 2323 1896 2382 κολά-

282 2406 436 2518 ἶσεις
469 2416 526 2467 οἱ
553 2410 699 2483 ἅγιοι
729 2410 1031 2484 μάρτυρες,
1065 2413 1531 2483 φιλοτιμουμένου
1562 2434 1659 2467 του
1691 2412 1898 2467 σατανᾶ

282 2493 412 2551 “uoci
466 2492 542 2552 δι’
589 2499 817 2553 ἐκείνων
858 2498 1108 2569 ρηθῆναί
1145 2519 1195 2551 τι
1237 2499 1349 2552 τῶν
1390 2493 1751 2568 βλασφήμων.
1815 2497 1893 2549 17

283 2574 313 2598 C?
336 2577 349 2596 C

319 2582 821 2653 υπερβεβλημένως
879 2581 939 2636 δε
993 2582 1298 2652 ἐνέσκηψεν
1346 2603 1379 2651 η
1420 2576 1576 2687 ὀργὴ,
1617 2582 1766 2634 πᾶσα
1806 2578 1897 2633 και

227 2686 270 2718 30
287 2659 490 2735 “ὅχλου
531 2665 622 2720 καὶ
664 2660 930 2737 ηγεμόνος
976 2666 1067 2720 και
1121 2682 1472 2737 στρατιωτων
1526 2668 1604 2728 εἰς
1643 2659 1939 2734 ,ΣάγκτουΚ

408 2859 462 2896 24
491 2858 655 2897 Ioann.
678 2858 750 2908 16,
776 2859 815 2898 2.
