1986 3152
285 110 387 160 316
908 107 1155 149 EUSEBII

285 221 453 295 αὐτῆς
494 231 650 280 οἴκου
690 222 951 295 γυναικὸς
993 221 1286 297 ε’κτύπωμα
1337 222 1569 298 χάλκεον
1621 226 1710 282 ἐπὶ
1753 223 1893 297 γόνυ

283 309 608 380 κεκλιμένον
666 309 759 364 καὶ
824 310 1144 381 τεταμέναις
1203 310 1292 364 ε’πὶ
1349 307 1409 365 τὸ
1467 307 1717 381 πρόσθεν
1773 323 1894 376 ταῖς

283 393 503 464 χερσὶν,
547 389 868 465 ἱκετευούσῃ
901 389 1103 464 εὀικὸς,
1146 390 1345 450 τούτου
1378 393 1440 449 δὲ
1469 390 1729 466 ἄντικρυς
1759 394 1893 451 ἄλλο

283 481 376 547 τῆς
429 472 600 544 αὐτῆς
651 472 789 548 ῧλης
841 472 1046 549 ἀνδρὸς
1105 473 1306 550 ὄρθιον
1365 479 1572 551 σχῆμα,
1634 482 1894 535 διπλοΐδα

240 577 260 609 5
283 564 521 631 κοσμίως
562 562 1063 633 περιβεβλημένον,
1104 562 1197 618 καὶ
1236 559 1338 633 τὴν
1375 574 1532 634 χεῖρα
1572 563 1642 634 τῇ
1670 564 1895 634 γυναικὶ

282 656 592 715 προτεῖνον,
626 636 694 700 οὗ
725 644 874 718 παρὰ
903 659 1016 712 τοῖς
1047 648 1214 703 ποσὶν
1245 647 1333 702 ἐπὶ
1364 649 1460 718 τῆς
1491 644 1694 718 στήλης
1726 642 1895 718 αὐτῆς

282 730 440 795 ξένον
470 752 521 784 τι
551 727 787 801 βοτάνης
819 729 967 796 εἶδος
997 728 1184 801 φύειν,
1215 727 1245 786 ὃ
1274 732 1433 803 μέχρι
1453 732 1556 788 τοῦ
1578 733 1896 802 κρασπέδου

281 817 377 884 τῆς
422 815 522 869 τοῦ
561 816 769 886 χαλκοῦ
808 818 1087 880 διπλοΐδος
1128 813 1315 887 ἀνιὸν,
1362 812 1806 887 ἀλεξιφάρμακόν
1843 837 1896 871 τι

283 903 564 954 παντοίων
601 896 930 971 νοσημάτων
967 898 1276 971 τυγχάνειν.
1338 903 1386 956 3.
1428 904 1628 957 τοῦτον
1666 897 1763 956 τὸν
1802 896 1898 956 ἆν-

222 1000 260 1032 10
286 979 516 1052 δριάντα
556 985 654 1039 τοῦ
691 979 870 1055 Ἰησοῦ
916 982 1103 1041 εἰκόνα
1132 986 1326 1056 φέρειν
1357 990 1561 1056 ἔλεγον.
1623 988 1804 1056 ἔμεινε
1835 983 1897 1040 δὲ

283 1067 374 1121 καὶ
406 1071 482 1131 εἰς
512 1061 672 1139 ἡμᾶς,
707 1065 779 1132 ὡς
811 1070 903 1124 καὶ
933 1065 1057 1135 ὄψει
1082 1074 1430 1139 παραλαβεῖν
1455 1065 1896 1140 ἐπιδημήσαντας

284 1147 485 1214 αὐτοὺς
533 1156 609 1224 τῇ
649 1149 819 1207 πόλει.
907 1155 954 1207 4.
1009 1154 1101 1208 καὶ
1149 1151 1479 1224 θαυμαστὸν
1530 1147 1700 1207 οὐδὲν
1769 1149 1898 1218 τούς

283 1231 453 1288 πάλαι
510 1236 564 1301 ἐξ
607 1237 792 1291 ἐθνῶν
833 1233 1300 1308 εὐεργετηθέντας
1342 1233 1478 1307 πρὸς
1515 1237 1614 1292 τοῦ
1654 1237 1898 1309 σωτῆρος

282 1311 439 1388 ἡμῶν
477 1323 649 1375 ταῦτα
691 1321 1079 1393 πεποιηκέναι,
1133 1317 1223 1377 ὅτε
1272 1323 1365 1376 καὶ
1409 1322 1521 1377 τῶν
1571 1312 1899 1376 ἀποστόλων

218 1419 259 1451 15
284 1398 456 1458 αὐτοῦ
495 1400 589 1470 τὰς
635 1402 879 1475 εἰκόνας,
927 1403 1159 1462 Παύλου
1200 1407 1293 1461 καὶ
1332 1406 1553 1478 Πέτρου
1594 1405 1687 1460 καὶ
1727 1399 1900 1461 αὐτοῦ

284 1483 353 1556 δὴ
384 1489 484 1542 τοῦ
501 1494 761 1561 Χριστοῦ,
796 1487 888 1544 διά
912 1487 1219 1562 χρωμάτων
1245 1491 1304 1546 ἐν
1326 1501 1567 1563 γραφαῖς
1591 1491 1900 1561 σωζομένας

286 1569 672 1644 ἱστορήσαμεν,
714 1572 786 1639 ὡς
819 1573 962 1640 εἰκὸς
993 1579 1104 1630 τῶν
1134 1576 1388 1630 παλαιῶν
1418 1571 1900 1646 ἀπαραφυλάκτως

283 1649 371 1709 οἷα
411 1659 659 1728 σωτῆρας
702 1660 901 1732 ἐθνικῇ
941 1663 1218 1734 συνηθείᾳ
1259 1654 1392 1732 παρ’
1438 1660 1653 1724 ἑαυτοῖς
1703 1661 1899 1714 τοῦτον

285 1743 449 1810 τιμᾶν
481 1741 764 1799 εἰωθότων
793 1742 890 1799 τὸν
920 1741 1142 1815 τρόπον.

222 1839 262 1871 20
416 1835 542 1884 XIX.
598 1835 724 1902 [Nic.
755 1838 812 1886 H.
842 1838 896 1887 Ε.
927 1838 1002 1896 VI,
1035 1836 1140 1903 16]
1210 1829 1319 1884 Τὸν
1348 1824 1452 1899 γὰρ
1479 1822 1742 1898 Ἰακώβου
1764 1823 1901 1898 θρό-

285 1930 415 1980 νον,
468 1915 566 1966 τοῦ
615 1910 838 1981 πρώτου
889 1914 986 1983 τῆς
1017 1909 1416 1984 Ἱεροσολύμων
1468 1913 1756 1983 ἐκκλησίας
1794 1907 1900 1981 τὴν

287 1991 592 2065 ἐπισκοπὴν
623 1994 758 2067 πρὸς
791 1993 964 2053 αὐτοῦ
1002 1999 1102 2054 τοῦ
1131 1999 1376 2067 σωτῆρος
1406 1997 1498 2052 καὶ
1528 1997 1641 2052 τῶν
1671 1991 1901 2052 ἀποστό-

286 2082 400 2131 λων
447 2073 897 2152 ὖποδεξαμένου,
950 2077 1016 2136 ὃν
1067 2083 1160 2136 καὶ
1211 2077 1459 2152 ἀδελφὸν
1509 2081 1610 2136 τοῦ
1659 2079 1936 2152 Χριστοῦ·

285 2166 614 2231 χρηματίσαι
664 2168 721 2219 οἱ
766 2173 913 2220 θεῖοι
962 2162 1115 2235 λόγοι
1163 2165 1546 2236 περιέχουσιν,
1601 2168 1678 2229 εἰς
1733 2165 1903 2233 δεῦρο

221 2257 264 2289 25
287 2249 716 2318 πεφυλαγμένον
756 2250 813 2304 oc
858 2250 993 2320 τῇδε
1043 2247 1180 2305 κατὰ
1231 2247 1498 2319 διαδοχὴν
1547 2249 1904 2317 περιέποντες

287 2323 521 2399 ἀδελφοὶ
561 2334 753 2402 σαφῶς
797 2346 910 2398 τοῖς
950 2334 1120 2389 πᾶσιν
1167 2334 1579 2389 ἐπιδείκνυνται
1617 2327 1737 2389 οἷον
1775 2332 1903 2402 περὶ
1946 2356 1951 2362 ·

285 2409 412 2477 τούς
471 2411 662 2484 ἁγίους
722 2413 930 2488 ἄνδρας
988 2419 1088 2473 τοῦ
1144 2421 1447 2489 θεοφιλοῦς
1499 2419 1690 2473 ἕνεκεν
1741 2419 1797 2472 οἵ
1843 2436 1903 2471 τε

287 2493 457 2552 πάλαι
498 2499 589 2553 καὶ
631 2502 688 2555 οἱ
735 2506 812 2566 εἰς
862 2497 1002 2573 ἡμᾶς
1053 2500 1255 2570 ἒσωζόν
1302 2525 1361 2558 τε
1413 2502 1506 2558 καὶ
1553 2497 1901 2568 ἀποσώζουσι

287 2582 469 2651 σέβας.
533 2584 623 2638 καὶ
654 2587 827 2641 ταῦτα
857 2586 960 2657 μὲν
989 2584 1180 2659 ταύτῃ.
1328 2636 1341 2647 >x
1868 2578 1874 2582 ι

224 2679 265 2711 30
417 2676 519 2725 ΧΧ.
589 2677 716 2742 [Nic.
747 2680 805 2728 Η.
833 2679 885 2728 Ε.
916 2680 1000 2736 VI,
1030 2678 1107 2745 4.]
1199 2668 1263 2728 Ὅ
1321 2693 1383 2741 γε
1441 2667 1553 2742 μὴν
1602 2665 1903 2731 Διονύσιος

287 2747 422 2822 πρὸς
462 2763 583 2817 ταῖς
626 2756 995 2824 δηλωθείσαις
1029 2757 1341 2820 ἐπιστολαῖς
1371 2749 1544 2810 αὐτοῦ
1578 2758 1656 2810 ἔτι
1686 2755 1777 2809 καὶ
1806 2749 1903 2815 τὰς

288 2835 597 2906 φερομένας
666 2835 1016 2910 ἑορταστικάς
1089 2839 1148 2895 τὸ
1222 2840 1523 2910 τηνικαῦτα
1597 2834 1903 2903 συντάττει,
