1986 3152
591 99 749 140 HIST.
782 99 1032 141 ECCLES.
1067 101 1119 143 v.
1152 101 1188 140 1.
1596 99 1693 150 191

83 214 412 290 “γενόμενοι
443 220 831 272 συνεκλείοντο
863 217 951 271 καὶ
986 211 1144 272 αὐτοὶ
1176 217 1265 272 καὶ
1305 229 1557 290 μετεῖχον
1586 222 1699 275 τῶν

81 299 349 358 “δεινών·
383 295 514 356 οὐδε
545 297 650 372 γάρ
685 302 743 355 ἐν
773 305 849 375 τῷ
881 303 1052 376 καιρῷ
1083 299 1260 376 τούτῳ
1293 298 1494 374 ὄφελός
1518 325 1568 358 τι
1594 325 1696 358 αυ-

79 383 230 488 Στοῖς
260 383 294 456 ἡ
312 381 614 484 f'gdpmymg
647 386 880 454 ἐγίνετο·
922 380 1046 440 ἀλλ’
1090 388 1146 440 οί
1171 385 1272 457 μὲν
1301 383 1696 458 ὁμολογοῦντες

79 466 150 526 “ὂ
179 470 269 525 καὶ
302 469 474 539 ἦσαν,
509 473 897 525 συνεκλείοντο
930 492 1001 534 ως
1034 472 1386 541 Χριστιανοὶ,
1427 474 1696 543 μηδεμιᾶς

79 551 285 624 “ἅλλης
319 551 508 618 αὐτοῖς
540 558 716 618 αἰτίας
759 555 1185 626 ἐπιφερομένης,
1227 577 1377 610 ουτοι
1411 554 1472 610 δε
1503 554 1696 611 λοιπὸν
1719 577 1741 609 5

79 635 194 704 “οὸς
233 634 575 710 ἀνδροφόνοι
615 637 707 691 καὶ
748 639 930 708 μιαροὶ
973 644 1319 709 κατείχοντο,
1374 637 1698 710 διπλότερον
1772 708 1775 709 ⁷

78 719 267 794 “παρὰ
307 718 433 785 τούς
477 717 701 786 λοιποὺς
743 718 1106 792 κολαζόμενοι.
1179 724 1262 777 34.
1309 724 1554 787 ἐκείνους
1595 723 1697 795 μὲν

77 803 221 878 “γάρ
263 802 623 876 ἐπεκούφιζεν
661 802 695 874 ἡ
739 802 879 877 χαρά
909 807 1004 875 τῆς
1043 810 1377 877 μαρτυρίας,
1421 807 1511 861 καὶ
1543 803 1576 878 ἡ
1614 808 1694 862 ε’λ-

78 886 208 955 “πὶς
251 911 363 945 των
407 888 860 960 ἐπηγγελμένων,
913 890 1004 944 καὶ
1046 887 1080 960 ἡ
1132 888 1266 962 πρὸς
1317 889 1413 945 τὸν
1457 888 1698 962 Χριστὸν

75 970 333 1046 “ἀγάπη,
375 973 467 1028 καὶ
508 970 567 1028 τὸ
600 974 819 1045 πνεῦμα
849 970 909 1028 τὸ
940 970 1237 1046 πατρικὸν,
1279 970 1509 1039 τούτους
1544 974 1604 1030 δε
1634 974 1693 1030 τὸ
1721 997 1760 1028 ιο

77 1054 377 1122 “συνειδὸς
407 1055 656 1129 μεγάλως
701 1059 1044 1130 ἐτιμωρεῖτο,
1089 1055 1228 1114 ω’στε
1271 1059 1362 1114 καὶ
1402 1054 1551 1130 παρά
1581 1072 1694 1124 τοῖς

77 1139 331 1207 “λοιποῖς
373 1139 544 1198 ἅπασι
596 1141 733 1198 κατὰ
785 1138 879 1206 τὰς
931 1139 1209 1247 παρόδους
1259 1139 1556 1213 διαδήλους
1600 1141 1696 1209 τὰς

75 1223 269 1295 “ὃ’ψεις
301 1223 491 1283 αὐτων
525 1225 679 1283 εἶναι.
734 1229 816 1282 35
850 1229 908 1282 οι
926 1250 1027 1298 μεν
1050 1223 1154 1298 γάρ
1181 1227 1360 1299 ἱλαροὶ
1391 1224 1694 1299 προῄεσαν,

74 1307 277 1414 ἱζδόξης
309 1311 402 1367 καὶ
433 1308 651 1384 χάριτος
683 1312 889 1381 πολλης
920 1323 1039 1375 ταῖς
1070 1310 1267 1377 ὄψεσιν
1291 1306 1476 1367 αὐτῶν
1499 1327 1694 1382 συγκε-

76 1392 418 1498 Ξκραμένης,
462 1393 601 1451 ω’στε
631 1396 722 1450 καὶ
752 1392 818 1451 τά
850 1393 1023 1494 δεσμὰ
1054 1392 1261 1467 κόσμον
1304 1391 1555 1468 ευπρεπῆ
1594 1417 1685 1451 πε-
1714 1417 1755 1449 15

79 1477 398 1549 “ρικεῖσθαι
431 1477 645 1551 αὐτοῖς,
689 1476 761 1546 ὡς
800 1477 992 1553 νύμφῃ
1033 1481 1413 1552 κεκοσμημένη
1446 1481 1506 1535 ἐν
1536 1498 1695 1552 κροσ-

77 1561 314 1629 “σωτοῖς
355 1577 582 1636 χρυσοῖς
625 1565 1099 1636 πεποικιλμένοις,
1140 1561 1243 1634 τὴν
1285 1562 1527 1620 εὐωδίαν
1557 1561 1694 1620 ὀδω-

78 1645 270 1712 “δότες
302 1644 412 1720 ἅμα
435 1646 537 1719 τὴν
562 1653 825 1721 Χριστοῦ,
860 1645 999 1703 ὥστε
1025 1649 1208 1714 ἐνίους
1237 1645 1388 1715 δόξαι
1421 1650 1509 1703 καὶ
1535 1646 1694 1724 μύρῳ

76 1730 359 1808 “κοσμικῷ
392 1742 684 1805 κεχρῖσθαι
716 1729 947 1797 αὐτούς·
992 1737 1050 1788 οἱ
1087 1732 1147 1788 δὲ
1179 1745 1443 1805 κατηφεῖς
1475 1733 1567 1788 καὶ
1598 1756 1691 1788 τα-

75 1815 294 1874 “πεινοὶ
337 1818 428 1872 καὶ
469 1821 748 1881 δυσειδεῖς
789 1818 881 1872 καὶ
921 1815 1098 1888 πάσης
1138 1814 1523 1889 ἀσχημοσύνης
1562 1814 1693 1872 ἀνά·
1717 1837 1759 1868 20

72 1899 304 1971 “πλεοι,
348 1903 574 1974 προσέτι
617 1901 676 1957 δὲ
717 1902 810 1956 καὶ
847 1898 958 1956 ὑπὸ
999 1906 1112 1957 τῶν
1144 1904 1331 1958 ἐθνῶν
1360 1897 1693 1973 ὀνειδιζόμε-

75 1983 200 2043 “vot
233 1983 306 2051 ὡς
336 1981 588 2057 ἀγεννεῖς
618 1987 710 2041 καὶ
741 1982 1038 2058 ἄνανδροι,
1072 1982 1443 2058 ἀνδροφόνων
1473 1985 1575 2057 μὲν
1601 1987 1684 2056 ἐγ-

77 2068 367 2143 “κλήματα
410 2074 653 2143 ἔχοντες,
708 2065 1114 2136 ἀπολωλεκότες
1156 2070 1218 2126 δὲ
1268 2067 1371 2141 τὴν
1421 2067 1693 2142 πάντιμον

76 2152 208 2211 “acal
251 2156 478 2221 ἔνδοξον
520 2156 611 2210 καὶ
655 2153 919 2223 ζωοποιὸν
962 2160 1355 2226 προσηγορίαν.
1418 2157 1590 2210 ταῦτα
1634 2154 1692 2209 δὲ

74 2236 170 2295 “os
195 2241 375 2295 λοιποὶ
405 2243 752 2312 θεωροῦντες
787 2241 1212 2312 ἐστηρίχθησαν,
1245 2239 1337 2294 καὶ
1369 2242 1426 2295 οἱ
1452 2244 1690 2310 συλλαμ-
1715 2258 1757 2290 25

77 2320 414 2395 “βανόμενοι
467 2320 809 2388 ἀδιστάκτως
862 2321 1214 2395 ωμολόγουν,
1275 2322 1416 2396 μηδὲ
1469 2328 1693 2379 ἔννοιαν

74 2405 330 2480 “ἕχοντες
363 2410 684 2480 διαβολικοῦ
725 2409 1004 2480 λογισμοῦ.
1018 2404 1048 2426 ”
1113 2411 1195 2463 36.
1235 2405 1448 2472 τούτοις
1489 2404 1693 2479 μεταξύ

84 2515 207 2548 τινα
241 2490 562 2558 ἐπειπόντες
595 2492 761 2558 αυθις
805 2493 1154 2565 ἐπιφέρουσι·
1195 2489 1367 2564 “μετά
1408 2493 1581 2546 ταῦτα
1625 2487 1692 2560 δὴ

75 2572 308 2633 “λοιπόν
340 2581 416 2642 εἰς
448 2579 559 2633 πᾶν
592 2575 736 2642 εἶδος
770 2581 1008 2650 διῃρεῖτο
1040 2575 1104 2632 τὰ
1136 2574 1409 2649 μαρτύρια
1450 2580 1545 2646 τῆς
1579 2572 1693 2640 ἐξό-

35 2665 38 2667 ’
76 2656 217 2716 “δου
248 2657 446 2718 αὐτων.
513 2664 572 2716 ἐκ
616 2658 901 2732 διαφόρων
941 2659 1044 2733 γὰρ
1087 2658 1391 2733 χρωμάτων
1422 2660 1512 2714 καὶ
1546 2679 1687 2713 παν-
1713 2678 1753 2709 30

76 2740 279 2800 “volam
310 2741 508 2802 ἀνθῶῢ
538 2748 633 2801 ἕνα
665 2747 960 2812 πλέξαντες
991 2747 1268 2815 στέφανον
1298 2740 1686 2815 προσήνεγκαν

77 2824 191 2905 “τῷ
241 2835 422 2900 πατρί.
516 2831 681 2901 ἐχρῆν
731 2831 869 2900 γοῦν
920 2827 1049 2894 τοὺς
1091 2833 1384 2900 γενναίους
1423 2822 1686 2895 ἀθλητάς,
