2032 3174
505 87 663 129 HIST.
695 87 947 131 ECCLES.
979 89 1063 132 111.
1097 90 1274 132 10—12.
1600 87 1698 140 103

76 200 515 303 “αὕτοκράτορσι
544 202 610 259 vc}
642 209 852 275 βιβλία,
883 201 1055 276 μόνον
1086 199 1206 277 ουχὶ
1238 210 1349 261 τῶν
1380 211 1560 277 ε”ργων
1590 203 1698 278 ἤδη

75 283 491 395 Ξβλεπομένων.
556 288 825 362 συνῄδειν
863 287 970 360 γὰρ
1003 290 1221 389 ἐμαυτῷ
1249 288 1565 362 τετηρηκότι
1597 288 1699 361 τὴν

75 371 211 443 “τῆς
241 368 509 444 άληθείας
538 371 868 444 παράδοσιν,
904 369 994 445 ἐφ’
1019 374 1052 445 ᾑ
1076 380 1381 445 μαρτυρίας
1405 372 1698 442 τεύξεσθαι

75 453 503 528 “προσδοκήσας
532 453 600 514 οὗ
634 455 948 528 διήμαρτον.
1013 463 1093 513 10.
1127 459 1220 513 καὶ
1250 455 1435 524 άλλοις
1466 460 1528 515 δὲ
1568 467 1698 515 πολ-

119 549 234 606 λοῖς
266 543 515 598 ἐπέδωκα
545 539 646 612 τὴν
678 545 952 613 ἱστορίαν,
996 532 1076 597 οἷν
1106 547 1242 597 ε”νιοι
1272 544 1363 598 καὶ
1394 564 1695 614 παρατετυ-

82 622 358 699 “χήκεσαν
397 631 472 701 τῷ
512 627 760 699 πολέμῳ,
802 623 1059 698 καθάπερ
1102 626 1363 696 βασιλεὺς
1399 622 1700 699 Ἀγρίππας

75 706 219 767 “nal
241 733 385 775 τινες
415 705 587 766 αὐτοῦ
614 711 726 765 τῶν
755 711 1058 780 συγγενῶν.
1116 714 1194 765 11.
1227 706 1253 766 ὁ
1278 710 1382 782 μὲν
1411 712 1515 782 γὰρ
1540 709 1699 769 αὖτο-

80 790 340 866 “κρα’τωρ
373 798 528 860 Τίτος
560 789 734 858 οὕτως
766 797 826 849 ἐκ
854 793 1043 865 μόνων
1073 790 1259 850 αὐτῶν
1292 794 1575 866 ἐβουλήθη
1598 795 1700 867 τὴν

76 874 331 948 “γνῶσιν
369 891 484 942 τοῖς
525 875 848 948 ἀνθρώποις
889 881 1242 946 παραδοῦναι
1284 881 1397 935 τῶν
1426 878 1698 951 πράξεων,

75 959 259 1019 “ὡ’στε
297 960 532 1034 χαράξας
571 965 638 1034 τῇ
681 959 853 1018 αὐτοῦ
883 963 1026 1034 χειρὶ
1055 960 1121 1018 τὰ
1151 968 1346 1034 βιβλία
1379 962 1698 1035 δημοσιεύε-

74 1045 254 1104 ρ’σθαι
283 1048 635 1118 προσέταξεν,
666 1043 695 1101 ὁ
730 1047 789 1102 δὲ
819 1045 1081 1117 βασιλεὺς
1102 1043 1403 1118 Ἀγρίππας
1436 1046 1699 1118 ἑξήκοντα

75 1127 220 1189 “δυό
252 1137 494 1204 ἔγραψεν
526 1128 840 1200 ἐπιστολας,
874 1135 940 1204 τῇ
970 1133 1066 1202 τῆς
1096 1127 1364 1203 ἀληθείας
1395 1130 1699 1234 παραδόσει

75 1211 535 1288 “μαρτυρῶν,”’
507 1214 607 1287 αφ’
645 1239 725 1271 ων
755 1218 846 1272 καὶ
879 1215 980 1273 δύο
1010 1222 1402 1288 παρατίθησιν
1464 1213 1602 1272 ἄλλα
1633 1215 1700 1273 τὰ

83 1325 190 1373 μεν
220 1324 356 1357 κατα
386 1302 581 1357 τοῦτον
610 1298 780 1374 ταύτῃ
813 1322 888 1372 πη
922 1299 1283 1372 δεδηλώσθω,
1319 1310 1488 1373 ἴωμεν
1521 1298 1575 1356 δ’
1610 1303 1695 1357 ἐπὶ

85 1384 152 1440 τὰ
183 1387 318 1456 ἑξῆς

231 1481 309 1529 ΧΙ.
355 1479 479 1545 [Nic.
511 1479 566 1528 H.
596 1480 649 1529 E.
680 1479 765 1535 ΙΙΙ,
796 1476 868 1544 9.]
935 1466 1095 1526 Μετὰ
1135 1468 1236 1540 τὴν
1261 1465 1523 1541 Ἰακώβου
1563 1493 1698 1542 μαρ-

84 1560 286 1623 τυρίαν
315 1556 406 1610 καὶ
437 1552 539 1625 τὴν
569 1550 769 1609 αὐτίκα
799 1557 1105 1625 γενομένην
1134 1551 1344 1610 ἅλωσιν
1383 1556 1477 1626 τῆς
1502 1549 1698 1626 Ἰερου-

83 1636 267 1710 σαλὴμ
298 1636 457 1710 λόγος
487 1640 700 1710 κατέχει
730 1639 842 1692 τῶν
870 1633 1195 1694 ἀποστόλων
1224 1640 1317 1695 καὶ
1345 1642 1458 1694 τῶν
1480 1641 1577 1694 τοῦ
1601 1661 1696 1695 κυ-

28 1744 31 1745 ’
84 1730 212 1793 ρίου
250 1725 522 1796 μαθητών
561 1722 688 1788 τοὺς
733 1722 899 1778 εἰσέτι
941 1725 1016 1798 τῷ
1058 1727 1164 1797 βίω
1208 1724 1565 1794 λειπομένους
1608 1724 1696 1779 ἐπὶ

84 1805 252 1864 ταύτὸ
283 1804 639 1879 πανταχόθεν
668 1813 997 1878 συνελθεῖν,
1041 1804 1152 1878 ἅμα
1191 1821 1304 1873 τοῖς
1335 1806 1471 1878 πρὸς
1503 1809 1697 1879 γένους

86 1889 224 1949 κατὰ
256 1890 433 1961 σάρκα
462 1893 564 1948 τοῦ
592 1897 791 1961 κυρίου
823 1891 1074 1963 (πλείους
1104 1888 1208 1962 γάρ
1239 1893 1330 1947 καὶ
1361 1889 1575 1948 τούτων
1604 1913 1697 1947 πε-

85 1979 287 2049 ριῆσαν
320 1979 484 2034 εἰσέτι
515 1974 636 2033 τότε
666 1979 741 2052 τῷ
765 1971 897 2052 βίω)
930 1973 1142 2048 βουλήν
1165 1998 1223 2031 τε
1246 1974 1384 2048 ὁμοῦ
1409 1973 1538 2041 τους
1562 1973 1696 2032 πάν-

86 2085 182 2127 τας
212 2062 339 2131 περὶ
371 2085 469 2117 του
492 2067 619 2117 τίνα
649 2085 751 2133 χρη
782 2064 877 2132 τῆς
902 2057 1167 2131 Ἰακώβου
1201 2062 1458 2133 διαδοχῆς
1490 2063 1697 2129 ἐπικρῖ-

85 2170 179 2202 ναι
210 2142 364 2213 άξιον
394 2143 761 2217 ποιήσασθαι,
794 2146 886 2201 καὶ
919 2143 988 2217 δὴ
1019 2142 1127 2201 ἀπὸ
1159 2147 1284 2216 μιᾶς
1312 2143 1538 2250 γνώμης
1571 2143 1698 2210 τοὺς

87 2228 296 2296 πάντας
320 2233 598 2301 Συμεωνα
626 2229 725 2286 τὸν
754 2234 852 2286 τοῦ
882 2232 1111 2300 Κλωπα,
1144 2229 1211 2285 οὐ
1237 2231 1328 2284 καὶ
1354 2224 1387 2300 ἡ
1412 2252 1509 2285 του
1534 2227 1760 2299 &day-25

85 2319 278 2383 γελίου
307 2312 640 2386 μνημονεύει
669 2312 888 2387 γραφὴ,
919 2319 1019 2370 τοῦ
1049 2317 1145 2385 τῆς
1176 2310 1377 2370 αὐτόθι
1408 2319 1698 2385 παροικίας

87 2394 303 2466 θρόνου
332 2395 486 2464 ἄξιον
517 2398 658 2455 εἶναι
690 2397 1010 2471 δοκιμάσαι,
1051 2395 1284 2463 ἀνεψιόν
1313 2420 1405 2468 γε,
1438 2394 1510 2463 ὥς
1540 2415 1696 2468 φασι,

88 2479 353 2552 γεγονότα
384 2485 480 2537 τοῦ
511 2486 770 2555 σωτῆρος.
831 2482 928 2540 τὸν
967 2481 1073 2554 γὰρ
1114 2473 1218 2538 οὖν
1247 2485 1496 2539 Κλωπᾶν
1534 2480 1699 2536 ἀδελ-

88 2563 199 2636 φὸν
229 2569 327 2620 τοῦ
353 2561 554 2637 Ἰωσὴφ
583 2564 857 2638 ὑπάρχειν
880 2563 1219 2639 Ἡγήσιππος
1252 2570 1472 2634 ἱστορεῖ.

229 2659 333 2708 XII.
386 2659 512 2725 [Nic.
541 2661 600 2709 H.
627 2661 681 2710 E.
710 2661 799 2717 ΙΙΙ,
833 2659 940 2727 ]O.]
1018 2653 1127 2707 Καὶ
1169 2652 1258 2706 ἐπὶ
1297 2648 1509 2714 τούτοις
1554 2644 1695 2705 Οὐε-

89 2730 402 2789 σπασιανὸν
430 2731 564 2805 μετα
586 2732 688 2805 τὴν
710 2728 822 2790 τῶν
838 2733 1235 2806 Ἱεροσολύμων
1258 2732 1467 2790 ἅλωσιν
1489 2730 1697 2796 πάντας

89 2814 216 2882 τούς
247 2813 354 2873 ἀπὸ
384 2819 580 2888 γένους
612 2820 828 2889 Δαβὶδ,
872 2814 945 2884 ὠς
984 2813 1054 2874 ἂν
1094 2816 1166 2889 μὴ
1199 2821 1585 2890 περιλειφθείη
1616 2838 1696 2880 τις

76 537 110 560 «⁸

1726 981 1762 1011 10

1722 1400 1762 1431 15

1720 1822 1762 1853 20

1719 2662 1759 2693 30

1990 2728 2032 2788 *Aa
