<?xml version="1.0" encoding="UTF-8"?>
<!DOCTYPE html PUBLIC "-//W3C//DTD XHTML 1.0 Transitional//EN"
    "http://www.w3.org/TR/xhtml1/DTD/xhtml1-transitional.dtd">
<html xmlns="http://www.w3.org/1999/xhtml" xml:lang="en" lang="en">
 <head>
  <title>
</title>
<meta http-equiv="Content-Type" content="text/html;charset=utf-8" />
  <meta name='ocr-system' content='tesseract 3.04.00' />
  <meta name='ocr-capabilities' content='ocr_page ocr_carea ocr_par ocr_line ocrx_word'/>
</head>
<body>
  <div class='ocr_page' id='page_1' title='image "./operaeusebius04euseuoft_0264.png"; bbox 0 0 1986 3152; ppageno 0'>
   <div class='ocr_carea' id='block_1_1' title="bbox 259 95 1187 148">
    <p class='ocr_par' dir='ltr' id='par_1_1' title="bbox 259 95 1187 148">
     <span class='ocr_line' id='line_1_1' title="bbox 259 95 1187 148; baseline -0.001 -13"><span class='ocrx_word' id='word_1_1' title='bbox 259 95 366 148; x_wconf 79' lang='lat'><strong><em>204</em></strong></span> <span class='ocrx_word' id='word_1_2' title='bbox 941 95 1187 136; x_wconf 82' lang='lat' dir='ltr'>EUSEBII</span> 
     </span>
    </p>
   </div>
   <div class='ocr_carea' id='block_1_2' title="bbox 253 207 1871 284">
    <p class='ocr_par' dir='ltr' id='par_1_2' title="bbox 253 207 1871 284">
     <span class='ocr_line' id='line_1_2' title="bbox 253 207 1871 284; baseline 0.001 -17"><span class='ocrx_word' id='word_1_3' title='bbox 253 208 404 267; x_wconf 80' lang='grc' dir='ltr'><strong><em>“τῶν</em></strong></span> <span class='ocrx_word' id='word_1_4' title='bbox 426 209 749 267; x_wconf 80' lang='grc' dir='ltr'><em>ἀποστόλων</em></span> <span class='ocrx_word' id='word_1_5' title='bbox 771 207 875 281; x_wconf 83' lang='grc' dir='ltr'><strong><em>τὴν</em></strong></span> <span class='ocrx_word' id='word_1_6' title='bbox 907 208 1212 282; x_wconf 81' lang='grc' dir='ltr'><strong><em>ἐπισκοπὴν</em></strong></span> <span class='ocrx_word' id='word_1_7' title='bbox 1242 215 1538 282; x_wconf 86' lang='grc' dir='ltr'><strong><em>κληροῦται</em></strong></span> <span class='ocrx_word' id='word_1_8' title='bbox 1562 209 1808 284; x_wconf 80' lang='grc' dir='ltr'><strong><em>Κλήμης,</em></strong></span> <span class='ocrx_word' id='word_1_9' title='bbox 1839 207 1871 268; x_wconf 83' lang='grc' dir='ltr'><em>ὃ</em></span> 
     </span>
    </p>
   </div>
   <div class='ocr_carea' id='block_1_3' title="bbox 193 290 1875 2723">
    <p class='ocr_par' dir='ltr' id='par_1_3' title="bbox 193 290 1875 2723">
     <span class='ocr_line' id='line_1_3' title="bbox 252 290 1870 368; baseline 0.001 -18"><span class='ocrx_word' id='word_1_10' title='bbox 252 293 383 350; x_wconf 82' lang='grc' dir='ltr'><strong><em>“καὶ</em></strong></span> <span class='ocrx_word' id='word_1_11' title='bbox 422 293 676 367; x_wconf 74' lang='grc' dir='ltr'><strong><em>ἑωρακώς</em></strong></span> <span class='ocrx_word' id='word_1_12' title='bbox 705 291 832 359; x_wconf 81' lang='grc' dir='ltr'><strong><em>τούς</em></strong></span> <span class='ocrx_word' id='word_1_13' title='bbox 862 299 1168 366; x_wconf 81' lang='grc' dir='ltr'><strong><em>μακαρίους</em></strong></span> <span class='ocrx_word' id='word_1_14' title='bbox 1198 290 1566 365; x_wconf 86' lang='grc' dir='ltr'><strong><em>ἀποστόλους,</em></strong></span> <span class='ocrx_word' id='word_1_15' title='bbox 1612 297 1704 351; x_wconf 91' lang='grc' dir='ltr'><strong><em>καὶ</em></strong></span> <span class='ocrx_word' id='word_1_16' title='bbox 1735 314 1870 368; x_wconf 69' lang='grc' dir='ltr'><strong><em>συμ-</em></strong></span> 
     </span>
     <span class='ocr_line' id='line_1_4' title="bbox 254 374 1874 451; baseline 0.002 -17"><span class='ocrx_word' id='word_1_17' title='bbox 254 374 576 450; x_wconf 68' lang='grc' dir='ltr'><strong><em>“βεβληκώς</em></strong></span> <span class='ocrx_word' id='word_1_18' title='bbox 608 374 824 449; x_wconf 79' lang='grc' dir='ltr'><strong><em>αὐτοῖς,</em></strong></span> <span class='ocrx_word' id='word_1_19' title='bbox 865 383 958 434; x_wconf 85' lang='grc' dir='ltr'><strong><em>καὶ</em></strong></span> <span class='ocrx_word' id='word_1_20' title='bbox 997 384 1075 434; x_wconf 82' lang='grc' dir='ltr'><strong><em>ἔτι</em></strong></span> <span class='ocrx_word' id='word_1_21' title='bbox 1116 383 1354 436; x_wconf 81' lang='grc' dir='ltr'><strong><em>ἔναυλον</em></strong></span> <span class='ocrx_word' id='word_1_22' title='bbox 1383 377 1442 434; x_wconf 88' lang='grc' dir='ltr'>τό</span> <span class='ocrx_word' id='word_1_23' title='bbox 1476 377 1731 451; x_wconf 85' lang='grc' dir='ltr'><strong><em>κήρυγμα</em></strong></span> <span class='ocrx_word' id='word_1_24' title='bbox 1760 382 1874 445; x_wconf 69' lang='grc' dir='ltr'><strong><em>τῶν</em></strong></span> 
     </span>
     <span class='ocr_line' id='line_1_5' title="bbox 253 458 1869 536; baseline 0.001 -18"><span class='ocrx_word' id='word_1_25' title='bbox 253 458 615 519; x_wconf 62' lang='grc' dir='ltr'><strong><em>“ἀποστό»λων</em></strong></span> <span class='ocrx_word' id='word_1_26' title='bbox 646 464 737 519; x_wconf 88' lang='grc' dir='ltr'><strong><em>καὶ</em></strong></span> <span class='ocrx_word' id='word_1_27' title='bbox 766 460 868 533; x_wconf 83' lang='grc' dir='ltr'><strong><em>τὴν</em></strong></span> <span class='ocrx_word' id='word_1_28' title='bbox 898 459 1210 535; x_wconf 77' lang='grc' dir='ltr'><em>παράδοσιν</em></span> <span class='ocrx_word' id='word_1_29' title='bbox 1240 461 1345 535; x_wconf 82' lang='grc' dir='ltr'><strong><em>πρὸ</em></strong></span> <span class='ocrx_word' id='word_1_30' title='bbox 1370 459 1684 535; x_wconf 71' lang='grc' dir='ltr'><strong><em>ὀφθαλμοῖν</em></strong></span> <span class='ocrx_word' id='word_1_31' title='bbox 1708 469 1869 536; x_wconf 80' lang='grc' dir='ltr'><strong><em>ἔχων,</em></strong></span> 
     </span>
     <span class='ocr_line' id='line_1_6' title="bbox 217 542 1870 619; baseline 0.002 -18"><span class='ocrx_word' id='word_1_32' title='bbox 217 542 358 603; x_wconf 79' lang='grc' dir='ltr'><strong><em>5“ου’</em></strong></span> <span class='ocrx_word' id='word_1_33' title='bbox 390 544 581 619; x_wconf 82' lang='grc' dir='ltr'><strong><em>μόνος·</em></strong></span> <span class='ocrx_word' id='word_1_34' title='bbox 617 552 694 605; x_wconf 83' lang='grc' dir='ltr'><strong><em>ἔτι</em></strong></span> <span class='ocrx_word' id='word_1_35' title='bbox 725 543 830 618; x_wconf 77' lang='grc' dir='ltr'><strong><em>γάρ</em></strong></span> <span class='ocrx_word' id='word_1_36' title='bbox 861 548 1054 603; x_wconf 84' lang='grc' dir='ltr'><strong><em>πολλοὶ</em></strong></span> <span class='ocrx_word' id='word_1_37' title='bbox 1083 543 1450 603; x_wconf 78' lang='grc' dir='ltr'><strong><em>ὑπελείποντο</em></strong></span> <span class='ocrx_word' id='word_1_38' title='bbox 1480 544 1602 603; x_wconf 87' lang='grc' dir='ltr'><strong><em>τότε</em></strong></span> <span class='ocrx_word' id='word_1_39' title='bbox 1624 545 1734 603; x_wconf 81' lang='grc' dir='ltr'><strong><em>ὑπὸ</em></strong></span> <span class='ocrx_word' id='word_1_40' title='bbox 1756 551 1870 604; x_wconf 73' lang='grc' dir='ltr'><strong><em>τῶν</em></strong></span> 
     </span>
     <span class='ocr_line' id='line_1_7' title="bbox 254 622 1873 703; baseline 0.001 -17"><span class='ocrx_word' id='word_1_41' title='bbox 254 627 618 691; x_wconf 75' lang='grc' dir='ltr'><strong><em>“ἀποστόλω,ν</em></strong></span> <span class='ocrx_word' id='word_1_42' title='bbox 662 632 1065 703; x_wconf 76' lang='grc' dir='ltr'><strong><em>δεδιδαγμένοι.</em></strong></span> <span class='ocrx_word' id='word_1_43' title='bbox 1148 634 1196 687; x_wconf 85' lang='lat'><strong><em>3.</em></strong></span> <span class='ocrx_word' id='word_1_44' title='bbox 1247 632 1335 688; x_wconf 88' lang='grc' dir='ltr'><strong><em>ἐπὶ</em></strong></span> <span class='ocrx_word' id='word_1_45' title='bbox 1379 628 1578 687; x_wconf 81' lang='grc' dir='ltr'><strong><em>τούτου</em></strong></span> <span class='ocrx_word' id='word_1_46' title='bbox 1624 622 1728 688; x_wconf 77' lang='grc' dir='ltr'><strong><em>οὖν</em></strong></span> <span class='ocrx_word' id='word_1_47' title='bbox 1770 635 1873 688; x_wconf 81' lang='grc' dir='ltr'><strong><em>τοῦ</em></strong></span> 
     </span>
     <span class='ocr_line' id='line_1_8' title="bbox 251 711 1872 821; baseline 0 -49"><span class='ocrx_word' id='word_1_48' title='bbox 251 712 611 821; x_wconf 55' lang='grc' dir='ltr'><strong><em>ΣῖΚλήμεντος</em></strong></span> <span class='ocrx_word' id='word_1_49' title='bbox 661 712 903 781; x_wconf 88' lang='grc' dir='ltr'><strong><em>στάσεως</em></strong></span> <span class='ocrx_word' id='word_1_50' title='bbox 951 712 1054 772; x_wconf 79' lang='grc' dir='ltr'><strong><em>οὐκ</em></strong></span> <span class='ocrx_word' id='word_1_51' title='bbox 1095 711 1283 787; x_wconf 82' lang='grc' dir='ltr'><strong><em>ὀλίγης</em></strong></span> <span class='ocrx_word' id='word_1_52' title='bbox 1332 728 1444 779; x_wconf 86' lang='grc' dir='ltr'><strong><em>τοῖς</em></strong></span> <span class='ocrx_word' id='word_1_53' title='bbox 1499 718 1559 771; x_wconf 92' lang='grc' dir='ltr'><strong><em>ἐν</em></strong></span> <span class='ocrx_word' id='word_1_54' title='bbox 1603 720 1872 792; x_wconf 85' lang='grc' dir='ltr'><strong><em>Κορίνθω</em></strong></span> 
     </span>
     <span class='ocr_line' id='line_1_9' title="bbox 250 794 1873 906; baseline 0 -50"><span class='ocrx_word' id='word_1_55' title='bbox 250 794 590 906; x_wconf 54' lang='grc' dir='ltr'><strong><em>Ξῖγενομένης</em></strong></span> <span class='ocrx_word' id='word_1_56' title='bbox 615 797 897 870; x_wconf 77' lang='grc' dir='ltr'><strong><em>ἀδελφοῖς,</em></strong></span> <span class='ocrx_word' id='word_1_57' title='bbox 933 801 1244 856; x_wconf 82' lang='grc' dir='ltr'><strong><em>ἐπέστειλεν</em></strong></span> <span class='ocrx_word' id='word_1_58' title='bbox 1273 794 1306 871; x_wconf 79' lang='grc' dir='ltr'>ἡ</span> <span class='ocrx_word' id='word_1_59' title='bbox 1333 802 1393 856; x_wconf 84' lang='grc' dir='ltr'><strong><em>ἐν</em></strong></span> <span class='ocrx_word' id='word_1_60' title='bbox 1409 794 1585 872; x_wconf 72' lang='grc' dir='ltr'><strong><em>Ρώμῃ</em></strong></span> <span class='ocrx_word' id='word_1_61' title='bbox 1613 802 1873 872; x_wconf 73' lang='grc' dir='ltr'><strong><em>ἐκκλησία</em></strong></span> 
     </span>
     <span class='ocr_line' id='line_1_10' title="bbox 250 878 1874 984; baseline 0.001 -46.054"><span class='ocrx_word' id='word_1_62' title='bbox 250 878 637 983; x_wconf 51' lang='grc' dir='ltr'><strong><em>ἰικανωτάτην</em></strong></span> <span class='ocrx_word' id='word_1_63' title='bbox 683 881 907 956; x_wconf 83' lang='grc' dir='ltr'><strong><em>γραφὴν</em></strong></span> <span class='ocrx_word' id='word_1_64' title='bbox 951 898 1066 950; x_wconf 83' lang='grc' dir='ltr'><strong><em>τοις</em></strong></span> <span class='ocrx_word' id='word_1_65' title='bbox 1110 889 1465 984; x_wconf 75' lang='grc' dir='ltr'><strong><em>Κορινθίοις,</em></strong></span> <span class='ocrx_word' id='word_1_66' title='bbox 1519 889 1597 950; x_wconf 85' lang='grc' dir='ltr'><strong><em>εἰς</em></strong></span> <span class='ocrx_word' id='word_1_67' title='bbox 1643 882 1874 957; x_wconf 79' lang='grc' dir='ltr'><strong><em>εἰρήνην</em></strong></span> 
     </span>
     <span class='ocr_line' id='line_1_11' title="bbox 197 962 1875 1040; baseline 0.001 -17"><span class='ocrx_word' id='word_1_68' title='bbox 197 984 238 1016; x_wconf 89' lang='lat'><strong><em>10</em></strong></span> <span class='ocrx_word' id='word_1_69' title='bbox 271 962 706 1039; x_wconf 62' lang='grc' dir='ltr'><strong><em>’συμβιβάζουσα</em></strong></span> <span class='ocrx_word' id='word_1_70' title='bbox 752 966 985 1038; x_wconf 78' lang='grc' dir='ltr'><strong><em>αὐτοὺς,</em></strong></span> <span class='ocrx_word' id='word_1_71' title='bbox 1041 970 1133 1024; x_wconf 87' lang='grc' dir='ltr'><strong><em>καὶ</em></strong></span> <span class='ocrx_word' id='word_1_72' title='bbox 1180 965 1495 1025; x_wconf 78' lang='grc' dir='ltr'><strong><em>ἀνανεοῦσα</em></strong></span> <span class='ocrx_word' id='word_1_73' title='bbox 1538 965 1641 1040; x_wconf 85' lang='grc' dir='ltr'><strong><em>τὴν</em></strong></span> <span class='ocrx_word' id='word_1_74' title='bbox 1685 974 1875 1026; x_wconf 85' lang='grc' dir='ltr'><strong><em>πίστιν</em></strong></span> 
     </span>
     <span class='ocr_line' id='line_1_12' title="bbox 251 1044 1871 1125; baseline 0.001 -18.052"><span class='ocrx_word' id='word_1_75' title='bbox 251 1044 481 1108; x_wconf 66' lang='grc' dir='ltr'><strong><em>“αυτων</em></strong></span> <span class='ocrx_word' id='word_1_76' title='bbox 530 1054 621 1108; x_wconf 83' lang='grc' dir='ltr'><strong><em>καὶ</em></strong></span> <span class='ocrx_word' id='word_1_77' title='bbox 661 1050 735 1123; x_wconf 76' lang='grc' dir='ltr'><strong><em>ἣν</em></strong></span> <span class='ocrx_word' id='word_1_78' title='bbox 774 1054 971 1108; x_wconf 85' lang='grc' dir='ltr'><strong><em>νεωστὶ</em></strong></span> <span class='ocrx_word' id='word_1_79' title='bbox 1024 1048 1132 1108; x_wconf 85' lang='grc' dir='ltr'><strong><em>ἀπὸ</em></strong></span> <span class='ocrx_word' id='word_1_80' title='bbox 1171 1076 1283 1108; x_wconf 87' lang='grc' dir='ltr'><strong><em>των</em></strong></span> <span class='ocrx_word' id='word_1_81' title='bbox 1323 1050 1649 1109; x_wconf 80' lang='grc' dir='ltr'><strong><em>ἀποστόλων</em></strong></span> <span class='ocrx_word' id='word_1_82' title='bbox 1688 1050 1871 1125; x_wconf 82' lang='grc' dir='ltr'><strong><em>παρά·-</em></strong></span> 
     </span>
     <span class='ocr_line' id='line_1_13' title="bbox 253 1130 1873 1208; baseline 0.002 -18.078"><span class='ocrx_word' id='word_1_83' title='bbox 253 1130 452 1192; x_wconf 81' lang='grc' dir='ltr'><strong><em>“δοσιν</em></strong></span> <span class='ocrx_word' id='word_1_84' title='bbox 494 1131 756 1208; x_wconf 83' lang='grc' dir='ltr'><strong><em>εἰλήφει”</em></strong></span> <span class='ocrx_word' id='word_1_85' title='bbox 819 1140 867 1192; x_wconf 86' lang='lat'>4</span> <span class='ocrx_word' id='word_1_86' title='bbox 901 1137 993 1192; x_wconf 81' lang='grc' dir='ltr'><strong><em>καὶ</em></strong></span> <span class='ocrx_word' id='word_1_87' title='bbox 1036 1135 1171 1208; x_wconf 77' lang='grc' dir='ltr'><strong><em>μετὰ</em></strong></span> <span class='ocrx_word' id='word_1_88' title='bbox 1212 1138 1420 1208; x_wconf 85' lang='grc' dir='ltr'><strong><em>βραχέα</em></strong></span> <span class='ocrx_word' id='word_1_89' title='bbox 1461 1132 1646 1208; x_wconf 83' lang='grc' dir='ltr'><strong><em>φησὶ</em></strong></span> <span class='ocrx_word' id='word_1_90' title='bbox 1650 1134 1769 1193; x_wconf 85' lang='grc' dir='ltr'><strong><em>τόν</em></strong></span> <span class='ocrx_word' id='word_1_91' title='bbox 1809 1137 1873 1193; x_wconf 78' lang='grc' dir='ltr'><strong><em>δὲ</em></strong></span> 
     </span>
     <span class='ocr_line' id='line_1_14' title="bbox 251 1214 1875 1293; baseline 0.001 -17"><span class='ocrx_word' id='word_1_92' title='bbox 251 1214 584 1291; x_wconf 41' lang='grc' dir='ltr'><strong><em>ἐΚλήμεντα</em></strong></span> <span class='ocrx_word' id='word_1_93' title='bbox 636 1223 834 1276; x_wconf 81' lang='grc' dir='ltr'><strong><em>τοῦτον</em></strong></span> <span class='ocrx_word' id='word_1_94' title='bbox 888 1222 1195 1293; x_wconf 87' lang='grc' dir='ltr'><strong><em>διαδέχεται</em></strong></span> <span class='ocrx_word' id='word_1_95' title='bbox 1243 1217 1588 1292; x_wconf 72' lang='grc' dir='ltr'><strong><em>Εὐάρεστος,</em></strong></span> <span class='ocrx_word' id='word_1_96' title='bbox 1642 1222 1734 1276; x_wconf 85' lang='grc' dir='ltr'><strong><em>καὶ</em></strong></span> <span class='ocrx_word' id='word_1_97' title='bbox 1778 1218 1875 1277; x_wconf 80' lang='grc' dir='ltr'><strong><em>τὸν</em></strong></span> 
     </span>
     <span class='ocr_line' id='line_1_15' title="bbox 253 1298 1874 1377; baseline 0.001 -18"><span class='ocrx_word' id='word_1_98' title='bbox 253 1298 612 1374; x_wconf 43' lang='grc' dir='ltr'><strong><em>(Ἐύάρεστον</em></strong></span> <span class='ocrx_word' id='word_1_99' title='bbox 636 1301 1007 1377; x_wconf 82' lang='grc' dir='ltr'><strong><em>Ἀλέξανδρος.</em></strong></span> <span class='ocrx_word' id='word_1_100' title='bbox 1071 1303 1182 1361; x_wconf 81' lang='grc' dir='ltr'><strong><em>εἷθ’</em></strong></span> <span class='ocrx_word' id='word_1_101' title='bbox 1216 1302 1391 1371; x_wconf 75' lang='grc' dir='ltr'><strong><em>οὕτως</em></strong></span> <span class='ocrx_word' id='word_1_102' title='bbox 1435 1306 1586 1370; x_wconf 79' lang='grc' dir='ltr'><strong><em>ἕκτος</em></strong></span> <span class='ocrx_word' id='word_1_103' title='bbox 1625 1301 1732 1361; x_wconf 81' lang='grc' dir='ltr'><strong><em>ἀπὸ</em></strong></span> <span class='ocrx_word' id='word_1_104' title='bbox 1762 1308 1874 1369; x_wconf 64' lang='grc' dir='ltr'><strong><em>τῶν</em></strong></span> 
     </span>
     <span class='ocr_line' id='line_1_16' title="bbox 196 1385 1873 1461; baseline 0.002 -19"><span class='ocrx_word' id='word_1_105' title='bbox 196 1403 237 1435; x_wconf 83' lang='grc'><strong><em>15</em></strong></span> <span class='ocrx_word' id='word_1_106' title='bbox 254 1385 617 1446; x_wconf 83' lang='grc' dir='ltr'><strong><em>“ἀποστόλων</em></strong></span> <span class='ocrx_word' id='word_1_107' title='bbox 647 1394 979 1445; x_wconf 84' lang='grc' dir='ltr'><strong><em>καθίσταται</em></strong></span> <span class='ocrx_word' id='word_1_108' title='bbox 1009 1386 1247 1460; x_wconf 81' lang='grc' dir='ltr'><strong><em>Ξύστος,</em></strong></span> <span class='ocrx_word' id='word_1_109' title='bbox 1279 1387 1413 1461; x_wconf 77' lang='grc' dir='ltr'><strong><em>μετὰ</em></strong></span> <span class='ocrx_word' id='word_1_110' title='bbox 1447 1389 1508 1445; x_wconf 75' lang='grc' dir='ltr'><strong><em>δὲ</em></strong></span> <span class='ocrx_word' id='word_1_111' title='bbox 1539 1394 1740 1446; x_wconf 82' lang='grc' dir='ltr'><strong><em>τοῦτον</em></strong></span> <span class='ocrx_word' id='word_1_112' title='bbox 1779 1396 1873 1446; x_wconf 89' lang='grc' dir='ltr'><strong><em>Τε-</em></strong></span> 
     </span>
     <span class='ocr_line' id='line_1_17' title="bbox 252 1469 1875 1546; baseline 0.002 -19"><span class='ocrx_word' id='word_1_113' title='bbox 252 1469 584 1544; x_wconf 81' lang='grc' dir='ltr'><strong><em>“λεσφόρος,</em></strong></span> <span class='ocrx_word' id='word_1_114' title='bbox 615 1469 676 1538; x_wconf 76' lang='grc' dir='ltr'><strong><em>ὃς</em></strong></span> <span class='ocrx_word' id='word_1_115' title='bbox 707 1474 796 1530; x_wconf 85' lang='grc' dir='ltr'><strong><em>καὶ</em></strong></span> <span class='ocrx_word' id='word_1_116' title='bbox 826 1471 1060 1540; x_wconf 85' lang='grc' dir='ltr'><strong><em>ἐνδόξως</em></strong></span> <span class='ocrx_word' id='word_1_117' title='bbox 1087 1471 1492 1546; x_wconf 79' lang='grc' dir='ltr'><strong><em>ἐμαρτύρησεν·</em></strong></span> <span class='ocrx_word' id='word_1_118' title='bbox 1525 1474 1875 1546; x_wconf 73' lang='grc' dir='ltr'><strong><em>ἕπειταὙγῖ-</em></strong></span> 
     </span>
     <span class='ocr_line' id='line_1_18' title="bbox 251 1551 1874 1630; baseline 0.001 -18"><span class='ocrx_word' id='word_1_119' title='bbox 251 1551 414 1626; x_wconf 76' lang='grc' dir='ltr'><strong><em>“νος,</em></strong></span> <span class='ocrx_word' id='word_1_120' title='bbox 458 1556 574 1614; x_wconf 81' lang='grc' dir='ltr'><strong><em>εἶτα</em></strong></span> <span class='ocrx_word' id='word_1_121' title='bbox 614 1563 782 1627; x_wconf 87' lang='grc' dir='ltr'><strong><em>Πίος,</em></strong></span> <span class='ocrx_word' id='word_1_122' title='bbox 823 1555 953 1629; x_wconf 84' lang='grc' dir='ltr'><strong><em>μεθ’</em></strong></span> <span class='ocrx_word' id='word_1_123' title='bbox 1000 1554 1067 1614; x_wconf 78' lang='grc' dir='ltr'><strong><em>ὃν</em></strong></span> <span class='ocrx_word' id='word_1_124' title='bbox 1103 1553 1398 1630; x_wconf 75' lang='grc' dir='ltr'><strong><em>Ἀνίκητος.</em></strong></span> <span class='ocrx_word' id='word_1_125' title='bbox 1476 1560 1874 1630; x_wconf 82' lang='grc' dir='ltr'><strong><em>διαδεξαμένου</em></strong></span> 
     </span>
     <span class='ocr_line' id='line_1_19' title="bbox 251 1638 1875 1718; baseline 0.002 -22"><span class='ocrx_word' id='word_1_126' title='bbox 251 1638 385 1696; x_wconf 82' lang='grc' dir='ltr'><strong><em>“τόν</em></strong></span> <span class='ocrx_word' id='word_1_127' title='bbox 409 1639 697 1713; x_wconf 85' lang='grc' dir='ltr'><strong><em>Ἀνίκητον</em></strong></span> <span class='ocrx_word' id='word_1_128' title='bbox 717 1644 976 1713; x_wconf 82' lang='grc' dir='ltr'><strong><em>Σωτῆρος</em></strong></span> <span class='ocrx_word' id='word_1_129' title='bbox 1009 1644 1119 1698; x_wconf 82' lang='grc' dir='ltr'><strong><em>νῦν</em></strong></span> <span class='ocrx_word' id='word_1_130' title='bbox 1143 1639 1439 1718; x_wconf 78' lang='grc' dir='ltr'><strong><em>δωδεκάτῳ</em></strong></span> <span class='ocrx_word' id='word_1_131' title='bbox 1469 1640 1619 1718; x_wconf 74' lang='grc' dir='ltr'><strong><em>τόπῳ</em></strong></span> <span class='ocrx_word' id='word_1_132' title='bbox 1649 1639 1750 1699; x_wconf 81' lang='grc' dir='ltr'><strong><em>τὸν</em></strong></span> <span class='ocrx_word' id='word_1_133' title='bbox 1779 1645 1875 1714; x_wconf 78' lang='grc' dir='ltr'><strong><em>τῆς</em></strong></span> 
     </span>
     <span class='ocr_line' id='line_1_20' title="bbox 252 1721 1874 1798; baseline 0.002 -18"><span class='ocrx_word' id='word_1_134' title='bbox 252 1721 593 1797; x_wconf 80' lang='grc' dir='ltr'><strong><em>“ἐπισκοπης</em></strong></span> <span class='ocrx_word' id='word_1_135' title='bbox 618 1722 725 1782; x_wconf 85' lang='grc' dir='ltr'><strong><em>ἀπὸ</em></strong></span> <span class='ocrx_word' id='word_1_136' title='bbox 747 1729 860 1786; x_wconf 76' lang='grc' dir='ltr'><strong><em>τῶν</em></strong></span> <span class='ocrx_word' id='word_1_137' title='bbox 881 1723 1203 1783; x_wconf 79' lang='grc' dir='ltr'><strong><em>ἀποστόλων</em></strong></span> <span class='ocrx_word' id='word_1_138' title='bbox 1225 1728 1438 1798; x_wconf 89' lang='grc' dir='ltr'><strong><em>κατέχει</em></strong></span> <span class='ocrx_word' id='word_1_139' title='bbox 1459 1728 1665 1797; x_wconf 81' lang='grc' dir='ltr'><strong><em>κλῆρον</em></strong></span> <span class='ocrx_word' id='word_1_140' title='bbox 1689 1722 1874 1783; x_wconf 84' lang='grc' dir='ltr'><strong><em>Ἐλεύ-</em></strong></span> 
     </span>
     <span class='ocr_line' id='line_1_21' title="bbox 196 1803 1873 1884; baseline 0.001 -19"><span class='ocrx_word' id='word_1_141' title='bbox 196 1803 471 1882; x_wconf 71' lang='grc' dir='ltr'><strong><em>20“θερος.</em></strong></span> <span class='ocrx_word' id='word_1_142' title='bbox 533 1814 582 1867; x_wconf 80' lang='grc'><strong><em>5,</em></strong></span> <span class='ocrx_word' id='word_1_143' title='bbox 625 1812 695 1883; x_wconf 83' lang='grc' dir='ltr'><strong><em>τῇ</em></strong></span> <span class='ocrx_word' id='word_1_144' title='bbox 735 1808 878 1884; x_wconf 80' lang='grc' dir='ltr'><strong><em>αὐτῇ</em></strong></span> <span class='ocrx_word' id='word_1_145' title='bbox 918 1809 1064 1878; x_wconf 82' lang='grc' dir='ltr'><strong><em>τάξει</em></strong></span> <span class='ocrx_word' id='word_1_146' title='bbox 1104 1811 1195 1866; x_wconf 89' lang='grc' dir='ltr'><strong><em>καὶ</em></strong></span> <span class='ocrx_word' id='word_1_147' title='bbox 1236 1815 1302 1883; x_wconf 79' lang='grc' dir='ltr'><strong><em>τῇ</em></strong></span> <span class='ocrx_word' id='word_1_148' title='bbox 1343 1807 1485 1884; x_wconf 78' lang='grc' dir='ltr'><strong><em>αὐτῇ</em></strong></span> <span class='ocrx_word' id='word_1_149' title='bbox 1515 1813 1718 1884; x_wconf 81' lang='grc' dir='ltr'><strong><em>διδαχῇ</em></strong></span> <span class='ocrx_word' id='word_1_150' title='bbox 1748 1806 1784 1882; x_wconf 78' lang='grc' dir='ltr'><strong><em>ἦ</em></strong></span> <span class='ocrx_word' id='word_1_151' title='bbox 1813 1833 1873 1866; x_wconf 88' lang='grc' dir='ltr'><strong><em>τε</em></strong></span> 
     </span>
     <span class='ocr_line' id='line_1_22' title="bbox 269 1890 1871 1969; baseline 0.002 -21.044"><span class='ocrx_word' id='word_1_152' title='bbox 269 1890 400 1949; x_wconf 46' lang='grc' dir='ltr'><strong><em>(ἀπὸ</em></strong></span> <span class='ocrx_word' id='word_1_153' title='bbox 445 1918 558 1950; x_wconf 90' lang='grc' dir='ltr'><strong><em>των</em></strong></span> <span class='ocrx_word' id='word_1_154' title='bbox 595 1890 920 1952; x_wconf 74' lang='grc' dir='ltr'><strong><em>ἀποστόλων</em></strong></span> <span class='ocrx_word' id='word_1_155' title='bbox 961 1899 1021 1951; x_wconf 91' lang='grc' dir='ltr'><strong><em>ἐν</em></strong></span> <span class='ocrx_word' id='word_1_156' title='bbox 1051 1897 1118 1967; x_wconf 81' lang='grc' dir='ltr'><strong><em>τῇ</em></strong></span> <span class='ocrx_word' id='word_1_157' title='bbox 1153 1898 1412 1969; x_wconf 82' lang='grc' dir='ltr'><strong><em>ἐκκλησία</em></strong></span> <span class='ocrx_word' id='word_1_158' title='bbox 1443 1892 1749 1966; x_wconf 78' lang='grc' dir='ltr'><strong><em>παράδοσις</em></strong></span> <span class='ocrx_word' id='word_1_159' title='bbox 1780 1896 1871 1951; x_wconf 79' lang='grc' dir='ltr'><strong><em>καὶ</em></strong></span> 
     </span>
     <span class='ocr_line' id='line_1_23' title="bbox 252 1973 1762 2052; baseline 0.002 -21.082"><span class='ocrx_word' id='word_1_160' title='bbox 252 1973 352 2032; x_wconf 84' lang='grc' dir='ltr'><strong><em>“τό</em></strong></span> <span class='ocrx_word' id='word_1_161' title='bbox 382 1982 478 2049; x_wconf 86' lang='grc' dir='ltr'><strong><em>τῆς</em></strong></span> <span class='ocrx_word' id='word_1_162' title='bbox 509 1975 774 2049; x_wconf 84' lang='grc' dir='ltr'><strong><em>ἀληθείας</em></strong></span> <span class='ocrx_word' id='word_1_163' title='bbox 807 1977 1063 2052; x_wconf 86' lang='grc' dir='ltr'><strong><em>κήρυγμα</em></strong></span> <span class='ocrx_word' id='word_1_164' title='bbox 1094 1976 1434 2052; x_wconf 86' lang='grc' dir='ltr'><strong><em>κατήντηκεν</em></strong></span> <span class='ocrx_word' id='word_1_165' title='bbox 1467 1984 1543 2044; x_wconf 85' lang='grc' dir='ltr'><strong><em>εἰς</em></strong></span> <span class='ocrx_word' id='word_1_166' title='bbox 1575 1977 1729 2051; x_wconf 82' lang='grc' dir='ltr'><strong><em>ημᾶς</em></strong></span> <span class='ocrx_word' id='word_1_167' title='bbox 1733 1975 1762 1997; x_wconf 86' lang='grc'><strong><em>”</em></strong></span> 
     </span>
     <span class='ocr_line' id='line_1_24' title="bbox 388 2063 1873 2139; baseline 0.001 -20"><span class='ocrx_word' id='word_1_168' title='bbox 388 2072 486 2120; x_wconf 91' lang='lat' dir='ltr'>V11.</span> <span class='ocrx_word' id='word_1_169' title='bbox 553 2072 683 2137; x_wconf 81' lang='lat' dir='ltr'><strong>[Nic.</strong></span> <span class='ocrx_word' id='word_1_170' title='bbox 723 2074 779 2123; x_wconf 92' lang='lat' dir='ltr'><strong><em>H.</em></strong></span> <span class='ocrx_word' id='word_1_171' title='bbox 819 2075 873 2123; x_wconf 90' lang='grc' dir='ltr'><strong><em>Ε.</em></strong></span> <span class='ocrx_word' id='word_1_172' title='bbox 910 2074 995 2130; x_wconf 83' lang='grc' dir='ltr'><strong><em>Ν,</em></strong></span> <span class='ocrx_word' id='word_1_173' title='bbox 1039 2071 1146 2139; x_wconf 87' lang='lat'>13.]</span> <span class='ocrx_word' id='word_1_174' title='bbox 1232 2065 1415 2120; x_wconf 88' lang='grc' dir='ltr'><strong><em>Ταυτα</em></strong></span> <span class='ocrx_word' id='word_1_175' title='bbox 1467 2063 1496 2119; x_wconf 90' lang='grc' dir='ltr'>ὁ</span> <span class='ocrx_word' id='word_1_176' title='bbox 1552 2068 1873 2135; x_wconf 79' lang='grc' dir='ltr'><strong><em>Εἰρηναῖος,</em></strong></span> 
     </span>
     <span class='ocr_line' id='line_1_25' title="bbox 260 2142 1872 2219; baseline 0.001 -18"><span class='ocrx_word' id='word_1_177' title='bbox 260 2142 621 2210; x_wconf 79' lang='grc' dir='ltr'><strong><em>ἀκουλούθως</em></strong></span> <span class='ocrx_word' id='word_1_178' title='bbox 671 2161 789 2211; x_wconf 83' lang='grc' dir='ltr'><strong><em>ταῖς</em></strong></span> <span class='ocrx_word' id='word_1_179' title='bbox 834 2149 1415 2218; x_wconf 81' lang='grc' dir='ltr'><strong><em>προδιεξοδευθείσαις</em></strong></span> <span class='ocrx_word' id='word_1_180' title='bbox 1455 2144 1592 2218; x_wconf 81' lang='grc' dir='ltr'><strong><em>ἡμῖν</em></strong></span> <span class='ocrx_word' id='word_1_181' title='bbox 1630 2145 1872 2219; x_wconf 77' lang='grc' dir='ltr'><strong><em>ὑπογρά-</em></strong></span> 
     </span>
     <span class='ocr_line' id='line_1_26' title="bbox 196 2222 1871 2304; baseline 0 -18"><span class='ocrx_word' id='word_1_182' title='bbox 196 2245 238 2279; x_wconf 82' lang='lat'><strong><em>25</em></strong></span> <span class='ocrx_word' id='word_1_183' title='bbox 261 2242 367 2297; x_wconf 85' lang='grc' dir='ltr'><strong><em>ψας</em></strong></span> <span class='ocrx_word' id='word_1_184' title='bbox 412 2233 675 2299; x_wconf 87' lang='grc' dir='ltr'><strong><em>ιστορίαις</em></strong></span> <span class='ocrx_word' id='word_1_185' title='bbox 716 2233 776 2286; x_wconf 87' lang='grc' dir='ltr'><strong><em>ἐν</em></strong></span> <span class='ocrx_word' id='word_1_186' title='bbox 816 2237 898 2295; x_wconf 85' lang='grc' dir='ltr'><strong><em>οἱς</em></strong></span> <span class='ocrx_word' id='word_1_187' title='bbox 944 2232 1218 2303; x_wconf 81' lang='grc' dir='ltr'><strong><em>ἐπέγραψε</em></strong></span> <span class='ocrx_word' id='word_1_188' title='bbox 1260 2232 1424 2287; x_wconf 88' lang='grc' dir='ltr'><strong><em>πέντε</em></strong></span> <span class='ocrx_word' id='word_1_189' title='bbox 1465 2222 1590 2286; x_wconf 78' lang='grc' dir='ltr'><strong><em>οὖσι</em></strong></span> <span class='ocrx_word' id='word_1_190' title='bbox 1629 2229 1727 2287; x_wconf 86' lang='grc' dir='ltr'><strong><em>τὸν</em></strong></span> <span class='ocrx_word' id='word_1_191' title='bbox 1757 2229 1871 2304; x_wconf 85' lang='grc' dir='ltr'><strong><em>ἀρι-</em></strong></span> 
     </span>
     <span class='ocr_line' id='line_1_27' title="bbox 259 2310 1871 2387; baseline 0.001 -16"><span class='ocrx_word' id='word_1_192' title='bbox 259 2313 407 2386; x_wconf 88' lang='grc' dir='ltr'><strong><em>θμόν</em></strong></span> <span class='ocrx_word' id='word_1_193' title='bbox 449 2315 674 2385; x_wconf 77' lang='grc' dir='ltr'><strong><em>ἐλέγχου</em></strong></span> <span class='ocrx_word' id='word_1_194' title='bbox 715 2316 807 2370; x_wconf 86' lang='grc' dir='ltr'><strong><em>καὶ</em></strong></span> <span class='ocrx_word' id='word_1_195' title='bbox 849 2310 1161 2387; x_wconf 76' lang='grc' dir='ltr'><strong><em>ἀνατροπῆς</em></strong></span> <span class='ocrx_word' id='word_1_196' title='bbox 1199 2317 1295 2386; x_wconf 85' lang='grc' dir='ltr'><strong><em>τῆς</em></strong></span> <span class='ocrx_word' id='word_1_197' title='bbox 1326 2313 1700 2387; x_wconf 82' lang='grc' dir='ltr'><strong><em>ψευδωνύμου</em></strong></span> <span class='ocrx_word' id='word_1_198' title='bbox 1731 2313 1871 2387; x_wconf 88' lang='grc' dir='ltr'><strong><em>γνω’-</em></strong></span> 
     </span>
     <span class='ocr_line' id='line_1_28' title="bbox 261 2393 1872 2474; baseline -0.001 -19"><span class='ocrx_word' id='word_1_199' title='bbox 261 2417 429 2468; x_wconf 86' lang='grc' dir='ltr'><strong><em>σεως,</em></strong></span> <span class='ocrx_word' id='word_1_200' title='bbox 473 2401 533 2454; x_wconf 90' lang='grc' dir='ltr'><strong><em>ἐν</em></strong></span> <span class='ocrx_word' id='word_1_201' title='bbox 575 2400 817 2474; x_wconf 87' lang='grc' dir='ltr'><strong><em>δευτέρω</em></strong></span> <span class='ocrx_word' id='word_1_202' title='bbox 849 2400 943 2469; x_wconf 79' lang='grc' dir='ltr'><strong><em>τῆς</em></strong></span> <span class='ocrx_word' id='word_1_203' title='bbox 976 2395 1144 2469; x_wconf 80' lang='grc' dir='ltr'><strong><em>αυτῆς</em></strong></span> <span class='ocrx_word' id='word_1_204' title='bbox 1175 2393 1528 2471; x_wconf 85' lang='grc' dir='ltr'><strong><em>υποθέσεως,</em></strong></span> <span class='ocrx_word' id='word_1_205' title='bbox 1562 2423 1647 2456; x_wconf 86' lang='grc' dir='ltr'><strong><em>οτι</em></strong></span> <span class='ocrx_word' id='word_1_206' title='bbox 1679 2398 1747 2471; x_wconf 80' lang='grc' dir='ltr'><strong><em>δὴ</em></strong></span> <span class='ocrx_word' id='word_1_207' title='bbox 1779 2401 1872 2456; x_wconf 82' lang='grc' dir='ltr'><strong><em>καὶ</em></strong></span> 
     </span>
     <span class='ocr_line' id='line_1_29' title="bbox 262 2479 1870 2556; baseline 0.001 -18"><span class='ocrx_word' id='word_1_208' title='bbox 262 2487 339 2548; x_wconf 84' lang='grc' dir='ltr'><strong><em>εἰς</em></strong></span> <span class='ocrx_word' id='word_1_209' title='bbox 392 2479 561 2538; x_wconf 79' lang='grc' dir='ltr'><strong><em>αὐτὸν</em></strong></span> <span class='ocrx_word' id='word_1_210' title='bbox 614 2481 995 2556; x_wconf 83' lang='grc' dir='ltr'><strong><em>ὑποδείγματα</em></strong></span> <span class='ocrx_word' id='word_1_211' title='bbox 1046 2486 1142 2553; x_wconf 86' lang='grc' dir='ltr'><strong><em>τῆς</em></strong></span> <span class='ocrx_word' id='word_1_212' title='bbox 1195 2490 1355 2552; x_wconf 86' lang='grc' dir='ltr'><strong><em>θείας</em></strong></span> <span class='ocrx_word' id='word_1_213' title='bbox 1407 2486 1499 2540; x_wconf 86' lang='grc' dir='ltr'><strong><em>καὶ</em></strong></span> <span class='ocrx_word' id='word_1_214' title='bbox 1550 2482 1870 2555; x_wconf 82' lang='grc' dir='ltr'><strong><em>παραδόξου</em></strong></span> 
     </span>
     <span class='ocr_line' id='line_1_30' title="bbox 262 2564 1869 2639; baseline 0 -16"><span class='ocrx_word' id='word_1_215' title='bbox 262 2564 552 2638; x_wconf 86' lang='grc' dir='ltr'><strong><em>δυνάμεως</em></strong></span> <span class='ocrx_word' id='word_1_216' title='bbox 586 2568 645 2622; x_wconf 85' lang='grc' dir='ltr'><strong><em>ἐν</em></strong></span> <span class='ocrx_word' id='word_1_217' title='bbox 677 2570 988 2639; x_wconf 88' lang='grc' dir='ltr'><strong><em>ἐκκλησίαις</em></strong></span> <span class='ocrx_word' id='word_1_218' title='bbox 1019 2569 1166 2625; x_wconf 79' lang='grc' dir='ltr'><strong><em>τισὶν</em></strong></span> <span class='ocrx_word' id='word_1_219' title='bbox 1194 2565 1584 2638; x_wconf 76' lang='grc' dir='ltr'><strong><em>ὑπολέλειπτο,</em></strong></span> <span class='ocrx_word' id='word_1_220' title='bbox 1625 2567 1716 2624; x_wconf 72' lang='grc' dir='ltr'><strong><em>διὰ</em></strong></span> <span class='ocrx_word' id='word_1_221' title='bbox 1746 2565 1869 2624; x_wconf 82' lang='grc' dir='ltr'><strong><em>τού-</em></strong></span> 
     </span>
     <span class='ocr_line' id='line_1_31' title="bbox 193 2647 1871 2723; baseline 0 -16"><span class='ocrx_word' id='word_1_222' title='bbox 193 2666 238 2699; x_wconf 73' lang='lat'><strong><em>30</em></strong></span> <span class='ocrx_word' id='word_1_223' title='bbox 262 2674 373 2708; x_wconf 88' lang='grc' dir='ltr'><strong><em>των</em></strong></span> <span class='ocrx_word' id='word_1_224' title='bbox 405 2654 820 2722; x_wconf 84' lang='grc' dir='ltr'><strong><em>ἐπισημαίνεται</em></strong></span> <span class='ocrx_word' id='word_1_225' title='bbox 851 2654 1028 2723; x_wconf 86' lang='grc' dir='ltr'><strong><em>λέγων</em></strong></span> <span class='ocrx_word' id='word_1_226' title='bbox 1058 2656 1106 2708; x_wconf 81' lang='grc'><strong><em>2.</em></strong></span> <span class='ocrx_word' id='word_1_227' title='bbox 1138 2647 1439 2710; x_wconf 81' lang='grc' dir='ltr'><strong><em>“τοσοῦτον</em></strong></span> <span class='ocrx_word' id='word_1_228' title='bbox 1474 2652 1535 2709; x_wconf 71' lang='grc' dir='ltr'><strong><em>δὲ</em></strong></span> <span class='ocrx_word' id='word_1_229' title='bbox 1569 2647 1871 2708; x_wconf 83' lang='grc' dir='ltr'><strong><em>ἀποδέουσι</em></strong></span> 
     </span>
    </p>
   </div>
   <div class='ocr_carea' id='block_1_4' title="bbox 258 2774 452 2781">
    <p class='ocr_par' dir='ltr' id='par_1_4' title="bbox 258 2774 452 2781">
     <span class='ocr_line' id='line_1_32' title="bbox 258 2774 452 2781; baseline 0 0"><span class='ocrx_word' id='word_1_230' title='bbox 258 2774 452 2781; x_wconf 95' lang='lat' dir='ltr'><strong><em> </em></strong></span> 
     </span>
    </p>
   </div>
   <div class='ocr_carea' id='block_1_5' title="bbox 453 2775 595 2779">
    <p class='ocr_par' dir='ltr' id='par_1_5' title="bbox 453 2775 595 2779">
     <span class='ocr_line' id='line_1_33' title="bbox 453 2775 595 2779; baseline 0 0"><span class='ocrx_word' id='word_1_231' title='bbox 453 2775 595 2779; x_wconf 95' lang='lat' dir='ltr'><strong><em> </em></strong></span> 
     </span>
    </p>
   </div>
   <div class='ocr_carea' id='block_1_6' title="bbox 372 2843 1046 2897">
    <p class='ocr_par' dir='ltr' id='par_1_6' title="bbox 372 2843 1046 2897">
     <span class='ocr_line' id='line_1_34' title="bbox 372 2843 1046 2897; baseline 0.006 -13"><span class='ocrx_word' id='word_1_232' title='bbox 372 2847 425 2884; x_wconf 90' lang='grc'><strong><em>30</em></strong></span> <span class='ocrx_word' id='word_1_233' title='bbox 455 2844 575 2886; x_wconf 87' lang='lat' dir='ltr'>Iren.</span> <span class='ocrx_word' id='word_1_234' title='bbox 608 2843 667 2894; x_wconf 90' lang='lat'><strong><em>11,</em></strong></span> <span class='ocrx_word' id='word_1_235' title='bbox 699 2845 767 2895; x_wconf 84' lang='lat'><strong><em>31,</em></strong></span> <span class='ocrx_word' id='word_1_236' title='bbox 802 2846 839 2885; x_wconf 85' lang='lat'><strong><em>2.</em></strong></span> <span class='ocrx_word' id='word_1_237' title='bbox 874 2859 916 2897; x_wconf 91' lang='lat' dir='ltr'><strong><em>p.</em></strong></span> <span class='ocrx_word' id='word_1_238' title='bbox 951 2845 1046 2888; x_wconf 84' lang='lat'><strong>164.</strong></span> 
     </span>
    </p>
   </div>
  </div>
 </body>
</html>
