1986 3152
260 131 366 183 402
941 128 1188 170 EUSEBII

260 244 365 304 οὐκ
397 245 487 303 οἶδ
496 244 509 265 ’
538 246 688 311 ὅπως
720 250 780 301 ἔκ
810 267 957 311 τινος
990 241 1367 317 ἀνακινήσεως
1397 245 1562 302 πάλιν
1595 247 1648 313 ἐξ
1680 244 1866 319 ὑπαρ-

260 336 359 404 χής
391 326 420 387 ὁ
453 334 556 386 τοῦ
589 329 808 386 διῶκειν
849 328 953 401 τὴν
996 331 1256 397 ἐξουσίαν
1292 328 1523 402 εἰληχώς
1555 329 1694 386 κατὰ
1727 339 1868 403 Χρι-

263 419 503 472 στιανῶν
543 410 822 471 άνεκάετο.
896 417 946 470 2.
992 412 1220 486 ἀθρόως
1252 411 1310 469 δ’
1345 407 1452 470 οὖν
1483 408 1650 480 αὖθις
1683 418 1867 483 Μαξι-

259 506 427 573 μίνου
460 501 718 574 διαφοιτᾷ
747 496 881 554 καθ’
908 493 1070 571 ἡμῶν
1101 503 1389 571 πανταχοῦ
1419 499 1714 573 γράμματα
1743 498 1866 556 κατ’

217 609 236 641 5
263 587 564 657 ἐπαρχίαν,
607 582 877 656 ἡγεμόνες
916 606 974 640 τε
1011 584 1106 639 καὶ
1147 585 1373 658 προσέτι
1415 581 1443 640 ὁ
1476 588 1591 639 τῶν
1635 601 1867 657 στρατο-

258 670 447 726 πέδων
485 667 676 743 ἄρχειν
719 669 1141 741 ἐπιτεταγμένος
1180 666 1577 742 προγράμμασι
1616 669 1708 724 καὶ
1749 671 1869 725 ἐπι-
1946 666 1951 671 ’

259 761 480 820 στολαῖς
521 754 615 810 καὶ
660 757 945 826 δημοσίοις
987 752 1318 826 διατάγμασι
1355 752 1488 819 τούς
1531 755 1591 810 ἐν
1632 750 1872 819 ἁπάσαις

258 838 452 896 πόλεσι
500 837 759 909 λογιστάς
803 837 916 910 ἅμα
968 850 1295 912 στρατηγοῖς
1339 838 1432 893 καὶ
1481 844 1872 912 ταβουλαρίοις

260 924 602 997 ἐπέσπερχον
662 922 724 979 τὸ
783 921 1072 994 βασιλικὸν
1116 927 1194 989 εἰς
1246 922 1418 996 πέρας
1471 921 1627 994 ἄγειν
1677 922 1865 997 πρόσ-

195 1034 235 1066 10
257 1031 468 1080 ταγμα,
524 1012 758 1064 κελεῦον
805 1001 878 1072 ῶς
920 1005 991 1063 ἂν
1039 1004 1176 1080 μετὰ
1228 1011 1478 1079 σπουδῆς
1521 1007 1701 1080 πάσης
1752 1011 1871 1063 τῶν

256 1092 360 1166 μὲν
392 1091 642 1148 εἰδώλων
665 1090 1085 1164 ἄνοικοδομοῖεν
1107 1090 1174 1147 τοὶ
1202 1089 1558 1164 πεπτωκότα,
1590 1092 1870 1164 πανδημεὶ

259 1178 321 1233 δὲ
353 1177 562 1241 πάντας
594 1175 807 1250 ἄνδρας
848 1171 961 1248 ἅμα
991 1176 1213 1247 γυναιξὶ
1242 1176 1336 1231 καὶ
1367 1176 1606 1243 οἰκέταις
1636 1177 1730 1233 καὶ
1761 1174 1868 1232 αὐ.-

255 1274 372 1327 τοῖς
403 1256 728 1333 ύπομαζίοις
760 1260 916 1316 παισὶ
944 1260 1112 1317 θύειν
1143 1261 1237 1316 καὶ
1270 1261 1558 1333 σπένδειν,
1591 1259 1782 1318 αὐτῶν
1810 1283 1870 1317 τε

257 1343 499 1420 ἀκριβῶς
539 1350 654 1402 τῶν
697 1347 917 1416 ἐναγῶν
956 1343 1339 1418 ἀπογεύεσθαι
1366 1350 1588 1402 θυσιῶν
1618 1345 1870 1419 ἐπιμελὲς

194 1456 234 1487 15
259 1443 537 1503 ποιοῖντο,
591 1431 686 1486 καὶ
728 1429 795 1486 τοὶ
837 1429 943 1502 μὲν
983 1428 1105 1487 κατ’
1152 1428 1368 1504 άγοράν
1417 1429 1554 1487 ῶνια
1591 1443 1714 1497 ταῖς
1755 1428 1867 1487 ἆπό

254 1521 368 1572 τῶν
406 1519 629 1572 θυσιῶν
671 1519 942 1581 σπονδαῖς
994 1514 1460 1588 καταμολύνοιτο,
1511 1515 1766 1589 πρόσθεν
1807 1515 1870 1572 δὲ

255 1605 370 1657 τῶν
401 1604 659 1674 λουτρῶν
691 1604 917 1673 ἔφεδροι
945 1600 1408 1671 κατατάσσοιντο,
1442 1595 1515 1666 ῶς
1541 1597 1613 1657 ἂν
1641 1598 1776 1667 τούς
1808 1602 1869 1657 ἐν

254 1685 473 1752 τούτοις
496 1683 1053 1759 ἆποκαθαιρομένους
1074 1697 1196 1751 ταῖς
1221 1684 1553 1758 παμμιάροις
1572 1684 1870 1758 μολύνοιεν

254 1775 497 1836 θυσίαις.
559 1773 608 1826 3.
655 1769 874 1826 τούτων
906 1774 1045 1842 δῆτα
1075 1769 1254 1836 οὕτως
1298 1770 1767 1842 ἐπιτελουμένων,
1813 1772 1866 1838 ἐξ

193 1880 233 1912 20
255 1853 514 1929 ὑπαρχῆς
543 1877 602 1911 τε
631 1859 746 1911 τῶν
776 1849 1061 1960 ἡμετέρων
1083 1860 1348 1929 πλείστη,
1379 1849 1470 1911 οἷα
1501 1853 1568 1926 δὴ
1594 1853 1744 1921 είκὸς
1774 1878 1867 1927 ην,

255 1944 516 2014 φροντίδι
548 1941 970 2013 συνεχομένων,
1012 1944 1127 1996 τῶν
1168 1963 1227 1997 τε
1256 1938 1509 1996 ἀπίστων
1542 1942 1730 1996 ἐθνῶν
1759 1945 1865 2012 βα-

255 2036 416 2098 ρεῖαν
457 2029 571 2081 τῶν
621 2026 932 2098 γινομένων
983 2025 1077 2081 καὶ
1118 2023 1273 2082 ῶσόιν
1314 2022 1575 2099 περιττὴν
1613 2021 1721 2097 ἤδη
1762 2023 1868 2096 τὴν

255 2106 491 2164 ἀτοπίαν
520 2110 1063 2182 καταμεμφομένων,
1105 2108 1417 2183 (προσκορῆ
1455 2107 1566 2182 γάρ
1597 2109 1691 2164 καὶ
1721 2131 1865 2183 φορ-

254 2191 374 2248 τικοὶ
406 2196 581 2249 ταῦτα
609 2194 703 2249 καὶ
734 2191 927 2258 αὐτοῖς
959 2193 1101 2250 εἶναι
1132 2191 1552 2266 κατεφαίνετο),
1595 2199 1865 2270 μεγίστου

196 2300 238 2333 25
259 2300 318 2333 τε
348 2282 614 2349 χειμῶνος
637 2289 753 2343 τοῖς
779 2282 1031 2350 πανταχῆ
1055 2282 1225 2334 πᾶσιν
1258 2278 1661 2352 ἐπηρτημένου,
1688 2276 1866 2350 τοῦμ-

253 2368 423 2417 παλιν
452 2359 484 2433 ἡ
514 2368 647 2418 θεία
676 2366 776 2418 τοῦ
809 2367 1054 2435 σωτῆρος
1086 2360 1243 2435 ἡμῶν
1275 2363 1513 2435 δύναμις
1542 2375 1659 2428 τοῖς
1690 2361 1867 2434 αὐτῆς

253 2444 527 2518 ἀθληταῖς
544 2446 756 2521 θάρσος
771 2452 1042 2504 τοσοῦτον
1066 2450 1282 2506 ἐνέπνει
1307 2471 1378 2514 ως
1395 2446 1526 2521 μηδ’
1548 2448 1865 2520 ἐπισπωμέ-

251 2554 357 2588 νου
375 2530 527 2598 τινὸς
550 2530 680 2604 μηδ’
704 2535 960 2599 ε’λκοντος
976 2556 1078 2605 την
1099 2537 1214 2589 τῶν
1229 2532 1515 2590 τοσούτων
1530 2544 1866 2589 καταπατεῖν

252 2613 504 2688 απειλήν.
578 2620 626 2673 4.
674 2615 844 2690 ὁμόσε
886 2617 955 2690 δη
996 2623 1102 2675 ούν
1132 2630 1281 2692 τρεῖς
1313 2617 1714 2690 συνταξάμενοι
1751 2621 1866 2673 τῶν

188 2725 230 2758 30
254 2705 466 2759 πιστῶν
527 2703 867 2774 ἐπιπηδῶσιν
927 2702 1177 2769 ειδώλοις
1227 2702 1432 2759 θύοντι
1489 2707 1566 2759 τῶ
1620 2701 1862 2776 άρχοντι,

254 2786 581 2844 παύσασθαι
610 2791 708 2859 τῆς
740 2787 953 2859 πλάνης
986 2787 1353 2861 ἐμβοῶμενοι·
1398 2786 1472 2860 μὴ
1517 2786 1625 2861 γὰρ
1657 2785 1726 2858 δὴ
1759 2785 1862 2842 ἅλ-

252 2879 353 2929 λον
391 2869 667 2945 ὑπάρχειν
719 2871 867 2944 πλὴν
908 2878 1009 2930 τοῦ
1050 2877 1165 2929 τῶν
1205 2872 1353 2929 ὅλων
1395 2876 1627 2944 ποιητοῦ
1669 2894 1728 2928 τε
1768 2871 1864 2927 καὶ
