2032 3174
562 125 721 169 Hls'r.
755 125 1007 170 ECCLES.
1038 128 1073 168 1.
1096 128 1135 167 8.
1169 130 1207 169 9.
1623 126 1691 178 33

86 246 227 298 δίου.
318 238 529 306 τούτοις
585 238 638 296 δ’
686 239 713 297 5
771 239 1157 314 εὐαγγελιστὴς
1214 244 1460 315 ἐπιφέρει
1515 243 1693 314 λέγων

77 322 354 392 “άκούσας
400 321 452 381 δ’
501 324 583 380 ὅτι
624 321 909 398 Ἀρχέλαος
965 324 1246 397 βασιλεύει
1290 330 1385 398 τῆς
1424 324 1692 394 Ἰουδαίας

84 407 207 467 ἀντὶ
237 413 336 465 τοῦ
367 406 569 480 πατρὸς
601 406 775 466 αὐτοῦ
798 407 1049 481 Ἡρώδου
1091 409 1344 482 ἐφοβήθη
1372 414 1487 467 ἐκεῖ
1523 408 1692 467 ἀπελ-

84 504 242 551 θεῖν·
290 496 683 566 χρηματισθεὶς
715 495 775 550 δὲ
815 491 933 550 κατ’
967 491 1103 565 ὄναρ
1135 493 1488 567 ἀνεχώρησεν
1519 501 1596 560 εἰς
1626 495 1691 551 τὰ

92 581 230 651 μέρη
260 585 354 649 τῆς
386 574 740 644 Γαλιλαίας.”

215 673 290 722 ΙΧ.
348 666 426 735 Τῇ
461 660 508 717 δ’
549 663 636 717 ε’πὶ
678 660 779 732 τὴν
818 659 994 733 ἀρχην
1024 661 1157 733 μετά
1187 660 1284 718 τὸν
1307 658 1564 735 Ηρώδην
1593 666 1694 719 τοῦ

81 745 375 818 Ἀρχελάου
425 743 752 802 καταστάσει
805 744 1036 820 συνᾴδει
1090 748 1179 801 καὶ
1231 744 1259 801 5
1301 750 1693 853 προειρημένος

85 829 386 901 ἱστορικὸς,
431 828 528 885 τόν
572 852 631 884 τε
674 828 879 900 τρόπον
923 828 1294 902 ἀναγράφων,
1340 830 1472 887 καὝθ
1524 828 1589 887 ὃν
1636 834 1693 887 ἐκ

87 918 374 984 διαθηκῶν
397 908 649 984 Ηρώδου
679 918 776 970 τοῦ
817 912 1049 984 πατρὸς,
1093 912 1414 983 ἐπικρίσει-ἇς
1455 938 1513 970 τε
1551 921 1695 971 Καί-

85 1015 249 1070 σαρος
282 993 638 1068 Αὐγούστου,
670 1022 772 1068 την
797 996 931 1054 κατὰ
959 996 1244 1056 Ἰουδαίων
1267 1003 1558 1068 βασιλειάν
1585 1004 1691 1055 διε-

87 1084 303 1153 δέξατο,
335 1085 427 1138 καὶ
459 1080 532 1147 ὡς
562 1085 656 1153 τῆς
687 1081 857 1155 ἀρχῆς
901 1080 1035 1155 μετὰ
1069 1084 1297 1154 δεκαέτη
1329 1080 1530 1155 χρόνον
1561 1081 1692 1140 ἀπο-

84 1164 344 1231 πεσόντος
375 1190 426 1221 οι
456 1163 690 1238 ἀδελφοὶ
724 1165 997 1231 Φίλιππός
1027 1191 1085 1223 τε
1116 1169 1208 1222 καὶ
1238 1163 1266 1223 5
1298 1168 1420 1233 νέος
1445 1165 1693 1239 Ἡρώδης

85 1274 195 1322 αμα
227 1256 484 1325 Λυσανίᾳ
524 1249 619 1317 τοὶς
661 1253 872 1307 ἑαυτων
918 1256 1135 1308 διεῖπον
1180 1258 1516 1323 τετραρχίας.
1578 1256 1626 1308 2.
1664 1251 1692 1307 5

89 1331 141 1389 δ’
178 1331 340 1398 αὐτὸς
373 1337 432 1390 ἐν
460 1331 912 1411 ὀκτωκαιδεκάτῳ
935 1338 1030 1406 τῆς
1054 1332 1437 1407 ἀρχαιολογίας
1470 1333 1605 1391 κατά
1634 1334 1694 1392 τὸ

89 1419 403 1474 δωδέκατον
435 1423 550 1483 ἔτος
590 1423 684 1490 τῆς
723 1425 984 1491 Τιβερίου
1026 1425 1307 1490 βασιλείας
1340 1419 1559 1492 (τοῦτον
1589 1418 1693 1491 γάρ

88 1500 190 1573 τὴν
227 1500 359 1557 καθ’
397 1498 542 1558 ὅλων
588 1500 763 1575 ἀρχὴν
795 1505 1156 1570 διαδέξασθαι
1205 1503 1340 1559 ἑπτὰ
1374 1506 1462 1559 ἐπὶ
1493 1503 1696 1575 πεντή-

88 1608 252 1641 κοντα
295 1590 439 1642 ἔτεσι
482 1585 582 1656 τὴν
621 1586 926 1659 ἡγεμονίαν
973 1586 1435 1658 ἐπικρατήσαντος
1468 1588 1696 1658 Αὐγού-

86 1668 243 1742 στου)
276 1667 517 1726 Πόντιον
547 1673 794 1728 Πιλοῖτον
827 1674 1191 1742 ἐπιτραπῆναι
1234 1677 1394 1742 δηλοῖ
1432 1669 1532 1742 τὴν
1557 1670 1697 1728 Ἰου-

35 1771 39 1774 ’
90 1757 280 1824 δαίαν,
329 1757 573 1810 ἐνταῦθα
621 1755 683 1810 δὲ
729 1751 819 1826 ἐφ’
851 1752 996 1820 ὅλοις
1029 1762 1170 1811 ἔτεσι
1214 1757 1346 1811 δέκα
1387 1754 1587 1827 σχεδὸν
1620 1761 1696 1821 εἰς

89 1834 265 1908 αὐτὴν
295 1852 631 1910 παραμεῖναι
655 1836 756 1910 τὴν
781 1844 1039 1910 Τιβερίου
1062 1838 1354 1939 τελευτήν.
1404 1843 1450 1896 3.
1486 1836 1694 1896 οὐκοῦν

89 1939 278 1994 σαφως
308 1918 707 1995 άπελήλεγκται
736 1922 795 1979 τὸ
829 1922 1052 1996 πλάσμα
1082 1947 1193 1980 των
1223 1921 1360 1980 κατὰ
1389 1928 1486 1979 τοῦ
1519 1942 1692 1995 σωτη-

91 2028 182 2076 ρος
213 2003 370 2077 ἡμων
413 2003 780 2080 υπομνήματα
825 2008 958 2110 χθες
1004 2010 1096 2064 καὶ
1128 2006 1321 2081 πρωήν
1355 2007 1696 2063 διαδεδωκό-

89 2113 229 2160 των,
288 2092 346 2146 ἐν
389 2097 470 2158 οἱς
516 2114 729 2163 πρωτος
775 2090 940 2159 αὐτὸς
983 2090 1010 2148 5
1057 2098 1152 2164 τῆς
1197 2090 1695 2164 παρασημειεόσεως

89 2171 281 2246 χρόνος
311 2197 423 2230 των
453 2176 814 2233 πεπλακότων
843 2173 1110 2250 άπελέγχε
1115 2202 1132 2233 ι
1162 2177 1220 2233 τὸ
1252 2181 1470 2243 ψεῦδος
1524 2180 1573 2232 4
1609 2179 1698 2232 ἐπὶ

89 2262 181 2329 τῆς
225 2256 482 2330 τετάρτης
535 2265 674 2333 γοῦν
727 2259 991 2327 ὑπατείας
1046 2267 1333 2333 Τιβερίου,
1389 2258 1422 2332 ἣ
1468 2262 1696 2332 γέγονεν
1719 2286 1759 2316 215

92 2346 245 2406 ἔτους
279 2342 519 2414 ἑβδόμου
550 2349 644 2416 τῆς
677 2351 959 2416 βασιλείας
1002 2342 1201 2415 αὐτοῦ,
1247 2344 1312 2401 τὰ
1343 2346 1470 2417 περὶ
1502 2344 1561 2400 τὸ
1593 2363 1695 2400 σω-

90 2422 280 2495 τήριον
310 2425 488 2493 πάθος
534 2427 720 2495 αὐτοῖς
764 2432 1110 2502 τολμηθέντα
1150 2430 1415 2502 περιέχει,
1463 2425 1597 2485 καθ’
1631 2426 1697 2485 ὃν

94 2512 375 2565 δείκνυται
404 2509 604 2583 χρόνον
633 2511 760 2584 μηδ’
793 2512 1014 2579 ἐπιστάς
1039 2535 1123 2570 πω
1155 2517 1219 2588 τῇ
1246 2511 1487 2588 Ἰουδαία
1520 2515 1694 2570 Πιλοῖ-

91 2615 199 2663 τος,
229 2601 282 2648 εἴ
298 2615 361 2664 γε
387 2599 461 2669 ’τῷ
478 2593 725 2672 Ἰωσήπῳ
748 2597 983 2670 μάρτυρι
1006 2596 1319 2671 χρήσασθαι
1338 2599 1485 2669 δέον,
1506 2599 1696 2668 σαφῶς

205 2816 229 2853 2
260 2815 423 2855 Matth.
448 2818 487 2867 2,
512 2819 577 2856 22.
753 2820 778 2859 8
811 2818 862 2859 A.
887 2819 1155 2868 1.XV11‚8.
1217 2819 1268 2858 Β.
1292 2819 1327 2858 Ι.
1351 2818 1386 2868 1,
1414 2821 1481 2863 33,
1506 2820 1545 2857 9.

101 2868 152 2907 18
181 2869 234 2908 A.
258 2871 293 2912 Ι.
318 2872 483 2921 xvm,
507 2874 546 2922 2,
570 2875 609 2912 2.

176 2950 405 2980 EUSEBIUS
439 2953 504 2983 lv.
1359 2962 1391 2989 ί)

1714 603 1734 634 5

1718 1023 1755 1054 10

1721 1443 1758 1474 15

1716 1867 1756 1898 20
