2032 3174
336 158 481 199 XLIV
1042 155 1167 198 CAP.
1198 158 1237 197 2.

337 269 402 320 de
440 268 616 321 medio
656 269 780 320 rubi
818 275 872 320 et
909 267 1074 319 dixit:
1123 265 1333 334 MoseS,
1383 267 1594 320 Moses!
1668 269 1951 339 Repondit

336 352 663 419 „Adsum.“
732 352 917 419 Dixit,
966 370 1035 403 ne
1081 351 1189 403 huc
1236 351 1465 404 accedas
1479 393 1494 419 ,
1544 352 1695 406 solve
1741 354 1946 406 calcea-

335 444 577 489 mentum
625 437 692 488 de
739 435 972 506 pedibus
1021 436 1129 488 tuis
1178 435 1306 506 quia
1350 434 1526 503 locuS,
1572 437 1629 488 in
1666 455 1772 506 quo
1811 444 1948 505 staS,

334 531 481 573 terra
517 530 703 573 sancta
739 528 837 572 est.
912 519 986 572 Et
1023 519 1164 572 dixit
1201 520 1274 571 ei:
1316 520 1480 588 „Ego
1519 539 1638 573 sum
1664 521 1816 573 Deus
1855 539 1951 591 pa·

334 606 435 657 tris
480 606 585 670 tui,
634 605 786 657 Deus
827 602 1156 672 Abrahami,
1209 604 1362 656 Deus
1412 604 1618 671 Isaaci,
1665 604 1816 656 Deus
1857 604 1946 656 Ja-

335 689 516 740 cobi.“
601 692 632 755 ξ
675 689 758 740 14.
822 687 972 756 Ergo
1020 689 1312 740 essentiam
1356 688 1843 758 praeexistentem,
1893 697 1948 743 et

333 773 703 842 manifestam,
760 781 887 826 ante
931 771 1194 823 mundum
1242 772 1592 839 existentem,
1649 773 1951 840 viventem,

334 875 432 926 per
470 875 528 909 se
573 857 751 927 ipsam
788 855 1112 926 perfectam,
1159 873 1300 926 quae
1335 856 1667 909 ministravit
1703 856 1856 909 Patri
1894 867 1949 910 et

334 941 454 993 Deo
494 941 735 995 omnium
763 940 1185 1009 (creaturarum)
1216 940 1274 991 in
1306 939 1665 1011 dispositione
1692 942 1952 1008 omnium,

335 1043 472 1094 quae
516 1033 701 1078 creata
747 1033 901 1092 sunt,
958 1024 1224 1095 appellari
1278 1024 1458 1076 Deum
1506 1032 1560 1076 et
1607 1025 1952 1094 sapientiam,

335 1127 455 1161 eam
483 1109 774 1161 ‘exstitisse
813 1116 936 1162 ante
973 1109 1220 1164 Verbum
1256 1109 1437 1161 Deum
1483 1107 1818 1179 singulisque
1854 1109 1947 1162 ho-

334 1193 572 1246 minibus
611 1194 952 1263 apparuisse,
1002 1194 1215 1246 etiamsi
1251 1211 1359 1246 non
1397 1194 1645 1246 omnibus
1656 1232 1670 1258 ,
1709 1193 1793 1244 his
1834 1194 1948 1245 exi—

333 1278 456 1346 guis
496 1277 828 1346 argumentis
869 1276 1240 1331 demonstrare
1278 1296 1553 1330 conamur.
1629 1281 1661 1344 §
1702 1278 1784 1331 17.
1842 1277 1950 1330 Sed

333 1380 591 1432 expresse
629 1364 1092 1427 demonstremUS,
1132 1379 1294 1431 quam
1332 1363 1402 1414 ob
1441 1379 1660 1413 causam
1695 1380 1804 1414 non
1839 1380 1951 1414 om-

332 1446 494 1499 nibus
541 1444 757 1517 populis
808 1445 1122 1516 praedicata
1167 1445 1354 1497 fuerit.
1435 1444 1626 1497 Prisca
1671 1444 1950 1498 hominum

332 1529 559 1583 vivendi
594 1530 733 1582 ratio
772 1547 881 1582 non
914 1536 1129 1600 poterat
1161 1547 1354 1600 capere
1390 1528 1697 1582 doctrinam
1735 1529 1951 1599 sapien-

332 1615 442 1667 tiae
487 1612 759 1684 gloriosae
799 1611 1019 1666 Christi.
1105 1616 1137 1679 ξ
1178 1614 1260 1666 18.
1327 1613 1510 1679 Quum
1557 1613 1700 1665 enim
1738 1614 1948 1683 primus

331 1700 490 1750 homo
521 1700 743 1768 jussum
767 1697 876 1749 Dei
901 1697 1269 1767 repudiasset,
1309 1699 1557 1767 privatus
1595 1706 1678 1749 est
1707 1697 1787 1765 [B.
1817 1696 1950 1749 add.

331 1781 549 1850 „hac“]
596 1781 713 1834 vita
761 1780 911 1833 felici
962 1790 1015 1834 et
1063 1781 1244 1834 subito
1292 1781 1349 1832 in
1403 1781 1544 1833 hanc
1590 1782 1763 1834 vitam
1809 1799 1950 1834 mor-

331 1865 496 1918 talem
549 1864 970 1935 temporalitatis
1044 1865 1277 1934 exiguae
1337 1865 1542 1917 decidit
1597 1873 1651 1917 et
1711 1882 1949 1917 commu-

332 1950 474 2003 tavit
528 1948 678 2001 illam
723 1948 1134 2002 retributionem
1183 1949 1427 2002 divinam
1483 1968 1605 2002 cum
1655 1948 1757 2000 hac
1800 1956 1952 2001 terra

333 2033 712 2086 execrationis.
795 2031 978 2103 Hujus
1039 2041 1221 2085 autem
1277 2034 1482 2104 posteri
1528 2040 1699 2085 totam
1746 2040 1946 2085 terram

330 2116 725 2187 impleverunt,
786 2135 893 2168 uno
950 2116 1039 2170 vel
1099 2117 1312 2170 duobus
1372 2117 1644 2188 exceptiS,
1709 2115 1802 2169 illo
1858 2115 1946 2168 de-

331 2202 556 2254 teriores
614 2201 750 2253 facti
809 2197 962 2267 sunt,
1022 2201 1181 2271 quasi
1229 2200 1299 2252 ad
1355 2202 1531 2253 instar
1579 2201 1822 2253 ferarum
1867 2200 1951 2254 vi-

330 2293 474 2352 tam,
523 2302 663 2355 quae
699 2301 809 2335 non
846 2285 962 2338 vita
998 2284 1132 2352 fuit,
1184 2285 1287 2338 sibi
1334 2285 1704 2338 adsciverunt.
1787 2287 1819 2351 ἓ
1861 2284 1945 2336 19.

332 2369 441 2422 Sed
500 2367 842 2435 intellectUS,
914 2386 1089 2421 mores
1152 2369 1241 2422 vel
1303 2369 1572 2440 sapientia
1631 2369 1688 2420 in
1750 2369 1945 2419 animis

332 2470 519 2504 eorum
555 2453 954 2520 moriebantur3
1003 2452 1179 2522 legem
1220 2453 1312 2521 [B.
1349 2452 1527 2522 leges]
1568 2470 1699 2507 vero
1738 2460 1790 2504 et
1825 2451 1948 2504 reli—

330 2538 543 2605 gionem
586 2535 682 2607 [B.
721 2535 1047 2605 religiones]
1089 2546 1182 2590 aut
1229 2538 1490 2590 virtutem
1537 2537 1835 2607 sapientiae
1878 2554 1947 2588 ne

330 2621 549 2672 nomine
587 2620 806 2690 quidem
844 2628 1139 2687 noverant,
1180 2621 1275 2673 sed
1314 2629 1503 2691 utpote
1541 2639 1678 2689 grex
1710 2621 1951 2672 ferarum

338 2712 392 2756 et
443 2702 744 2755 crudelium
791 2723 888 2774 per
936 2703 1206 2756 desertum
1256 2705 1604 2774 vagabantur
1652 2712 1705 2756 et
1750 2703 1952 2772 cogita-

330 2788 510 2841 tiones
551 2787 750 2858 probas
802 2788 907 2841 sibi
955 2806 987 2839 a
1033 2796 1230 2840 natura
1276 2788 1468 2842 insitas
1518 2797 1570 2840 et
1616 2788 1823 2840 semina
1862 2786 1953 2855 [Β.

336 2874 545 2939 semen]
576 2872 730 2924 mitia
759 2872 1016 2925 scientiae
1043 2880 1429 2943 oppresserunt
1464 2871 1546 2941 [B.
1573 2865 1948 2941 corruperunt]
