1986 3152
310 166 407 217 132
958 168 1208 210 EUSEBII

303 283 575 353 γελισταὶ,
620 280 832 338 τούτων
875 281 1097 348 εἰκότως
1130 281 1236 350 ἐξ’
1213 282 1475 356 ονόματος
1505 291 1691 360 γραφῇ
1722 285 1910 359 μόνων
1956 275 1976 346 ⁷}

303 364 406 436 τὴν
436 363 658 437 μνήμην
689 372 1151 438 κατατεθείμεθα,
1185 391 1264 423 ων
1295 375 1374 424 ἔτι
1403 371 1496 425 καὶ
1524 394 1635 427 νυν
1668 377 1743 437 εἰς
1769 367 1909 443 ἡμᾶς
1955 374 1975 420 .'·‹

306 447 377 505 δι’
413 447 826 554 ὑπομνημάτων
855 454 951 519 τῆς
981 447 1343 524 άποστολικῆς
1369 453 1778 545 6t6oc6uoch‘ocg‘
1751 479 1783 526 η
1809 478 1909 512 πα·
1955 443 1971 505 ⁷¹s

304 532 528 604 ράδοσις
560 537 812 605 φέρεται
1785 584 1788 587 .
1950 510 1977 694 ἴ

261 647 280 679 5
428 629 682 678 xxxvm
741 629 867 695 [Nic.
898 630 953 678 H.
984 630 1145 686 E.111,
1179 627 1277 696 18]
1351 617 1534 694 ω’σπερ
1579 643 1683 678 ουν
1722 618 1910 694 άμέλει

299 704 399 758 τοῦ
422 700 692 774 Ἰγνατίου
727 706 786 759 ἐν
817 699 903 769 αἷς
935 705 1297 776 κατελέξαμεν
1330 707 1659 776 ἐπιστολαῖς,
1691 707 1782 762 καὶ
1811 709 1910 763 τοῦ
1951 713 1983 779 ἔἸ

299 784 616 858 Κλήμεντος
651 790 710 843 ἐν
740 789 807 861 τῇ
838 786 1303 860 ἀνωμολογημένῃ
1336 787 1483 861 παρὰ
1514 792 1713 860 πᾶσιν,
1746 786 1817 860 ἣν
1849 793 1910 847 ἐκ

299 869 601 942 προσώπου
652 877 746 942 τῆς
791 869 1070 943 Ρωμαίων
1124 875 1411 944 ἐκκλησίας
1464 876 1529 946 τῇ
1582 873 1963 946 Κορινθίωνῖ

301 953 708 1027 διετυποόσατο,
754 959 814 1011 ἐν
852 947 889 1027 ᾗ
928 959 1023 1027 τῆς
1064 956 1197 1028 πρὸς
1232 954 1520 1029 Εβραίους
1560 955 1735 1014 πολλα
1774 955 1911 1030 νοή-
1950 973 1959 1031 ff

237 1068 278 1100 10
302 1062 444 1110 ματα
483 1042 782 1110 παραθεὶς,
836 1037 943 1111 ήδη
987 1040 1046 1095 δὲ
1088 1042 1178 1096 καὶ
1220 1037 1499 1107 αὐτολεξεὶ
1542 1044 1725 1113 ῥητοῖς
1765 1043 1912 1098 τισὶν
1951 1060 1955 1090 ῑ

304 1125 356 1189 ἐξ
390 1119 559 1193 αυτῆς
591 1124 958 1195 χρησάμενος,
1003 1126 1316 1194 σαφέστατα
1357 1130 1690 1196 παρίστησιν
1719 1123 1801 1181 ὅτι
1832 1124 1906 1197 μὴ

301 1208 430 1262 νέον
459 1205 698 1278 ὑπάρχει
728 1206 788 1262 τὸ
820 1205 1168 1279 σύγγραμμα.
1222 1212 1270 1264 2.
1304 1206 1443 1264 ὅθεν
1467 1207 1534 1278 δὴ
1565 1210 1657 1264 καὶ
1690 1207 1910 1274 εἰκότως

303 1293 490 1357 ἔδοξεν
531 1288 663 1347 αὐτὸ
705 1305 817 1355 τοῖς
859 1299 1088 1356 λοιποῖς
1113 1293 1581 1363 ἐγκαταλεχθῆναι
1629 1291 1910 1364 γράμμασι

301 1376 399 1430 τοῦ
429 1371 753 1432 ἀποστόλου.
801 1372 1074 1447 Ἑβραίοις
1104 1373 1208 1446 γὰρ
1243 1373 1333 1430 διὰ
1355 1378 1450 1445 τῆς
1475 1381 1712 1446 πατρίου
1736 1375 1912 1447 γλω’τ-

240 1486 279 1518 15
302 1482 396 1529 της
439 1457 726 1531 ἐγγράφως
768 1457 1102 1531 ὡμιληκότος
1141 1463 1239 1515 τοῦ
1281 1457 1515 1519 Παύλου
1563 1464 1620 1515 oc
1667 1460 1768 1532 μὲν
1817 1458 1913 1516 τὸν
1970 1522 1971 1525 ¹

303 1541 702 1615 εὐαγγελιστὴν
745 1548 998 1613 Λουκᾶν,
1043 1546 1100 1598 oc
1140 1543 1201 1599 δὲ
1243 1545 1340 1599 τὸν
1383 1541 1677 1615 Κλήμεντά
1715 1547 1913 1599 τοῦτον
1955 1549 1967 1607 ,’

302 1626 476 1684 αὐτὸν
517 1629 853 1699 ἑρμηνεῦσαι
893 1629 1117 1697 λέγουσι
1166 1624 1269 1698 τὴν
1320 1625 1558 1700 γραφήν.
1649 1631 1695 1683 3.
1738 1622 1769 1682 ὂ
1819 1628 1910 1682 καὶ

304 1717 515 1783 μᾶλλον
555 1708 624 1767 ἂν
665 1720 749 1783 εἴη
789 1708 1024 1782 ἀληθὲς,
1066 1715 1141 1786 τῷ
1182 1708 1279 1767 τὸν
1308 1708 1499 1783 ὅμοιον
1527 1713 1624 1781 τῆς
1654 1708 1947 1782 φράσεωςζ

304 1798 619 1867 χαρακτῆρα
648 1794 750 1866 τήν
780 1817 839 1851 τε
869 1797 969 1850 τοῦ
999 1793 1315 1866 Κλήμεντος
1360 1793 1652 1864 ἐπιστολὴν
1690 1796 1781 1850 καὶ
1811 1791 1912 1865 τὴν

241 1904 283 1936 20
307 1877 442 1951 πρὸς
468 1878 756 1951 Ἐβραίους
788 1876 1121 1948 ἀποσώζειν,
1163 1879 1254 1933 καὶ
1293 1900 1368 1933 τω
1410 1877 1482 1949 μὴ
1528 1875 1715 1950 πόρρω
1756 1901 1821 1933 τα
1854 1873 1947 1934 ἐνῘ

308 1965 583 2035 ἑκατέροις
635 1975 749 2028 τοῖς
802 1961 1192 2034 συγγράμμασι
1244 1960 1491 2033 νοήματα
1551 1960 1961 2018 καθεστάναι.

303 2051 352 2102 4.
399 2048 579 2103 ἰστέον
621 2042 674 2102 6'
718 2045 791 2111 ὡς
831 2048 921 2102 καὶ
966 2047 1196 2146 δευτέρα
1238 2069 1319 2109 τις
1365 2044 1509 2102 εἶναι
1549 2047 1763 2116 λέγεται
1814 2046 1936 2101 τοῦτ

305 2127 623 2202 Κλήμεντος
657 2127 1054 2200 ἐπιστολή.οὗ
1084 2153 1194 2200 μην
1225 2128 1313 2184 ἔθ’
1347 2130 1549 2200 ὁμοίως
1579 2131 1647 2201 τῇ
1676 2130 1928 2203 προτέρᾳ

306 2215 398 2269 καὶ
450 2212 659 2284 ταύτην
709 2211 990 2285 γνώριμον
1044 2210 1411 2285 ἐπιστάμεθα,
1465 2209 1547 2268 ὅτι
1598 2212 1740 2285 μηδε
1789 2210 1937 2287 τοὺς

241 2323 284 2354 25
308 2295 568 2370 αρχαίους
613 2294 750 2370 αὐτῇ
793 2298 1161 2403 κεχρημένους
1203 2304 1375 2368 ἰσμεν.
1439 2299 1504 2351 5
1550 2294 1657 2368 ἤδη
1710 2296 1771 2352 δε
1823 2292 1931 2352 acal!

305 2385 465 2453 ε’τερα
497 2385 745 2451 πολυεπῆ
788 2382 879 2435 καὶ
919 2404 1099 2486 μακρα
1143 2378 1539 2481 συγγράμματα
1584 2403 1656 2445 ως
1685 2384 1784 2436 τοῦ
1814 2401 1923 2435 ava

304 2489 402 2522 του
433 2465 589 2537 ἐχθες
615 2466 705 2520 καὶ
731 2464 924 2536 πρώην
947 2465 1091 2529 τινὲς
1117 2463 1454 2536 προήγαγον,
1487 2466 1707 2536 Πέτρου
1732 2460 1800 2534 δὴ
1823 2460 1922 2519 καὶ

301 2545 568 2613 Ἀπίωνος
601 2546 893 2619 διαλόγους
926 2550 1276 2622 περιέχοντα,
1311 2572 1390 2605 ων
1413 2546 1536 2605 οὐδ’
1567 2544 1708 2612 ὅλως
1730 2544 1916 2619 μνήμη

304 2656 385 2698 τις
425 2631 573 2706 παρὰ
604 2647 715 2698 τοῖς
756 2640 1008 2698 παλαιοῖς
1039 2634 1279 2706 φέρεται.
1364 2628 1497 2689 ουδε
1527 2655 1632 2703 γαρ
1663 2627 1919 2711 καθαρὸν

243 2740 285 2773 30
307 2721 401 2817 τῆς
418 2715 795 2822 αποστολικῆς
824 2714 1151 2788 ὀρθοδοξίας
1175 2713 1443 2784 άποσωζει
1466 2714 1561 2772 τὸν
1584 2717 1936 2787 χαρακτῆρατ

308 2797 342 2871 ἡ
374 2825 475 2873 μεν
507 2801 610 2858 οὐν
641 2803 740 2857 τοῦ
770 2799 1087 2872 Κλήμεντος
1117 2799 1527 2873 ὁμολογουμένη
1558 2795 1745 2872 γραφὴ
1785 2818 1915 2883 προ·

312 2890 491 2958 δηλος.
555 2894 763 2957 εἴρηται
798 2885 854 2940 δε
887 2886 979 2940 καὶ
1010 2908 1074 2940 τα
1101 2880 1370 2955 Ἰγνατίου
1401 2885 1493 2940 καὶ
1524 2878 1913 2954 Πολυκάρπου.
