2032 3174
352 105 452 157 108
1022 104 1271 145 EUSEBII

348 225 611 294 Νέρουαν
654 221 964 320 διαδέχεται
1005 217 1289 289 Τραιανός.
1353 243 1420 276 ου
1463 219 1532 292 δὴ
1573 223 1794 293 πρῶτον
1835 226 1954 286 ἔτος

354 307 443 376 ἠν,
489 309 548 360 έν
591 296 634 377 ᾦ
673 329 767 377 vQ
798 301 918 360 κατ’
947 301 1369 375 Ἀλεξάνδρειαν
1401 309 1688 376 παροικίας
1712 304 1959 375 Ἀβίλιον

352 393 482 445 δεκα
514 389 650 461 πρὸς
679 391 861 462 τρισὶν
893 393 1073 444 ἔτεσιν
1105 385 1455 487 ἡγησάμενον
1480 391 1791 460 διαδέχεται
1816 391 1955 460 Κέρ-

350 479 479 530 δων.
533 479 713 544 τρίτος
743 473 903 538 οὗτος
933 477 1046 528 τῶν
1077 468 1274 528 αὐτόθι
1302 495 1437 544 μετα
1466 471 1564 528 τὸν
1593 475 1813 543 πρῶτον
1838 469 1957 530 Ἀν-

305 577 323 607 5
351 556 542 614 νιανὸν
572 559 826 628 προέστη.
892 559 952 612 ἐν
990 554 1167 631 τούτῳ
1210 557 1270 612 δὲ
1294 552 1576 628 Ρωμαίων
1619 557 1782 612 εἰσέτι
1811 554 1957 628 Κλή-

347 665 451 714 μης
492 639 704 713 ἡγειτο,
745 647 932 713 τρίτον
963 643 1055 696 καὶ
1085 636 1249 705 αὐτὸς
1283 642 1492 712 ἐπέχων
1521 643 1633 697 τῶν
1662 641 1795 714 τῇδε
1824 663 1960 712 μετα

347 723 582 782 Παῦλόν
632 748 692 782 τε
745 727 834 781 καὶ
878 726 1093 797 Πέτρον
1148 722 1672 781 ἐπισκοπευσάντων
1716 722 1952 797 βαθμόν.

347 816 517 876 Λινος
550 810 611 866 δε
642 808 670 866 6
704 813 917 882 πρῶτος
950 810 1049 881 ἠν,
1083 811 1173 864 καὶ
1203 807 1319 881 μετ’
1357 805 1527 864 αὐτὸν
1555 806 1924 914 Ἀνέγκλητος.

491 904 632 953 ΧΧΙΙ.
677 904 803 970 [Nic.
832 905 890 953 H.
922 905 973 953 E.
1004 905 1092 960 ΙΙΙ,
1129 902 1234 969 11.]
1272 889 1434 949 Ἀλλα
1459 896 1551 949 καὶ
1582 898 1693 948 τῶν
1726 890 1811 948 ἐπ’
1839 891 1960 950 Ἀν-

287 997 328 1028 10
352 984 585 1050 τιοχείας
617 975 866 1034 Εὕοδίου
906 976 1128 1051 πρώτου
1170 976 1541 1042 καταστάντος
1592 975 1848 1047 δεύτερος
1901 979 1961 1032 ἐν

349 1076 462 1126 τοῖς
483 1058 1114 1135 δηλουμένοιςἸγνάτιος
1133 1065 1464 1134 ἐγνωρίζετο.
1501 1060 1741 1132 Συμεών
1758 1058 1960 1132 ὁμοίως

353 1144 607 1219 δεύτερος
648 1169 781 1217 μετα
824 1146 922 1202 τὸν
962 1151 1059 1202 τοῦ
1103 1149 1350 1217 σωτῆρος
1391 1147 1547 1243 ἡμων
1587 1142 1835 1216 αδελφὸν
1864 1147 1961 1217 τῆς

350 1234 410 1286 έν
435 1227 828 1302 Ιεροσολύμοις
862 1233 1152 1301 ἐκκλησίας
1183 1254 1318 1286 κατα
1342 1228 1570 1294 τούτους
1593 1227 1693 1301 τὴν
1717 1237 1961 1302 λειτουρ-

350 1321 479 1386 γίαν
511 1313 676 1386 εἶχεν,

287 1416 327 1446 15
492 1408 659 1456 ΧΧΙΙΙ
724 1407 849 1473 [Nic.
880 1408 937 1456 H.
967 1409 1020 1456 E.
1051 1409 1137 1464 ΙΙΙ,
1171 1406 1251 1455 11.
1290 1407 1356 1463 ΙΙ,
1385 1405 1496 1474 42]
1578 1393 1696 1453 Ἐπὶ
1747 1394 1960 1462 τούτοις

352 1481 488 1537 κατὰ
531 1482 631 1552 τὴν
658 1478 847 1538 Ἀσίαν
891 1487 970 1537 ἔτι
1011 1484 1089 1557 τῷ
1131 1487 1236 1556 βίῳ
1289 1479 1745 1553 περιλειπόμενος
1797 1477 1962 1546 αὐτὸς

353 1569 589 1637 ἐκεῖνος,
622 1562 690 1622 ὃν
721 1564 906 1637 ἠγάπα
937 1564 965 1621 6
993 1562 1217 1637 Ἰησοῦς,
1250 1562 1552 1632 ἀπόστολος
1581 1562 1720 1637 ὁμοῦ
1750 1567 1840 1630 καὶ
1874 1563 1961 1620 εὗ-

353 1648 678 1721 αγγελιστής
715 1647 973 1721 Ἰωάννης
1013 1648 1109 1715 τοὶς
1149 1648 1351 1706 αὐτόθι
1396 1654 1611 1706 διεῖπεν
1650 1652 1959 1720 ἐκκλησίας,

351 1731 459 1791 άπὸ
491 1740 586 1804 τῆς
618 1731 753 1790 κατὰ
783 1732 884 1806 τὴν
915 1737 1088 1806 νῆσον
1117 1732 1252 1806 μετὰ
1274 1732 1375 1803 τὴν
1399 1737 1748 1805 Δομετιανοῦ
1777 1740 1961 1790 τελευ-

287 1836 327 1867 20
352 1819 453 1890 τὴν
487 1816 814 1875 ἐπανελθών
853 1824 1050 1890 φυγῆς.
1113 1822 1159 1874 2.
1204 1815 1286 1874 ὅτι
1320 1819 1379 1873 δε
1411 1824 1486 1883 εἰς
1519 1817 1746 1882 τούτους
1778 1822 1855 1873 ἔτι
1885 1822 1960 1892 τῷ

351 1908 456 1978 βίῳ
497 1908 696 1975 περιῆν
736 1899 947 2010 ἀπόχρη
991 1900 1081 1959 δια
1115 1900 1215 1959 δύο
1248 1900 1635 1959 πιστώσασθαι
1666 1901 1764 1958 τὸν
1794 1899 1962 1972 λόγον

350 1985 661 2058 μαρτύρων.
723 1989 905 2043 πιστοὶ
949 1984 1004 2042 δ’
1047 1981 1117 2043 ἂν
1161 1987 1272 2043 εἷεν
1312 1977 1492 2057 οὑτοι,
1536 1993 1630 2059 τῆς
1673 1990 1962 2057 ἐκκλησια-

352 2073 539 2140 στικῆς
570 2069 1011 2141 πρεσβεύσαντες
1041 2067 1387 2141 ὀρθοδοξίας,
1421 2079 1469 2127 εἰ
1503 2070 1571 2142 δὴ
1601 2075 1836 2127 τοιοῦτοι
1860 2076 1963 2127 Εἰ-

353 2168 579 2226 ρηναῑος
620 2155 712 2209 καὶ
753 2153 981 2225 Κλήμης
1022 2150 1050 2209 6
1088 2152 1496 2253 Ἀλεξανδρεύς.
1579 2159 1626 2209 3.
1671 2146 1750 2209 ὧν
1789 2152 1818 2209 6
1857 2155 1963 2226 μὲν

290 2255 333 2286 25
358 2236 620 2310 πρότερος
653 2240 712 2293 ἐν
745 2241 987 2313 δευτέρῳ
1018 2243 1130 2293 τῶν
1161 2236 1295 2335 πρὸς
1325 2237 1420 2303 τὰς
1452 2240 1691 2306 αιρέσεις
1717 2229 1830 2293 ωδέ
1845 2260 1962 2303 πως

352 2319 555 2394 γράφει
605 2345 741 2377 κατα
791 2318 1006 2388 λέ“ξιν
1017 2324 1108 2377 καὶ
1157 2320 1356 2388 πάντες
1401 2322 1461 2377 δε
1501 2346 1554 2377 οι
1595 2320 1961 2394 πρεσβύτεροι

342 2401 791 2511 Σμαρτυροῦσιν,
843 2409 897 2461 οἱ
932 2429 1069 2461 κατα
1109 2405 1211 2477 τὴν
1243 2404 1433 2462 Ἀσίαν
1470 2402 1699 2479 Ἰωάννῃ
1749 2410 1823 2482 τῷ
1863 2408 1963 2462 τοῦ

342 2487 582 2592 Σκυρίου
612 2492 836 2561 μαθητῇ
866 2488 1334 2562 συμβεβληκότες,
1378 2492 1836 2559 παραδεδωκέναι
1865 2487 1961 2546 τὸν

345 2569 666 2645 ωΙωάννην.
729 2575 1023 2645 παρέμεινε
1055 2597 1159 2647 γαρ
1191 2574 1375 2640 αὐτοις
1418 2577 1576 2646 μέχρι
1607 2577 1718 2630 τῶν
1757 2583 1962 2644 Τραϊα-

287 2673 329 2706 30
348 2653 489 2714 ‘vob
528 2654 793 2731 x96vcovf'
855 2662 902 2713 4.
946 2660 1035 2713 καὶ
1079 2661 1138 2713 ἐν
1179 2665 1343 2734 τρίτῳ
1387 2659 1448 2714 δε
1489 2663 1584 2729 τῆς
1626 2655 1795 2729 αυτῆς
1826 2656 1959 2713 ὑπο·
1997 2705 2017 2709 ,

466 2851 519 2890 26
550 2851 666 2891 Iren.
691 2850 805 2891 Adv.
829 2850 953 2893 haer.
976 2851 1040 2897 ΙΙ,
1065 2852 1141 2903 22,
1167 2852 1203 2892 5.
1228 2864 1269 2903 p.
1293 2852 1386 2891 148.
