2032 3174
430 96 587 138 HIST.
620 95 867 162 ECCLES.
898 96 959 137 II.
983 98 1050 137 25.
1075 98 1143 138 26.
1176 97 1258 138 111.
1283 98 1321 136 1.
1603 92 1670 146 83

68 215 439 287 τετιμημένων
468 211 720 284 μάστιξιν
751 212 1104 278 αἰκισθέντας
1137 215 1197 269 ἐν
1222 207 1361 285 αὐτῇ
1383 214 1450 286 τῇ
1471 209 1671 285 Ἰερου-

70 295 250 371 σαλήμ
303 295 810 368 ἀνασταυρωθῆναι
862 295 971 352 ὑπὸ
1027 294 1276 371 Φλώρου.
1359 301 1556 352 τοῦτον
1609 295 1670 351 δὲ

70 381 210 439 εἶναι
249 387 345 453 τῆς
377 378 649 446 Ἰουδαίας
692 383 1014 454 ἐπίτροπον,
1067 378 1306 452 ὁπηνίκα
1351 378 1452 452 τὴν
1496 376 1671 453 ἀρχὴν

66 463 538 540 ἀναρριπισθῆναι
575 467 673 521 τοῦ
713 466 983 537 πολέμου,
1025 470 1178 530 ἔτους
1221 461 1538 521 δωδεκάτου
1576 466 1671 536 τῆς

67 553 329 623 Νέρωνος
369 547 688 622 ἡγεμονίας,
739 549 962 619 συνέβη.
1046 552 1094 605 2.
1140 548 1256 604 εἶτα
1298 549 1359 605 δὲ
1400 550 1492 604 καὶ
1532 546 1663 604 καθ’

65 631 202 707 ὅλην
241 633 342 706 τὴν
381 637 606 706 Συρίαν
662 633 750 688 ἐπὶ
797 635 862 705 τῇ
902 634 1014 688 τῶν
1046 629 1331 689 Ἰουδαίων
1371 629 1672 689 ἀποστάσει

69 717 260 790 δεινήν
304 735 440 790 φησι
483 717 872 787 κατειληφέναι
903 714 1174 788 ταραχὴν,
1216 714 1524 789 πανταχόσε
1560 721 1672 772 τῶν

64 800 173 858 ἀπὸ
205 805 302 858 τοῦ
334 807 542 868 ἔθνους
572 799 707 872 πρὸς
737 803 847 856 τῶν
878 796 1015 855 κατὰ
1054 797 1217 857 πόλιν
1258 804 1489 856 ἐνοίκων
1521 796 1673 857 οὖσαν

64 890 343 958 πολεμίων
374 881 620 956 ἀνηλεῶς
643 885 1076 956 πορθουμένων,
1111 882 1250 940 ὥστε
1274 882 1415 957 ὁρᾶν
1445 881 1538 950 τὰς
1570 881 1670 940 πό-

64 977 174 1037 λεις
204 966 403 1042 μεστὰς
433 965 662 1041 ἀτάφων
693 965 990 1040 σωμάτων,
1034 969 1123 1024 καὶ
1167 969 1398 1042 νεκροὺς
1428 965 1540 1041 ἅμα
1571 991 1670 1040 νη-

65 1059 209 1120 πίοις
239 1055 500 1126 γέροντας
533 1053 925 1127 ἐρριμμένους,
957 1049 1163 1124 γύναιά
1194 1077 1253 1110 τε
1283 1053 1423 1125 μηδὲ
1454 1054 1548 1125 τῆς
1578 1048 1668 1108 ’ἐπ’

64 1143 214 1195 αἰδοῖ
243 1140 445 1210 σκέπης
467 1133 858 1210 μετειληφότα,
900 1138 992 1193 καὶ
1022 1141 1207 1195 πᾶσαν
1235 1137 1339 1210 μὲν
1369 1136 1471 1209 τὴν
1503 1135 1673 1210 ἐπάρ-

62 1246 183 1326 χιον
223 1219 427 1294 μεστὴν
468 1219 785 1292 ἀδιηγήτων
826 1224 1158 1295 συμφορῶν,
1199 1227 1418 1295 μείζονα
1460 1221 1519 1277 δὲ
1557 1224 1671 1277 τῶν

65 1304 318 1363 ἑκάστοτε
335 1307 701 1378 τολμωμένων
723 1303 823 1378 τὴν
842 1307 929 1363 ἐπὶ
953 1318 1067 1372 τοῖς
1098 1304 1514 1378 ἀπειλουμένοις
1538 1302 1670 1362 ἀνά-

1695 995 1734 1027 10

64 1408 238 1447 τασιν.
279 1392 451 1446 ταῦτα
475 1389 611 1446 κατὰ
636 1385 840 1457 λέξιν“
816 1413 844 1446 ο
869 1387 1145 1464 Ἰώσηπος.
1191 1392 1282 1447 καὶ
1313 1388 1377 1446 τὰ
1408 1413 1510 1462 μεν
1534 1386 1670 1446 κατὰ
1691 1414 1733 1447 15

57 1473 357 1540 Ἰουδαίους
391 1476 450 1531 ἐν
479 1472 692 1540 τούτοις
725 1497 808 1546 ην.

670 1890 955 1931 ΛΟΓΟΣ
1007 1892 1057 1931 Γ

190 1989 224 2038 Ι.
281 1988 406 2054 [Nic.
438 1989 496 2039 H.
525 1989 579 2038 Ε.
610 1989 666 2046 ll,
695 1986 921 2038 39-44.
974 1988 1052 2045 ΙΙΙ,
1084 1985 1152 2056 1.1
1211 1975 1286 2034 To}
1310 2001 1412 2051 μεν
1437 1975 1504 2051 δὴ
1530 1975 1667 2034 κατά

53 2060 351 2128 Ἰουδαίους
385 2065 444 2119 ἐν
474 2060 686 2128 τούτοις
717 2054 802 2133 ἦν.
862 2086 975 2119 των
1006 2062 1068 2118 δε
1100 2065 1266 2136 ιερων
1295 2065 1395 2120 τοῦ
1424 2067 1668 2136 σωτῆρος

59 2141 214 2219 ἡμῶν
244 2144 565 2204 ἀποστόλων
594 2170 652 2204 τε
683 2148 774 2202 καὶ
804 2152 1075 2219 μαθητῶν
1117 2139 1206 2219 ἐφ
1242 2143 1464 2204 ἅπασαν
1505 2170 1666 2203 κατα-

59 2231 382 2304 σπαρέντων
411 2228 512 2304 τὴν
543 2231 904 2304 οἰκουμένην,
938 2234 1136 2304 Θωμᾶς
1160 2255 1288 2304 μεν,
1324 2256 1395 2298 ως
1420 2230 1453 2304 ἡ
1486 2229 1728 2305 παρά-25

60 2319 210 2381 δοσις
249 2317 514 2390 περιέχει,
559 2314 661 2387 τὴν
702 2321 968 2391 Παρθίαν
1009 2324 1261 2389 εἴληχεν,
1297 2314 1559 2390 Ἀνδρέας
1605 2315 1666 2371 δὲ

59 2395 161 2470 τὴν
192 2404 473 2471 Σκυθίαν,
500 2395 754 2473 Ἰωάννης
785 2397 887 2472 τὴν
910 2399 1119 2472 Ἀσίαν,
1152 2399 1287 2475 πρὸς
1311 2396 1407 2467 οὕς
1431 2402 1522 2457 καὶ
1548 2404 1662 2455 δια-

57 2491 254 2555 τρίψας
286 2485 346 2539 ἐν
371 2479 579 2560 Ἐφέσςῡ
610 2490 854 2560 τελευτᾷ.
931 2488 978 2542 2.
1013 2486 1225 2559 Πέτρος
1269 2484 1330 2541 δὲ
1372 2487 1430 2541 ἐν
1461 2482 1662 2560 Πόντῳ

58 2567 149 2622 καὶ
180 2571 425 2642 Γαλατία
465 2570 556 2624 καὶ
594 2573 838 2645 Βιθυνία
874 2574 1248 2644 Καππαδοκία
1288 2591 1346 2626 τε
1387 2570 1479 2625 καὶ
1505 2565 1663 2641 Ἀσία

1687 1834 1728 1867 20

58 2652 418 2723 κεκηρυχέναι
456 2665 569 2718 τοῖς
617 2654 676 2709 ἐν
718 2656 994 2729 διασπορᾷ
1023 2651 1312 2719 Ἰουδαίοις
1355 2658 1557 2710 ἔοικεν·
1604 2646 1662 2717 ὃς
1685 2671 1726 2704 30

173 2847 195 2885 7
227 2844 406 2898 Ioseph.
429 2844 479 2885 B.
504 2846 538 2887 Ι.
563 2844 623 2898 ΙΙ,
649 2846 716 2898 18,
739 2847 778 2889 2.

1319 2910 1390 2961 6²³²
