2032 3174
808 117 934 158 OAP.
964 120 1003 158 4.
1628 119 1707 159 LV

105 230 271 282 filium
321 229 574 280 distincte
623 236 1029 298 cognoverunt3
1084 230 1202 299 jam
1258 229 1399 281 enim
1455 228 1707 292 innotuit,

104 333 227 367 eum
273 313 342 365 ab
389 313 703 366 Abrahamo
751 314 932 365 visum
980 331 1120 377 esse,
1173 312 1376 365 Isaako
1425 311 1710 364 consilium

106 401 193 468 (B.
235 398 483 468 consilia)
525 399 768 465 dedisse,
808 415 929 450 cum
968 396 1172 449 Israele
1211 396 1533 450 collecutum
1574 414 1708 462 esse,

104 485 234 536 item
272 491 434 554 atque
472 501 592 534 cum
619 482 772 535 Mose
811 489 864 534 et
901 482 1180 552 prophetis
1221 483 1269 534 ei
1295 481 1547 552 posteriS.
1603 484 1636 546 ξ
1662 482 1710 531 9.

104 567 241 621 Inde
267 585 590 636 cognoscere
615 566 815 636 poteris
852 566 971 661 pios
1002 565 1243 617 homines
1271 565 1473 618 Christi
1499 567 1714 617 nominc

107 653 387 706 decoratos
433 652 630 719 fuisse,
680 657 866 721 utpote
911 651 965 701 in
1014 650 1114 703 hoc
1153 651 1320 703 velbo
1363 651 1428 702 de
1466 651 1531 701 iis
1571 649 1712 702 dicto

105 738 170 807 (l
212 737 410 790 Chron.
455 736 548 803 16,
587 736 734 804 22.):
800 734 930 802 „Ne
986 736 1432 805 applopinquetis
1482 735 1712 787 Christis

106 823 263 884 meiS‚
326 839 464 874 neve
516 821 574 872 in
629 819 929 889 Prophetas
994 838 1139 872 meos
1193 819 1430 888 maligne
1482 819 1714 887 agat1s“

107 911 139 973 ξ
180 907 259 958 10.
320 906 467 974 Ergo
506 904 642 957 hanc
680 905 855 974 ipsam
893 903 1207 972 religionem
1246 904 1548 974 praesentis
1586 911 1715 955 tem-

107 991 251 1060 poris
302 991 372 1059 (i.
409 1008 454 1042 e.
489 989 590 1041 hoc
627 990 746 1058 ipso
795 995 1037 1060 tempore
1083 989 1139 1040 in
1177 989 1379 1041 honore
1418 988 1714 1055 habitam),

108 1093 246 1146 quae
285 1074 461 1144 (olim)
500 1092 596 1144 per
630 1073 833 1126 Christi
871 1074 1172 1126 doctrinam
1210 1073 1459 1126 omnibus
1499 1072 1715 1143 populis

108 1160 419 1230 praedicata
456 1166 563 1224 est,
604 1159 832 1229 primam
870 1166 923 1210 et
958 1159 1366 1211 vetustissinam
1393 1157 1593 1210 habere
1619 1175 1716 1210 nos

109 1245 292 1310 decet,
334 1243 694 1312 (religionem)
735 1243 974 1296 omnium
999 1244 1211 1312 piorum
1238 1243 1515 1295 hominum
1542 1242 1716 1294 Abra-

109 1329 256 1381 hami
295 1345 492 1396 genere
529 1327 898 1380 oriundorum.
974 1330 1006 1394 ξ
1037 1328 1118 1379 11.
1181 1327 1275 1380 Sin
1315 1345 1444 1379 vero
1471 1327 1717 1379 Abraha-

114 1431 230 1465 mus
278 1412 439 1480 longo
489 1419 731 1480 tempore
777 1419 902 1481 post
944 1411 1367 1464 circumcisionis
1406 1411 1718 1463 mandatum

113 1497 388 1567 accepisse
426 1496 648 1563 dicitur,
681 1497 798 1566 jam
837 1502 998 1548 antea
1036 1515 1154 1548 eum
1193 1515 1290 1566 per
1326 1495 1487 1548 fidem
1519 1496 1717 1566 justifi-

114 1588 293 1633 catum
332 1598 450 1632 esse
479 1580 828 1650 (scripturae)
857 1581 1166 1633 testimonio
1196 1581 1599 1650 comprobatur,
1638 1588 1718 1631 ut-

112 1674 237 1736 pote
276 1665 382 1716 Dei
421 1666 648 1718 verbum
699 1665 829 1717 dicit
868 1666 1039 1734 (Gen.
1084 1666 1173 1730 15,
1214 1666 1327 1734 6.):
1388 1664 1718 1731 „Abraham

113 1751 231 1803 Deo
281 1749 513 1801 credidit
559 1757 613 1802 et
659 1757 969 1819 reputatum
1026 1750 1073 1801 ei
1133 1755 1215 1801 est
1269 1748 1340 1800 ad.
1389 1749 1719 1820 juststiamf‘

113 1837 146 1900 ξ
173 1834 254 1886 12.
308 1834 382 1886 Et
419 1852 582 1905 quum
614 1835 733 1905 jam
773 1841 900 1887 ante
935 1834 1398 1886 circumcisionem
1437 1833 1559 1884 talis
1587 1833 1721 1883 fuis-

114 1926 219 1984 set,
269 1937 301 1970 a
336 1919 478 1984 DeO,
527 1919 618 1988 qui
657 1919 706 1970 ei
751 1918 901 1971 visus
942 1925 1050 1986 est,
1100 1919 1136 1971 i.
1177 1937 1220 1970 e.
1263 1938 1295 1970 a
1334 1918 1576 1983 Christo,
1616 1916 1722 1968 Dei

115 2004 308 2070 verbO,
359 2002 425 2055 de
471 2003 539 2054 iis
590 2004 679 2073 qui
729 2003 1123 2073 posterioribus
1171 2003 1511 2073 temporibus
1561 2000 1723 2053 simili

116 2105 183 2140 ac
226 2088 342 2158 ipse
390 2088 600 2140 ratione
642 2088 983 2158 justificandi
1031 2095 1235 2155 essent,
1288 2086 1565 2140 oraculum
1604 2105 1720 2157 pro-

116 2173 386 2224 missionis
435 2172 644 2242 accepit
687 2171 1005 2242 hujusmodi
1055 2172 1228 2240 (Gen.
1266 2172 1359 2239 22,
1403 2173 1545 2241 ].8.):
1603 2172 1725 2239 „Et

117 2257 504 2310 benedicentur
558 2257 614 2308 in
667 2263 721 2309 te
782 2274 965 2308 omnes
1025 2256 1199 2309 tribus
1256 2259 1502 2323 terrae“,
1561 2264 1721 2327 atque

117 2341 281 2408 (Gen.
323 2342 414 2407 18,
458 2342 593 2410 18.):
644 2340 765 2408 „Et
801 2359 1000 2410 magna
1038 2348 1091 2394 et
1126 2341 1395 2411 populosa
1431 2359 1562 2410 gens
1602 2342 1722 2406 erit,

119 2432 172 2477 et
207 2425 595 2478 benedicentur
633 2425 688 2476 in
727 2444 788 2478 eo
829 2443 1011 2478 omnes
1046 2426 1234 2496 populi
1271 2429 1503 2478 te1⁴rae.“
1579 2429 1610 2491 ἓ
1643 2425 1721 2476 13.

118 2509 276 2561 Hanc
322 2509 728 2579 promissionem
774 2510 832 2561 in
878 2510 1034 2562 nobis
1084 2529 1201 2562 esse
1250 2509 1599 2580 completam,
1657 2527 1724 2561 ex

119 2594 200 2646 his
238 2591 587 2662 intelligetur.
664 2593 769 2645 Per
806 2594 966 2646 fidem
1005 2594 1148 2646 enim
1184 2595 1271 2661 (Β.
1301 2594 1425 2646 add.
1463 2595 1519 2646 in
1557 2594 1723 2660 eum),

119 2678 211 2748 qui
256 2677 360 2747 ipsi
418 2684 772 2747 apparuerat,
831 2685 884 2729 et
938 2679 1029 2748 qui
1076 2678 1181 2730 Dei
1230 2678 1458 2730 verbum
1506 2686 1611 2730 est:
1672 2685 1725 2728 et

66 2788 79 2800 ·
121 2760 351 2814 descivit
389 2779 421 2812 a
445 2761 568 2813 Diis
606 2764 846 2831 paternis
885 2769 938 2813 et
975 2781 1006 2813 a
1040 2762 1284 2832 pristinis
1321 2762 1594 2814 erroribus
1622 2762 1725 2829 (sic

120 2851 263 2897 recte
290 2844 380 2911 B.;
420 2845 513 2896 A.:
555 2863 587 2896 a
625 2845 869 2914 pristinis
907 2845 1170 2914 pueritiae
1210 2844 1472 2911 moribus)
1514 2853 1566 2896 et
1603 2862 1722 2895 con-
