1986 3152
275 115 382 167 410
957 113 1206 156 EUSEBII

278 238 359 298 είς
411 230 628 304 μακρὸν
668 229 730 286 δὲ
780 229 983 287 τούτου
1036 230 1334 303 γινομένου
1385 229 1565 302 μάτην
1617 233 1887 304 ἐγχειρεῖν

277 318 510 387 διέγνω,
544 314 777 387 ἀφώνου
808 316 903 371 καὶ
934 312 1383 387 άνεπαισθήτου,
1426 320 1627 389 μικροῦ
1669 316 1733 372 δὲ
1763 320 1887 373 δεῖν

279 402 372 456 καὶ
402 399 581 471 πάντη
612 397 836 472 άψύχου
876 404 978 456 τοῦ
1009 398 1260 472 σώματος
1291 397 1444 475 αὐτῷ
1471 412 1594 465 ταῖς
1623 400 1888 471 βασάνοις

278 486 764 558 κατατριβομένου.
849 488 930 541 18.
986 483 1314 558 παράμονον
1347 483 1411 540 δὲ
1438 482 1501 540 τὸ
1534 482 1763 557 άνηλεὲς
1793 486 1888 542 καὶ

234 597 257 630 5
280 568 665 642 ἀπάνθρωπον
724 570 1084 643 κεκτημένος,
1145 567 1328 635 εὐθύς
1389 566 1463 634 ὥς
1522 567 1635 641 εἶχε
1691 572 1891 646 μακρῷ

279 656 420 725 πυρὶ
461 658 854 727 παραδοθῆναι
896 652 1075 710 αὐτὸν
1125 649 1529 726 ἀποφαίνεταί,
1592 655 1687 709 καὶ
1727 648 1889 720 οὗτος

280 740 412 813 μὲν,
446 739 554 814 πρὸ
587 743 685 811 τῆς
715 743 817 795 τοῦ
847 737 986 795 κατὰ
1020 737 1200 812 σάρκα
1231 738 1509 796 δεσπότου
1538 738 1888 811 τελειώσεως,

279 824 517 891 ὕστατος
569 824 660 880 ἐπὶ
700 822 802 880 τὸν
842 822 1037 895 ἀγῶνα
1077 822 1412 897 παρελθών,
1465 822 1569 896 τὴν
1620 821 1732 880 άπὸ
1785 829 1889 882 τοῦ

283 908 534 981 σώματος
577 907 911 980 ἀπαλλαγὴν
951 907 1300 982 προύλαβεν,
1356 913 1436 964 ἔτι
1481 908 1892 981 διαμελλόντων

218 1021 261 1053 10
282 998 397 1050 τῶν
427 994 556 1067 περὶ
585 991 716 1059 τούς
755 993 1059 1066 προτέρους
1091 991 1536 1049 ἐσπουδακότων.
1600 997 1681 1050 19.
1725 987 1797 1064 ἧν
1828 993 1891 1050 δὲ

282 1078 391 1151 ἄρα
421 1077 523 1134 τὸν
552 1077 890 1150 Πορφύριον
933 1082 1104 1148 ι’δεῖν,
1150 1082 1430 1150 ἱερονίκου
1462 1077 1709 1134 διαθέσει
1737 1077 1891 1150 πάμ-
1958 1136 1959 1139 ,

281 1185 460 1235 μαχον
489 1161 873 1234 νενικηκότος,
903 1162 1296 1234 κεκονισμένον
1325 1161 1428 1234 μὲν
1458 1159 1520 1218 τὸ
1547 1166 1725 1234 σῶμα,
1757 1185 1891 1234 φαι-
1955 1183 1961 1218 1

282 1246 422 1319 δρὸν
475 1246 536 1302 δὲ
587 1245 648 1303 τὸ
701 1245 1031 1320 πρόσωπον,
1083 1247 1382 1322 θαρσαλέῳ
1433 1246 1748 1319 φρονήματι
1797 1247 1892 1302 καὶ

280 1331 472 1408 γαύρῳ
524 1330 661 1404 μετὰ
711 1336 958 1388 τοσαῦτα
1007 1330 1110 1403 τὴν
1163 1331 1255 1388 ε’πὶ
1305 1330 1537 1408 θανάτῳ
1576 1335 1892 1403 βαδίζοντα,
1942 1318 1961 1419 3

219 1443 260 1477 15
283 1418 375 1472 καὶ
403 1421 568 1472 θείου
601 1413 919 1489 πνεύματος
952 1414 1026 1483 ὥς
1049 1414 1276 1488 άληθῶς
1308 1421 1594 1489 ἔμπλεων,
1626 1413 1809 1473 αὐτοῦ
1834 1439 1895 1473 τε

283 1498 578 1577 φιλοσόφῳ
610 1500 842 1574 σχήματι
869 1498 1026 1578 μόνῳ
1068 1503 1149 1577 τῷ
1189 1502 1316 1573 περὶ
1357 1497 1536 1558 αὐτὸν
1567 1498 1892 1578 άναβολαίῳ
1942 1423 1962 1580 3

285 1588 550 1658 ἐξωμίδος
580 1585 792 1659 τρόπον
821 1583 1231 1659 ἠμφιεσμένον,
1262 1586 1528 1661 νηφαλέῳ
1559 1608 1618 1642 τε
1646 1590 1893 1662 λογισμῷ
1943 1582 1962 1663 3

284 1672 414 1744 περὶ
446 1664 527 1727 ὧν
570 1668 833 1742 ἐβούλετο
871 1683 989 1737 τοῖς
1029 1676 1331 1744 γνωρίμοις
1374 1668 1772 1743 ἐντελλόμενον
1799 1671 1894 1727 καὶ
1951 1659 1962 1749 3

284 1755 647 1826 διανεύοντα,
704 1754 791 1812 ἐπ’
837 1753 992 1832 αὐτῷ
1043 1779 1103 1813 τε
1158 1761 1317 1832 ἰκρίῳ
1368 1754 1432 1812 τὸ
1472 1753 1777 1829 πρόσωπον
1817 1760 1895 1812 ἔτι
1956 1755 1962 1775 ''

217 1869 262 1901 20
285 1839 526 1913 φαιδρὸν
556 1845 959 1913 διατηροῦντα,
1014 1838 1156 1897 ἀλλὰ
1197 1841 1291 1896 καὶ
1332 1835 1613 1913 ἆφθείσης
1644 1842 1750 1908 ἔξω
1780 1838 1892 1896 άπὸ
1943 1777 1962 1986 3

284 1930 505 1998 μακροῦ
537 1922 921 1999 ἀποστήματος
959 1925 1150 2002 κύκλῳ
1182 1926 1312 1999 περὶ
1353 1923 1531 1983 αὐτὸν
1559 1928 1660 1996 τῆς
1690 1929 1894 1999 πυρᾶς,
1954 1991 1961 2005 <

288 2011 523 2066 ἐνθένδε
580 2006 848 2068 κάκεῖθεν
915 2007 1312 2084 ἀφαρπάζοντα
1369 2014 1448 2086 τῷ
1509 2009 1735 2082 στόματι
1790 2006 1895 2082 την
1952 2018 1962 2064 ’ἰ

287 2094 501 2166 φλόγα,
528 2095 898 2165 ,γενναιότατά
919 2119 977 2152 τε
1001 2101 1081 2161 εἰς
1107 2095 1344 2167 ἐσχάτην
1367 2094 1660 2166 ἀναπνοὴν
1692 2096 1895 2166 ἐγκαρ-

286 2183 561 2250 τεροῦντα
590 2184 660 2252 τῇ
693 2185 874 2253 σιωπῇ
892 2223 907 2251 ,
938 2180 1075 2252 μετὰ
1106 2185 1242 2252 μίαν
1271 2202 1357 2251 τε,
1388 2177 1462 2251 ἣν
1484 2178 1598 2250 ἅμα
1627 2186 1895 2246 καθαψα-

219 2290 265 2322 25
287 2263 456 2335 μένης
488 2260 666 2318 αὐτοῦ
696 2269 796 2335 τῆς
820 2263 1030 2336 φλογὸς
1051 2261 1355 2337 ἀπέρρηξε,
1387 2262 1614 2336 φωνὴν,
1645 2262 1746 2320 τὸν
1764 2262 1896 2320 υἱὸν
1955 2280 1960 2326 3

286 2350 391 2403 τοῦ
418 2350 560 2403 θεοῦ
586 2345 809 2419 Ἰησοῦν
838 2347 1056 2420 βοηθὸν
1089 2347 1474 2421 ἐπιβοώμενος.
1527 2353 1773 2414 τοιοῦτος
1802 2348 1896 2404 καὶ
1953 2356 1961 2409 3

287 2427 316 2488 ὁ
351 2436 690 2505 Πορφυρίου
723 2427 914 2499 ἆθλος.
973 2437 1058 2490 20.
1105 2438 1200 2505 τῆς
1225 2433 1288 2489 δὲ
1317 2431 1440 2490 κατ’
1468 2430 1648 2490 αὐτὸν
1670 2431 1892 2490 τελειώ-

289 2534 426 2583 σεως
479 2515 713 2588 ἅγγελος
764 2522 842 2594 τῷ
895 2524 1179 2595 Παμφίλῳ
1238 2518 1540 2592 γενόμενος
1594 2519 1896 2588 Σέλευκος,
1934 2542 1959 2566 ³«

286 2606 401 2659 τῶν
434 2599 545 2657 άπὸ
579 2608 867 2674 στρατείας
896 2626 974 2669 τις
1014 2602 1382 2676 ὀμολογητὴς,
1436 2599 1527 2660 οἶα
1564 2599 1897 2675 τηλικαύτης

222 2714 266 2747 3ο
290 2683 550 2758 άγγελίας
582 2686 861 2760 διάκονος,
893 2693 996 2745 τοῦ
1029 2687 1139 2745 σὺν
1169 2685 1360 2755 αὐτοῖς
1391 2692 1728 2761 παραχρῆμα
1756 2686 1896 2759 κλή-

291 2795 392 2844 ρου
445 2773 812 2838 καταξιοῦται.
895 2770 1096 2830 αὐτίκα
1133 2773 1243 2847 γάρ
1283 2796 1367 2830 τοι
1418 2770 1593 2829 αὐτὸν
1646 2776 1896 2843 διαγγεί-

289 2865 463 2913 λαντα
494 2855 556 2912 τὸ
597 2862 701 2913 τοῦ
734 2865 1070 2932 Πορφυρίου
1115 2860 1298 2929 τέλος,
1338 2862 1455 2914 τῶν
1495 2880 1554 2914 τε
1592 2856 1899 2931 μαρτύρων
