1986 3152
548 75 703 118 msT.
738 75 984 117 ECCLES.
1018 77 1092 118 VI.
1128 78 1192 119 12.
1231 79 1293 119 13.
1624 74 1729 126 255

120 189 221 249 “013
263 191 664 264 παρελάβομεν.
739 196 786 248 4.
831 191 935 263 ἐγὼ
967 191 1073 265 γάρ
1104 190 1398 265 γενόμενος
1429 191 1557 265 παρ’
1596 189 1730 266 ὑμῖν

119 272 434 334 “ῦπενόουν
476 273 601 342 τοῦς
644 274 852 343 πάντας
895 274 1042 350 ὀρθῇ
1078 282 1258 333 πίστει
1289 279 1727 350 προσφέρεσθαι,

117 359 244 416 “καὶ
285 357 359 432 μὴ
402 358 646 417 διελθών
684 358 744 417 τὸ
783 357 879 418 ὑπ’
918 357 1105 417 αὐτῶν
1145 360 1567 435 προφερόμενον
1600 358 1730 418 ὀνό-

115 440 277 517 “ματι
321 447 539 518 Πέτρου
594 443 914 517 εὐαγγέλιον
961 445 1118 502 εἶπον
1157 443 1268 516 ὅτι,
1324 452 1375 502 εἰ
1413 445 1576 502 τοῦτο’
1615 450 1728 503 ἐστι

112 527 324 601 “μόνον
364 527 423 585 τό
465 534 669 586 δοκοῦν
697 527 832 602 ὑμῖν
863 532 1123 602 παρέχειν
1152 535 1551 603 μικροψυχίαν,
1595 529 1726 587 ἀνα·
1749 547 1770 578 5

117 609 532 685 “γινωσκέσθω.
594 616 699 669 νῦν
733 614 795 670 δὲ
825 610 1025 685 μαθων
1054 611 1136 670 ὅτι
1168 615 1377 687 αἱρέσει
1409 617 1519 671 τινὶ
1543 611 1571 671 ὁ
1595 617 1731 682 νοῦς

114 693 338 755 “αῦτῶν
390 698 737 765 ε’νεφώλευεν
780 701 838 754 ἐκ
879 700 989 753 τῶν
1030 699 1345 770 λεχθέντων
1385 723 1507 770 μοι,
1560 717 1730 756 σπου-

115 778 303 838 “δάσω
346 779 518 838 πάλιν
561 784 825 852 γενέσθαι
865 779 1000 853 πρὸς
1040 779 1214 853 ὑμᾶς,
1268 779 1434 853 ὥστε,
1474 781 1728 855 ἀδελφοὶ,

113 862 500 969 ἶῑπροσδοκᾶτέ
516 889 582 938 με
608 868 668 921 έν
690 864 857 939 τάχει.
919 869 967 922 ἶ).
1000 861 1159 938 ὑμεῖς
1186 866 1263 937 δε,
1289 862 1543 938 ἀδελφοὶ,
1569 891 1730 922 κατα-

113 947 446 1055 Ξλαβόμενοι
476 944 668 1016 ὁποίας
699 954 768 1021 ἠν
800 951 1062 1023 αιρέσεως
1092 948 1120 1006 ὁ
1152 949 1499 1023 Μαρκιανὸς,
1533 975 1606 1016 ως
1638 952 1727 1006 καὶ
1754 967 1793 998 10

113 1030 333 1120 “ἑαυτῷ
373 1032 698 1106 ἠναντιοῦτο
739 1034 813 1107 μὴ
854 1037 1001 1091 νοῶν
1036 1059 1070 1090 α
1105 1033 1283 1091 ἐλάλει
1313 1034 1643 1108 μαθήσεσθε
1676 1039 1728 1102 ἐξ

112 1116 230 1177 κὠν
267 1116 401 1192 ῦμῖν
443 1117 670 1191 ἐγράφη.
733 1124 779 1176 6.
828 1117 1185 1191 ἐδυνήθημεν
1223 1119 1329 1192 γὰρ
1370 1116 1502 1192 παρ’
1545 1117 1730 1177 ἄλλων

113 1200 262 1261 “τῶν
285 1201 649 1276 ἆσκησάντων
672 1200 807 1260 αὐτὸ
832 1206 997 1260 τοῦτο
1022 1201 1080 1260 τὸ
1107 1201 1452 1276 εὐαγγέλιον,
1484 1207 1730 1261 τουτέστι

114 1284 299 1362 “παρο“ι
328 1293 440 1345 τῶν
471 1286 748 1361 διαδόχων
779 1293 903 1344 τῶν.
925 1290 1351 1361 καταρξαμένων
1383 1285 1589 1360 αὐτοῦ,
1632 1285 1729 1353 οὓς

112 1369 406 1444 ”Λοκητὰς
447 1375 724 1444 καλοῦμεν
765 1371 855 1444 (τὰ
895 1370 999 1444 γάρ
1041 1370 1368 1445 φρονήματα
1403 1371 1468 1429 τα
1501 1380 1728 1431 πλείονα
1752 1387 1793 1420 15

113 1453 383 1515 “ἐκείνων
436 1458 548 1514 ε’στὶ
600 1460 692 1529 τῆς
747 1456 1162 1529 διδασκαλίας),
1215 1456 1552 1531 χρησάμενοι
1595 1455 1729 1531 παρ’

114 1538 368 1613 “abvc-322,
426 1546 704 1612 διελθεῖν,
753 1542 843 1597 καὶ
886 1537 1071 1613 εὑρεῖν
1111 1540 1176 1597 τὰ
1218 1543 1321 1614 μὲν
1360 1550 1592 1601 πλείονα
1632 1545 1731 1600 τοῦ

113 1623 328 1698 “ὀρθοῦ
345 1624 513 1697 λόγου
530 1628 629 1682 τοῦ
645 1630 907 1697 σωτῆρος,
931 1624 1053 1682 τινὰ
1073 1626 1132 1682 δὲ
1150 1629 1677 1700 προσδιεσταλμένα,
1698 1624 1732 1682 δι’

112 1707 244 1768 “noel
259 1708 606 1782 ὑπετάξαμεν
621 1706 807 1782 ῦμῖν.”
848 1712 939 1766 καὶ
955 1715 1127 1767 ταῦτα
1143 1711 1245 1783 μὲν
1260 1708 1326 1768 τά
1343 1718 1728 1783 Σαραπίωνος.

245 1806 371 1856 XIII.
435 1804 566 1871 [Nic.
607 1806 664 1855 H.
708 1805 760 1854 E.
800 1805 884 1860 IV,
926 1803 1034 1870 33]
1133 1799 1243 1851 Τοῦ
1298 1795 1359 1852 δὲ
1410 1794 1729 1868 Κλήμεντος
1752 1810 1794 1841 20

122 1889 476 1951 Στρωματεῖς
528 1883 586 1934 οἱ
632 1876 834 1945 πάντες
886 1875 1026 1935 ὀκτώ
1078 1876 1212 1952 παρ’
1260 1875 1394 1951 ἡμῖν
1446 1879 1728 1952 σώζονται,

121 1961 218 2031 οὓς
250 1965 341 2020 καὶ
372 1962 626 2035 τοιαύτης
656 1960 855 2035 ἠξίωσε
887 1966 1213 2036 προγραφῆς
1237 1960 1448 2020 “Τίτου
1478 1970 1729 2021 Φλαυίου

115 2045 470 2122 ε(Κλήμεντος
500 2050 612 2106 τῶν
642 2046 778 2104 κατὰ
803 2047 904 2119 τὴν
927 2045 1113 2119 ἀληθῆ
1137 2055 1474 2121 φιλοσοφίαν
1497 2067 1731 2120 γνωστι-

1119 2129 1150 2150 22

114 2130 265 2190 “κι·5ν
309 2130 721 2206 ὑπομνημάτων
764 2146 1116 2206 στρωματεῖς.
1230 2137 1277 2191 2.
1337 2131 1629 2206 ἰσάριθμοί
1674 2156 1732 2189 τε

122 2215 334 2284 τούτοις
366 2219 509 2274 εἰσὶν
540 2221 596 2274 οἱ
625 2219 1083 2291 ἐπιγεγραμμένοι
1098 2215 1536 2275 Ὺποτυπώσεων
1560 2214 1730 2274 αὐτοῦ
1752 2233 1794 2265 25

122 2300 296 2374 λόγοι,
331 2305 390 2358 ἐν
420 2297 501 2367 οἷς
531 2299 795 2374 ὀνομαστὶ
822 2300 894 2368 ὥς
921 2300 1261 2359 διδασκάλου
1284 2305 1383 2360 τοῦ
1405 2309 1728 2360 Πανταίνου

121 2384 484 2459 μνημονεύει,
538 2384 770 2459 ἐκδοχάς
821 2411 879 2444 τε
931 2386 1105 2444 αὐτοῦ
1144 2386 1380 2461 γράφων
1419 2388 1510 2443 καὶ
1551 2409 1728 2458 παρα-

126 2469 306 2536 δόσεις
339 2473 703 2543 ἐκτιθέμενος.
767 2474 815 2527 3.
850 2476 961 2527 ἔστι
993 2472 1054 2527 δὲ
1085 2469 1234 2547 αὐτῷ
1266 2473 1357 2527 καὶ
1388 2468 1730 2544 πρὸςἽΕλλη-

122 2579 222 2620 νας
246 2552 404 2626 λόγος
423 2553 456 2611 ὁ
482 2553 893 2628 προτρεπτικὸς,
926 2568 1071 2627 τρεῖς
1102 2579 1159 2612 τε
1190 2560 1247 2612 οί
1272 2561 1371 2612 τοῦ
1404 2558 1728 2628 ἐπιγεγραμ-

122 2641 292 2711 μένου
323 2642 728 2710 Παιδαγωγοῦ,
770 2641 862 2695 καὶ
897 2634 1015 2705 “mig
1045 2635 1074 2695 ὁ
1105 2637 1407 2712 σωζόμενος
1439 2635 1727 2706 πλούσιος”
1752 2653 1795 2684 30

122 2722 296 2790 οὕτως
349 2725 670 2797 ἐπιγραφεὶς
721 2725 901 2796 ἕτερος
953 2722 1125 2780 αὐτοῦ
1164 2722 1351 2796 λόγος·
1404 2722 1463 2780 τό
1504 2746 1562 2779 τε
1602 2724 1726 2794 περὶ

123 2810 220 2863 τοῦ
250 2806 432 2880 πάσχα
463 2806 823 2881 σύγγραμμα,
866 2810 957 2864 καὶ
991 2810 1257 2875 διαλέξεις
1291 2810 1418 2880 περὶ
1449 2812 1726 2878 νηστείας,
