<?xml version="1.0" encoding="UTF-8"?>
<!DOCTYPE html PUBLIC "-//W3C//DTD XHTML 1.0 Transitional//EN"
    "http://www.w3.org/TR/xhtml1/DTD/xhtml1-transitional.dtd">
<html xmlns="http://www.w3.org/1999/xhtml" xml:lang="en" lang="en">
 <head>
  <title>
</title>
<meta http-equiv="Content-Type" content="text/html;charset=utf-8" />
  <meta name='ocr-system' content='tesseract 3.04.00' />
  <meta name='ocr-capabilities' content='ocr_page ocr_carea ocr_par ocr_line ocrx_word'/>
</head>
<body>
  <div class='ocr_page' id='page_1' title='image "./operaeusebius04euseuoft_0238.png"; bbox 0 0 1986 3152; ppageno 0'>
   <div class='ocr_carea' id='block_1_1' title="bbox 291 136 1206 189">
    <p class='ocr_par' dir='ltr' id='par_1_1' title="bbox 291 136 1206 189">
     <span class='ocr_line' id='line_1_1' title="bbox 291 136 1206 189; baseline -0.001 -13"><span class='ocrx_word' id='word_1_1' title='bbox 291 138 387 189; x_wconf 73' lang='lat'><em>178</em></span> <span class='ocrx_word' id='word_1_2' title='bbox 957 136 1206 176; x_wconf 75' lang='lat' dir='ltr'>EusEssn</span> 
     </span>
    </p>
   </div>
   <div class='ocr_carea' id='block_1_2' title="bbox 218 248 1956 2942">
    <p class='ocr_par' dir='ltr' id='par_1_2' title="bbox 218 248 1956 2942">
     <span class='ocr_line' id='line_1_2' title="bbox 278 248 1896 325; baseline 0 -16"><span class='ocrx_word' id='word_1_3' title='bbox 278 251 540 310; x_wconf 75' lang='grc' dir='ltr'><em>“πάντων</em></span> <span class='ocrx_word' id='word_1_4' title='bbox 571 251 745 325; x_wconf 76' lang='grc' dir='ltr'><em>εὐχάς.</em></span> <span class='ocrx_word' id='word_1_5' title='bbox 802 257 846 308; x_wconf 81' lang='grc'><em>9.</em></span> <span class='ocrx_word' id='word_1_6' title='bbox 881 250 1039 324; x_wconf 82' lang='grc' dir='ltr'>μόνοι</span> <span class='ocrx_word' id='word_1_7' title='bbox 1070 250 1296 310; x_wconf 89' lang='grc' dir='ltr'><em>πάντων</em></span> <span class='ocrx_word' id='word_1_8' title='bbox 1325 250 1757 319; x_wconf 76' lang='grc' dir='ltr'><em>ἀναπεισθέντες</em></span> <span class='ocrx_word' id='word_1_9' title='bbox 1786 248 1896 309; x_wconf 73' lang='grc' dir='ltr'><em>ὑπό</em></span> 
     </span>
     <span class='ocr_line' id='line_1_3' title="bbox 274 332 1895 410; baseline -0.001 -17"><span class='ocrx_word' id='word_1_10' title='bbox 274 334 483 394; x_wconf 73' lang='grc' dir='ltr'><em>“τινων</em></span> <span class='ocrx_word' id='word_1_11' title='bbox 522 334 822 407; x_wconf 74' lang='grc' dir='ltr'><em>βασκάνων</em></span> <span class='ocrx_word' id='word_1_12' title='bbox 861 332 1181 408; x_wconf 76' lang='grc' dir='ltr'><em>ἀνθρώπων</em></span> <span class='ocrx_word' id='word_1_13' title='bbox 1221 334 1318 395; x_wconf 82' lang='grc' dir='ltr'><em>τὸν</em></span> <span class='ocrx_word' id='word_1_14' title='bbox 1347 335 1479 394; x_wconf 87' lang='grc' dir='ltr'><em>καθ’</em></span> <span class='ocrx_word' id='word_1_15' title='bbox 1515 335 1655 410; x_wconf 82' lang='grc' dir='ltr'><em>ἡμᾶς</em></span> <span class='ocrx_word' id='word_1_16' title='bbox 1689 339 1748 392; x_wconf 90' lang='grc' dir='ltr'><em>ἐν</em></span> <span class='ocrx_word' id='word_1_17' title='bbox 1780 341 1895 392; x_wconf 82' lang='grc' dir='ltr'><em>δια-</em></span> 
     </span>
     <span class='ocr_line' id='line_1_4' title="bbox 278 415 1895 494; baseline 0.001 -17"><span class='ocrx_word' id='word_1_18' title='bbox 278 417 452 494; x_wconf 71' lang='grc' dir='ltr'><em>“βολῇ</em></span> <span class='ocrx_word' id='word_1_19' title='bbox 486 423 820 492; x_wconf 84' lang='grc' dir='ltr'><em>καταστῆσαι</em></span> <span class='ocrx_word' id='word_1_20' title='bbox 852 418 1018 492; x_wconf 89' lang='grc' dir='ltr'><em>λόγον</em></span> <span class='ocrx_word' id='word_1_21' title='bbox 1048 415 1335 493; x_wconf 81' lang='grc' dir='ltr'><em>ἠθέλησαν</em></span> <span class='ocrx_word' id='word_1_22' title='bbox 1366 423 1570 494; x_wconf 81' lang='grc' dir='ltr'><em>Νέρων</em></span> <span class='ocrx_word' id='word_1_23' title='bbox 1599 421 1691 476; x_wconf 86' lang='grc' dir='ltr'><em>καὶ</em></span> <span class='ocrx_word' id='word_1_24' title='bbox 1714 429 1895 493; x_wconf 64' lang='grc' dir='ltr'><em>Δομε-</em></span> 
     </span>
     <span class='ocr_line' id='line_1_5' title="bbox 277 495 1896 581; baseline 0 -20"><span class='ocrx_word' id='word_1_25' title='bbox 277 501 526 576; x_wconf 76' lang='grc' dir='ltr'><em>“τιανὸς,</em></span> <span class='ocrx_word' id='word_1_26' title='bbox 558 502 657 577; x_wconf 87' lang='grc' dir='ltr'><em>ἀφ’</em></span> <span class='ocrx_word' id='word_1_27' title='bbox 697 495 775 560; x_wconf 70' lang='grc' dir='ltr'><em>οἷν</em></span> <span class='ocrx_word' id='word_1_28' title='bbox 806 506 898 560; x_wconf 86' lang='grc' dir='ltr'><em>καὶ</em></span> <span class='ocrx_word' id='word_1_29' title='bbox 927 501 987 560; x_wconf 86' lang='grc' dir='ltr'><em>τὸ</em></span> <span class='ocrx_word' id='word_1_30' title='bbox 1017 507 1112 575; x_wconf 87' lang='grc' dir='ltr'><em>τῆς</em></span> <span class='ocrx_word' id='word_1_31' title='bbox 1144 511 1520 578; x_wconf 81' lang='grc' dir='ltr'><em>συκοφαντίας</em></span> <span class='ocrx_word' id='word_1_32' title='bbox 1551 501 1732 581; x_wconf 74' lang='grc' dir='ltr'><em>ἀλόγῳ</em></span> <span class='ocrx_word' id='word_1_33' title='bbox 1765 522 1896 561; x_wconf 90' lang='grc' dir='ltr'><em>συν-</em></span> 
     </span>
     <span class='ocr_line' id='line_1_6' title="bbox 241 585 1894 663; baseline 0.001 -21"><span class='ocrx_word' id='word_1_34' title='bbox 241 612 260 642; x_wconf 86' lang='lat'>5</span> <span class='ocrx_word' id='word_1_35' title='bbox 276 585 479 662; x_wconf 77' lang='grc' dir='ltr'><em>“ηθείᾳ</em></span> <span class='ocrx_word' id='word_1_36' title='bbox 506 591 630 662; x_wconf 83' lang='grc' dir='ltr'><em>περὶ</em></span> <span class='ocrx_word' id='word_1_37' title='bbox 655 588 784 656; x_wconf 80' lang='grc' dir='ltr'><em>τούς</em></span> <span class='ocrx_word' id='word_1_38' title='bbox 808 586 1090 654; x_wconf 81' lang='grc' dir='ltr'><strong><em>τοιούτους</em></strong></span> <span class='ocrx_word' id='word_1_39' title='bbox 1109 593 1310 663; x_wconf 79' lang='grc' dir='ltr'><em>ῥυῆναι</em></span> <span class='ocrx_word' id='word_1_40' title='bbox 1334 590 1650 663; x_wconf 85' lang='grc' dir='ltr'><em>συμβέβηκε</em></span> <span class='ocrx_word' id='word_1_41' title='bbox 1673 592 1894 657; x_wconf 80' lang='grc' dir='ltr'><em>ψεῦδος.</em></span> 
     </span>
     <span class='ocr_line' id='line_1_7' title="bbox 274 670 1895 746; baseline 0.001 -19.06"><span class='ocrx_word' id='word_1_42' title='bbox 274 671 396 730; x_wconf 79' lang='grc'>“1(),</span> <span class='ocrx_word' id='word_1_43' title='bbox 432 670 570 729; x_wconf 75' lang='grc' dir='ltr'><em>ἄλλα</em></span> <span class='ocrx_word' id='word_1_44' title='bbox 601 671 702 746; x_wconf 88' lang='grc' dir='ltr'><em>τὴν</em></span> <span class='ocrx_word' id='word_1_45' title='bbox 736 675 966 731; x_wconf 83' lang='grc' dir='ltr'><em>ἐκείνων</em></span> <span class='ocrx_word' id='word_1_46' title='bbox 995 670 1228 744; x_wconf 86' lang='grc' dir='ltr'><em>άγνοιαν</em></span> <span class='ocrx_word' id='word_1_47' title='bbox 1258 677 1315 731; x_wconf 75' lang='grc' dir='ltr'><em>οἱ</em></span> <span class='ocrx_word' id='word_1_48' title='bbox 1341 676 1430 731; x_wconf 91' lang='grc' dir='ltr'><em>σοὶ</em></span> <span class='ocrx_word' id='word_1_49' title='bbox 1462 672 1710 746; x_wconf 78' lang='grc' dir='ltr'><em>εὐσεβεῖς</em></span> <span class='ocrx_word' id='word_1_50' title='bbox 1734 675 1895 729; x_wconf 85' lang='grc' dir='ltr'><em>πατέ-</em></span> 
     </span>
     <span class='ocr_line' id='line_1_8' title="bbox 273 755 1893 864; baseline -0.001 -49.974"><span class='ocrx_word' id='word_1_51' title='bbox 273 755 403 864; x_wconf 50' lang='grc' dir='ltr'><em>ἶρες</em></span> <span class='ocrx_word' id='word_1_52' title='bbox 429 755 929 830; x_wconf 72' lang='grc' dir='ltr'><em>ἐπηνωρθώσαντο,</em></span> <span class='ocrx_word' id='word_1_53' title='bbox 963 757 1226 825; x_wconf 75' lang='grc' dir='ltr'><em>πολλάκις</em></span> <span class='ocrx_word' id='word_1_54' title='bbox 1249 766 1472 825; x_wconf 76' lang='grc' dir='ltr'><em>πολλοῖς</em></span> <span class='ocrx_word' id='word_1_55' title='bbox 1500 755 1893 830; x_wconf 81' lang='grc' dir='ltr'><em>ἐπιπλήξαντες</em></span> 
     </span>
     <span class='ocr_line' id='line_1_9' title="bbox 275 837 1888 917; baseline 0.001 -20.026"><span class='ocrx_word' id='word_1_56' title='bbox 275 837 630 916; x_wconf 77' lang='grc' dir='ltr'><em>“ἐγγράφως,</em></span> <span class='ocrx_word' id='word_1_57' title='bbox 663 838 784 899; x_wconf 81' lang='grc' dir='ltr'><em>ὅσοι</em></span> <span class='ocrx_word' id='word_1_58' title='bbox 815 843 940 914; x_wconf 83' lang='grc' dir='ltr'><em>περὶ</em></span> <span class='ocrx_word' id='word_1_59' title='bbox 971 840 1183 900; x_wconf 80' lang='grc' dir='ltr'><em>τούτων</em></span> <span class='ocrx_word' id='word_1_60' title='bbox 1212 849 1535 917; x_wconf 78' lang='grc' dir='ltr'><em>νεωτερίσαι</em></span> <span class='ocrx_word' id='word_1_61' title='bbox 1569 839 1888 914; x_wconf 88' lang='grc' dir='ltr'><em>ἐτόλμησαν.</em></span> 
     </span>
     <span class='ocr_line' id='line_1_10' title="bbox 276 917 1894 1001; baseline -0.001 -19"><span class='ocrx_word' id='word_1_62' title='bbox 276 917 304 945; x_wconf 69' lang='lat'><em>“</em></span> <span class='ocrx_word' id='word_1_63' title='bbox 317 928 376 982; x_wconf 87' lang='grc' dir='ltr'><em>ἐν</em></span> <span class='ocrx_word' id='word_1_64' title='bbox 406 923 487 992; x_wconf 82' lang='grc' dir='ltr'><em>οἷς</em></span> <span class='ocrx_word' id='word_1_65' title='bbox 519 922 547 982; x_wconf 83' lang='grc' dir='ltr'>ὁ</span> <span class='ocrx_word' id='word_1_66' title='bbox 580 949 684 999; x_wconf 90' lang='grc' dir='ltr'><em>μεν</em></span> <span class='ocrx_word' id='word_1_67' title='bbox 715 925 935 992; x_wconf 80' lang='grc' dir='ltr'><em>πάππος</em></span> <span class='ocrx_word' id='word_1_68' title='bbox 968 946 1070 982; x_wconf 91' lang='grc' dir='ltr'><em>σου</em></span> <span class='ocrx_word' id='word_1_69' title='bbox 1097 924 1384 1001; x_wconf 79' lang='grc' dir='ltr'><em>Ἀδριανὸς</em></span> <span class='ocrx_word' id='word_1_70' title='bbox 1416 934 1639 993; x_wconf 81' lang='grc' dir='ltr'><em>πολλοῖς</em></span> <span class='ocrx_word' id='word_1_71' title='bbox 1669 925 1772 998; x_wconf 72' lang='grc' dir='ltr'><em>μὲν</em></span> <span class='ocrx_word' id='word_1_72' title='bbox 1802 928 1894 982; x_wconf 85' lang='grc' dir='ltr'><em>καὶ</em></span> 
     </span>
     <span class='ocr_line' id='line_1_11' title="bbox 226 1008 1894 1088; baseline 0.002 -26"><span class='ocrx_word' id='word_1_73' title='bbox 226 1032 263 1062; x_wconf 84' lang='grc' dir='ltr'><em>ιο</em></span> <span class='ocrx_word' id='word_1_74' title='bbox 278 1008 530 1081; x_wconf 78' lang='grc' dir='ltr'><em>“ἑίλλοις,</em></span> <span class='ocrx_word' id='word_1_75' title='bbox 564 1012 654 1066; x_wconf 86' lang='grc' dir='ltr'><em>καὶ</em></span> <span class='ocrx_word' id='word_1_76' title='bbox 688 1012 1001 1086; x_wconf 80' lang='grc' dir='ltr'><em>Φουνδανω</em></span> <span class='ocrx_word' id='word_1_77' title='bbox 1034 1011 1094 1067; x_wconf 76' lang='grc' dir='ltr'><em>δὲ</em></span> <span class='ocrx_word' id='word_1_78' title='bbox 1124 1015 1198 1088; x_wconf 78' lang='grc' dir='ltr'><em>τῷ</em></span> <span class='ocrx_word' id='word_1_79' title='bbox 1230 1009 1572 1087; x_wconf 80' lang='grc' dir='ltr'><em>ἀνθυπάτω,</em></span> <span class='ocrx_word' id='word_1_80' title='bbox 1605 1009 1894 1086; x_wconf 82' lang='grc' dir='ltr'><em>ἡγουμένω</em></span> 
     </span>
     <span class='ocr_line' id='line_1_12' title="bbox 274 1092 1894 1168; baseline 0 -18"><span class='ocrx_word' id='word_1_81' title='bbox 274 1093 373 1150; x_wconf 79' lang='grc' dir='ltr'><em>“ὃὲ</em></span> <span class='ocrx_word' id='word_1_82' title='bbox 404 1100 499 1165; x_wconf 86' lang='grc' dir='ltr'><em>τῆς</em></span> <span class='ocrx_word' id='word_1_83' title='bbox 523 1093 736 1166; x_wconf 78' lang='grc' dir='ltr'><em>Ἀσίας,</em></span> <span class='ocrx_word' id='word_1_84' title='bbox 779 1092 1013 1168; x_wconf 87' lang='grc' dir='ltr'><em>γράφων</em></span> <span class='ocrx_word' id='word_1_85' title='bbox 1043 1102 1330 1168; x_wconf 79' lang='grc' dir='ltr'><em>φαίνεται,</em></span> <span class='ocrx_word' id='word_1_86' title='bbox 1374 1094 1403 1152; x_wconf 85' lang='grc' dir='ltr'><em>ὃ</em></span> <span class='ocrx_word' id='word_1_87' title='bbox 1451 1096 1513 1152; x_wconf 78' lang='grc' dir='ltr'><em>δὲ</em></span> <span class='ocrx_word' id='word_1_88' title='bbox 1552 1092 1730 1167; x_wconf 82' lang='grc' dir='ltr'><em>πατήρ</em></span> <span class='ocrx_word' id='word_1_89' title='bbox 1771 1111 1894 1165; x_wconf 86' lang='grc' dir='ltr'><em>σου,</em></span> 
     </span>
     <span class='ocr_line' id='line_1_13' title="bbox 272 1175 1893 1255; baseline -0.001 -20"><span class='ocrx_word' id='word_1_90' title='bbox 272 1177 401 1235; x_wconf 67' lang='lat' dir='ltr'><em>“noel</em></span> <span class='ocrx_word' id='word_1_91' title='bbox 442 1181 545 1235; x_wconf 76' lang='grc' dir='ltr'><em>σοῦ</em></span> <span class='ocrx_word' id='word_1_92' title='bbox 583 1178 649 1234; x_wconf 74' lang='grc' dir='ltr'><em>τοὶ</em></span> <span class='ocrx_word' id='word_1_93' title='bbox 692 1177 988 1251; x_wconf 83' lang='grc' dir='ltr'><em>σύμπαντα</em></span> <span class='ocrx_word' id='word_1_94' title='bbox 1033 1183 1373 1246; x_wconf 81' lang='grc' dir='ltr'><em>διοικοῦντος</em></span> <span class='ocrx_word' id='word_1_95' title='bbox 1417 1177 1595 1255; x_wconf 75' lang='grc' dir='ltr'><em>αὐτῷ,</em></span> <span class='ocrx_word' id='word_1_96' title='bbox 1637 1190 1757 1244; x_wconf 82' lang='grc' dir='ltr'><em>ταῖς</em></span> <span class='ocrx_word' id='word_1_97' title='bbox 1796 1175 1893 1234; x_wconf 86' lang='grc' dir='ltr'><em>πό-</em></span> 
     </span>
     <span class='ocr_line' id='line_1_14' title="bbox 275 1258 1893 1337; baseline -0.001 -18"><span class='ocrx_word' id='word_1_98' title='bbox 275 1258 429 1319; x_wconf 71' lang='grc' dir='ltr'><em>“λεσι</em></span> <span class='ocrx_word' id='word_1_99' title='bbox 471 1264 597 1336; x_wconf 87' lang='grc' dir='ltr'><em>περὶ</em></span> <span class='ocrx_word' id='word_1_100' title='bbox 638 1267 736 1318; x_wconf 86' lang='grc' dir='ltr'><em>τοῦ</em></span> <span class='ocrx_word' id='word_1_101' title='bbox 777 1263 954 1335; x_wconf 77' lang='grc' dir='ltr'><em>μηδὲν</em></span> <span class='ocrx_word' id='word_1_102' title='bbox 993 1269 1338 1337; x_wconf 81' lang='grc' dir='ltr'><em>νεωτερίζειν</em></span> <span class='ocrx_word' id='word_1_103' title='bbox 1379 1265 1504 1336; x_wconf 83' lang='grc' dir='ltr'><em>περὶ</em></span> <span class='ocrx_word' id='word_1_104' title='bbox 1547 1261 1704 1335; x_wconf 70' lang='grc' dir='ltr'><em>ἡμῶν</em></span> <span class='ocrx_word' id='word_1_105' title='bbox 1737 1266 1893 1336; x_wconf 81' lang='grc' dir='ltr'><em>ἔγρα-</em></span> 
     </span>
     <span class='ocr_line' id='line_1_15' title="bbox 272 1342 1892 1420; baseline -0.001 -16"><span class='ocrx_word' id='word_1_106' title='bbox 272 1342 443 1418; x_wconf 37' lang='grc' dir='ltr'><em>(τψεν,</em></span> <span class='ocrx_word' id='word_1_107' title='bbox 489 1350 549 1403; x_wconf 87' lang='grc' dir='ltr'><em>ἐν</em></span> <span class='ocrx_word' id='word_1_108' title='bbox 588 1343 668 1412; x_wconf 84' lang='grc' dir='ltr'><em>οἷς</em></span> <span class='ocrx_word' id='word_1_109' title='bbox 710 1349 801 1403; x_wconf 83' lang='grc' dir='ltr'><em>καὶ</em></span> <span class='ocrx_word' id='word_1_110' title='bbox 841 1346 975 1420; x_wconf 84' lang='grc' dir='ltr'><em>πρὸς</em></span> <span class='ocrx_word' id='word_1_111' title='bbox 1008 1353 1347 1419; x_wconf 85' lang='grc' dir='ltr'><em>Λαρισαίους</em></span> <span class='ocrx_word' id='word_1_112' title='bbox 1392 1349 1484 1404; x_wconf 87' lang='grc' dir='ltr'><em>καὶ</em></span> <span class='ocrx_word' id='word_1_113' title='bbox 1514 1346 1651 1418; x_wconf 81' lang='grc' dir='ltr'><em>πρὸς</em></span> <span class='ocrx_word' id='word_1_114' title='bbox 1683 1355 1892 1403; x_wconf 83' lang='grc' dir='ltr'><em>Θεσσα·</em></span> 
     </span>
     <span class='ocr_line' id='line_1_16' title="bbox 219 1424 1956 1506; baseline 0 -19"><span class='ocrx_word' id='word_1_115' title='bbox 219 1450 258 1481; x_wconf 82' lang='grc'><em>15</em></span> <span class='ocrx_word' id='word_1_116' title='bbox 274 1429 546 1498; x_wconf 80' lang='grc' dir='ltr'><em>“λονικεῖς</em></span> <span class='ocrx_word' id='word_1_117' title='bbox 578 1432 668 1487; x_wconf 82' lang='grc' dir='ltr'><em>καὶ</em></span> <span class='ocrx_word' id='word_1_118' title='bbox 696 1428 1027 1504; x_wconf 79' lang='grc' dir='ltr'><em>Ἀθηναίους</em></span> <span class='ocrx_word' id='word_1_119' title='bbox 1059 1434 1151 1489; x_wconf 83' lang='grc' dir='ltr'><em>καὶ</em></span> <span class='ocrx_word' id='word_1_120' title='bbox 1193 1430 1330 1506; x_wconf 86' lang='grc' dir='ltr'><em>πρὸς</em></span> <span class='ocrx_word' id='word_1_121' title='bbox 1371 1429 1580 1498; x_wconf 81' lang='grc' dir='ltr'><em>πάντας</em></span> <span class='ocrx_word' id='word_1_122' title='bbox 1607 1428 1891 1502; x_wconf 79' lang='grc' dir='ltr'><em>Ἕλληνας.</em></span> <span class='ocrx_word' id='word_1_123' title='bbox 1945 1424 1956 1433; x_wconf 63' lang='grc'><strong>’</strong></span> 
     </span>
     <span class='ocr_line' id='line_1_17' title="bbox 273 1511 1893 1589; baseline 0 -18"><span class='ocrx_word' id='word_1_124' title='bbox 273 1511 391 1572; x_wconf 81' lang='lat' dir='ltr'>“ll.</span> <span class='ocrx_word' id='word_1_125' title='bbox 412 1515 474 1572; x_wconf 75' lang='grc' dir='ltr'><em>σὲ</em></span> <span class='ocrx_word' id='word_1_126' title='bbox 500 1515 561 1571; x_wconf 75' lang='grc' dir='ltr'><em>δὲ</em></span> <span class='ocrx_word' id='word_1_127' title='bbox 584 1518 674 1572; x_wconf 84' lang='grc' dir='ltr'><em>καὶ</em></span> <span class='ocrx_word' id='word_1_128' title='bbox 696 1519 906 1588; x_wconf 79' lang='grc' dir='ltr'><em>μάλλον</em></span> <span class='ocrx_word' id='word_1_129' title='bbox 926 1518 1053 1589; x_wconf 86' lang='grc' dir='ltr'><em>περὶ</em></span> <span class='ocrx_word' id='word_1_130' title='bbox 1081 1514 1294 1574; x_wconf 85' lang='grc' dir='ltr'><em>τούτων</em></span> <span class='ocrx_word' id='word_1_131' title='bbox 1322 1515 1425 1588; x_wconf 80' lang='grc' dir='ltr'><em>τὴν</em></span> <span class='ocrx_word' id='word_1_132' title='bbox 1455 1513 1632 1588; x_wconf 80' lang='grc' dir='ltr'><em>αὐτὴν</em></span> <span class='ocrx_word' id='word_1_133' title='bbox 1663 1518 1893 1581; x_wconf 85' lang='grc' dir='ltr'><em>ἐκείνοις</em></span> 
     </span>
     <span class='ocr_line' id='line_1_18' title="bbox 272 1598 1893 1674; baseline -0.001 -18"><span class='ocrx_word' id='word_1_134' title='bbox 272 1598 794 1672; x_wconf 42' lang='grc' dir='ltr'><em>’(ἔχονταῪνώμην,</em></span> <span class='ocrx_word' id='word_1_135' title='bbox 837 1602 928 1657; x_wconf 87' lang='grc' dir='ltr'><em>καὶ</em></span> <span class='ocrx_word' id='word_1_136' title='bbox 960 1599 1109 1657; x_wconf 72' lang='grc' dir='ltr'><em>πολύ</em></span> <span class='ocrx_word' id='word_1_137' title='bbox 1139 1624 1201 1673; x_wconf 86' lang='grc' dir='ltr'><em>γε</em></span> <span class='ocrx_word' id='word_1_138' title='bbox 1231 1601 1771 1674; x_wconf 79' lang='grc' dir='ltr'><em>φιλανθρωποτέραν</em></span> <span class='ocrx_word' id='word_1_139' title='bbox 1801 1600 1893 1655; x_wconf 83' lang='grc' dir='ltr'><em>καὶ</em></span> 
     </span>
     <span class='ocr_line' id='line_1_19' title="bbox 271 1679 1892 1758; baseline -0.001 -18"><span class='ocrx_word' id='word_1_140' title='bbox 271 1682 795 1758; x_wconf 81' lang='grc' dir='ltr'><em>“φιλοσοφωτέραν,</em></span> <span class='ocrx_word' id='word_1_141' title='bbox 849 1691 1196 1758; x_wconf 83' lang='grc' dir='ltr'><em>πεπείσμεθα</em></span> <span class='ocrx_word' id='word_1_142' title='bbox 1236 1683 1415 1742; x_wconf 86' lang='grc' dir='ltr'><em>πάντα</em></span> <span class='ocrx_word' id='word_1_143' title='bbox 1468 1683 1737 1758; x_wconf 85' lang='grc' dir='ltr'><em>πράσσειν</em></span> <span class='ocrx_word' id='word_1_144' title='bbox 1789 1679 1892 1740; x_wconf 76' lang='grc' dir='ltr'><em>ὅσα</em></span> 
     </span>
     <span class='ocr_line' id='line_1_20' title="bbox 272 1766 1892 1844; baseline -0.001 -20"><span class='ocrx_word' id='word_1_145' title='bbox 272 1767 412 1825; x_wconf 76' lang='grc' dir='ltr'><em>“σου</em></span> <span class='ocrx_word' id='word_1_146' title='bbox 459 1767 757 1841; x_wconf 80' lang='grc' dir='ltr'><em>δεόμεθα.”</em></span> <span class='ocrx_word' id='word_1_147' title='bbox 836 1773 914 1826; x_wconf 76' lang='grc'><em>12.</em></span> <span class='ocrx_word' id='word_1_148' title='bbox 950 1766 1088 1826; x_wconf 73' lang='grc' dir='ltr'><em>ἀλλὰ</em></span> <span class='ocrx_word' id='word_1_149' title='bbox 1131 1772 1303 1827; x_wconf 78' lang='grc' dir='ltr'><em>ταῦτα</em></span> <span class='ocrx_word' id='word_1_150' title='bbox 1347 1770 1450 1842; x_wconf 74' lang='grc' dir='ltr'><em>μὲν</em></span> <span class='ocrx_word' id='word_1_151' title='bbox 1494 1771 1553 1826; x_wconf 84' lang='grc' dir='ltr'><em>ἐν</em></span> <span class='ocrx_word' id='word_1_152' title='bbox 1592 1771 1667 1844; x_wconf 77' lang='grc' dir='ltr'><em>τῷ</em></span> <span class='ocrx_word' id='word_1_153' title='bbox 1711 1772 1892 1839; x_wconf 81' lang='grc' dir='ltr'><em>δηλω-</em></span> 
     </span>
     <span class='ocr_line' id='line_1_21' title="bbox 218 1848 1892 1930; baseline -0.001 -21"><span class='ocrx_word' id='word_1_154' title='bbox 218 1872 257 1902; x_wconf 67' lang='lat'><em>21)</em></span> <span class='ocrx_word' id='word_1_155' title='bbox 281 1856 439 1909; x_wconf 84' lang='grc' dir='ltr'><em>θέντι</em></span> <span class='ocrx_word' id='word_1_156' title='bbox 479 1857 723 1910; x_wconf 77' lang='grc' dir='ltr'><em>τέθειται</em></span> <span class='ocrx_word' id='word_1_157' title='bbox 768 1852 929 1930; x_wconf 75' lang='grc' dir='ltr'><em>λόγῳ.</em></span> <span class='ocrx_word' id='word_1_158' title='bbox 1015 1858 1076 1911; x_wconf 90' lang='grc' dir='ltr'><em>ἐν</em></span> <span class='ocrx_word' id='word_1_159' title='bbox 1118 1854 1179 1911; x_wconf 73' lang='grc' dir='ltr'><em>δὲ</em></span> <span class='ocrx_word' id='word_1_160' title='bbox 1217 1868 1335 1921; x_wconf 85' lang='grc' dir='ltr'><em>ταῖς</em></span> <span class='ocrx_word' id='word_1_161' title='bbox 1374 1858 1698 1927; x_wconf 81' lang='grc' dir='ltr'><em>γραφείσαις</em></span> <span class='ocrx_word' id='word_1_162' title='bbox 1742 1848 1892 1927; x_wconf 75' lang='grc' dir='ltr'><em>αὐτῷ</em></span> 
     </span>
     <span class='ocr_line' id='line_1_22' title="bbox 282 1934 1890 2013; baseline 0 -20"><span class='ocrx_word' id='word_1_163' title='bbox 282 1941 530 2008; x_wconf 78' lang='grc' dir='ltr'><em>ἐκλογαῖς</em></span> <span class='ocrx_word' id='word_1_164' title='bbox 561 1936 588 1994; x_wconf 88' lang='grc' dir='ltr'>ὁ</span> <span class='ocrx_word' id='word_1_165' title='bbox 622 1935 784 2004; x_wconf 80' lang='grc' dir='ltr'><em>αὐτὸς</em></span> <span class='ocrx_word' id='word_1_166' title='bbox 827 1937 964 1994; x_wconf 75' lang='grc' dir='ltr'><em>κατὰ</em></span> <span class='ocrx_word' id='word_1_167' title='bbox 994 1936 1052 1994; x_wconf 85' lang='grc' dir='ltr'><em>τὸ</em></span> <span class='ocrx_word' id='word_1_168' title='bbox 1084 1945 1375 2013; x_wconf 87' lang='grc' dir='ltr'><em>προοίμιον</em></span> <span class='ocrx_word' id='word_1_169' title='bbox 1416 1936 1548 1994; x_wconf 83' lang='grc' dir='ltr'><em>αὐτὸ</em></span> <span class='ocrx_word' id='word_1_170' title='bbox 1589 1934 1890 2010; x_wconf 81' lang='grc' dir='ltr'><em>ἀρχόμενος</em></span> 
     </span>
     <span class='ocr_line' id='line_1_23' title="bbox 280 2017 1892 2095; baseline 0.001 -19"><span class='ocrx_word' id='word_1_171' title='bbox 280 2024 391 2077; x_wconf 77' lang='grc' dir='ltr'><em>τῶν</em></span> <span class='ocrx_word' id='word_1_172' title='bbox 431 2017 889 2094; x_wconf 82' lang='grc' dir='ltr'><em>ὁμολογουμένων</em></span> <span class='ocrx_word' id='word_1_173' title='bbox 928 2028 1022 2093; x_wconf 84' lang='grc' dir='ltr'><em>τῆς</em></span> <span class='ocrx_word' id='word_1_174' title='bbox 1062 2027 1300 2090; x_wconf 83' lang='grc' dir='ltr'><em>παλαιᾶς</em></span> <span class='ocrx_word' id='word_1_175' title='bbox 1345 2022 1616 2094; x_wconf 80' lang='grc' dir='ltr'><em>διαθήκης</em></span> <span class='ocrx_word' id='word_1_176' title='bbox 1655 2021 1892 2095; x_wconf 73' lang='grc' dir='ltr'><em>γραφῶν</em></span> 
     </span>
     <span class='ocr_line' id='line_1_24' title="bbox 282 2102 1890 2179; baseline 0 -19"><span class='ocrx_word' id='word_1_177' title='bbox 282 2118 516 2161; x_wconf 88' lang='grc' dir='ltr'><em>ποιεῖται</em></span> <span class='ocrx_word' id='word_1_178' title='bbox 559 2105 891 2177; x_wconf 83' lang='grc' dir='ltr'><em>κατάλογον,</em></span> <span class='ocrx_word' id='word_1_179' title='bbox 942 2102 1009 2162; x_wconf 79' lang='grc' dir='ltr'><em>ὃν</em></span> <span class='ocrx_word' id='word_1_180' title='bbox 1050 2109 1141 2163; x_wconf 86' lang='grc' dir='ltr'><em>καὶ</em></span> <span class='ocrx_word' id='word_1_181' title='bbox 1172 2103 1478 2179; x_wconf 74' lang='grc' dir='ltr'><em>ἀναγκαῖον</em></span> <span class='ocrx_word' id='word_1_182' title='bbox 1512 2109 1757 2162; x_wconf 85' lang='grc' dir='ltr'><em>ἐνταῦθα</em></span> <span class='ocrx_word' id='word_1_183' title='bbox 1797 2127 1890 2161; x_wconf 80' lang='grc' dir='ltr'><em>κα-</em></span> 
     </span>
     <span class='ocr_line' id='line_1_25' title="bbox 281 2186 1890 2265; baseline 0 -21"><span class='ocrx_word' id='word_1_184' title='bbox 281 2191 511 2256; x_wconf 83' lang='grc' dir='ltr'><em>ταλέξαι.</em></span> <span class='ocrx_word' id='word_1_185' title='bbox 570 2193 647 2245; x_wconf 80' lang='lat'><em>13.</em></span> <span class='ocrx_word' id='word_1_186' title='bbox 684 2188 884 2262; x_wconf 89' lang='grc' dir='ltr'><em>γράφει</em></span> <span class='ocrx_word' id='word_1_187' title='bbox 912 2190 972 2245; x_wconf 75' lang='grc' dir='ltr'><em>δὲ</em></span> <span class='ocrx_word' id='word_1_188' title='bbox 995 2187 1170 2255; x_wconf 75' lang='grc' dir='ltr'><em>οὕτως</em></span> <span class='ocrx_word' id='word_1_189' title='bbox 1188 2187 1490 2247; x_wconf 77' lang='grc' dir='ltr'><em>“Μελίτων</em></span> <span class='ocrx_word' id='word_1_190' title='bbox 1509 2186 1782 2265; x_wconf 76' lang='grc' dir='ltr'><em>Ὀνησίμῳ</em></span> <span class='ocrx_word' id='word_1_191' title='bbox 1813 2193 1890 2264; x_wconf 79' lang='grc' dir='ltr'><em>τῷ</em></span> 
     </span>
     <span class='ocr_line' id='line_1_26' title="bbox 218 2268 1892 2347; baseline -0.001 -18"><span class='ocrx_word' id='word_1_192' title='bbox 218 2268 538 2347; x_wconf 71' lang='grc' dir='ltr'><em>25“άδελφςό</em></span> <span class='ocrx_word' id='word_1_193' title='bbox 571 2279 795 2345; x_wconf 90' lang='grc' dir='ltr'><em>χαίρειν.</em></span> <span class='ocrx_word' id='word_1_194' title='bbox 862 2271 1052 2344; x_wconf 83' lang='grc' dir='ltr'><em>ἐπειδὴ</em></span> <span class='ocrx_word' id='word_1_195' title='bbox 1095 2272 1353 2341; x_wconf 84' lang='grc' dir='ltr'><em>πολλάκις</em></span> <span class='ocrx_word' id='word_1_196' title='bbox 1391 2272 1627 2346; x_wconf 82' lang='grc' dir='ltr'><em>ἠξίωσας</em></span> <span class='ocrx_word' id='word_1_197' title='bbox 1671 2273 1892 2346; x_wconf 78' lang='grc' dir='ltr'><em>σπουδῇ</em></span> 
     </span>
     <span class='ocr_line' id='line_1_27' title="bbox 271 2355 1888 2430; baseline 0 -17"><span class='ocrx_word' id='word_1_198' title='bbox 271 2355 376 2429; x_wconf 77' lang='grc' dir='ltr'><em>“τῇ</em></span> <span class='ocrx_word' id='word_1_199' title='bbox 408 2355 542 2430; x_wconf 86' lang='grc' dir='ltr'><em>πρὸς</em></span> <span class='ocrx_word' id='word_1_200' title='bbox 572 2356 668 2414; x_wconf 89' lang='grc' dir='ltr'><em>τὸν</em></span> <span class='ocrx_word' id='word_1_201' title='bbox 701 2356 865 2430; x_wconf 86' lang='grc' dir='ltr'><em>λόγον</em></span> <span class='ocrx_word' id='word_1_202' title='bbox 906 2355 1182 2430; x_wconf 78' lang='grc' dir='ltr'><em>χρώμενος</em></span> <span class='ocrx_word' id='word_1_203' title='bbox 1228 2362 1488 2430; x_wconf 85' lang='grc' dir='ltr'><em>γενέσθαι</em></span> <span class='ocrx_word' id='word_1_204' title='bbox 1534 2355 1760 2429; x_wconf 86' lang='grc' dir='ltr'><em>ἐκλογάς</em></span> <span class='ocrx_word' id='word_1_205' title='bbox 1801 2374 1888 2414; x_wconf 92' lang='grc' dir='ltr'><em>σοι</em></span> 
     </span>
     <span class='ocr_line' id='line_1_28' title="bbox 272 2439 1888 2516; baseline 0.001 -20"><span class='ocrx_word' id='word_1_206' title='bbox 272 2439 372 2497; x_wconf 59' lang='lat' dir='ltr'><em>“gu</em></span> <span class='ocrx_word' id='word_1_207' title='bbox 401 2463 460 2497; x_wconf 90' lang='grc' dir='ltr'><em>τε</em></span> <span class='ocrx_word' id='word_1_208' title='bbox 489 2444 588 2498; x_wconf 80' lang='grc' dir='ltr'><em>τοῦ</em></span> <span class='ocrx_word' id='word_1_209' title='bbox 619 2440 793 2514; x_wconf 89' lang='grc' dir='ltr'><em>νόμου</em></span> <span class='ocrx_word' id='word_1_210' title='bbox 824 2443 916 2498; x_wconf 84' lang='grc' dir='ltr'><em>καὶ</em></span> <span class='ocrx_word' id='word_1_211' title='bbox 950 2444 1060 2498; x_wconf 76' lang='grc' dir='ltr'><em>τῶν</em></span> <span class='ocrx_word' id='word_1_212' title='bbox 1091 2447 1392 2516; x_wconf 78' lang='grc' dir='ltr'><em>προφητῶν</em></span> <span class='ocrx_word' id='word_1_213' title='bbox 1422 2443 1548 2515; x_wconf 90' lang='grc' dir='ltr'><em>περὶ</em></span> <span class='ocrx_word' id='word_1_214' title='bbox 1579 2446 1678 2498; x_wconf 84' lang='grc' dir='ltr'><em>τοῦ</em></span> <span class='ocrx_word' id='word_1_215' title='bbox 1718 2444 1888 2512; x_wconf 89' lang='grc' dir='ltr'><em>σωτῆ-</em></span> 
     </span>
     <span class='ocr_line' id='line_1_29' title="bbox 275 2522 1888 2600; baseline -0.001 -19"><span class='ocrx_word' id='word_1_216' title='bbox 275 2522 406 2597; x_wconf 77' lang='grc' dir='ltr'><em>“ρος</em></span> <span class='ocrx_word' id='word_1_217' title='bbox 438 2527 527 2581; x_wconf 83' lang='grc' dir='ltr'><em>καὶ</em></span> <span class='ocrx_word' id='word_1_218' title='bbox 561 2524 738 2598; x_wconf 89' lang='grc' dir='ltr'><em>πάσης</em></span> <span class='ocrx_word' id='word_1_219' title='bbox 769 2530 863 2597; x_wconf 83' lang='grc' dir='ltr'><em>τῆς</em></span> <span class='ocrx_word' id='word_1_220' title='bbox 895 2531 1128 2592; x_wconf 88' lang='grc' dir='ltr'><em>πίστεως</em></span> <span class='ocrx_word' id='word_1_221' title='bbox 1159 2525 1337 2600; x_wconf 75' lang='grc' dir='ltr'><em>ἡμῶν,</em></span> <span class='ocrx_word' id='word_1_222' title='bbox 1372 2533 1449 2584; x_wconf 85' lang='grc' dir='ltr'><em>ἔτι</em></span> <span class='ocrx_word' id='word_1_223' title='bbox 1483 2526 1543 2583; x_wconf 73' lang='grc' dir='ltr'><em>δὲ</em></span> <span class='ocrx_word' id='word_1_224' title='bbox 1568 2527 1660 2582; x_wconf 82' lang='grc' dir='ltr'><em>καὶ</em></span> <span class='ocrx_word' id='word_1_225' title='bbox 1682 2535 1888 2599; x_wconf 86' lang='grc' dir='ltr'><em>μαθεῖν</em></span> 
     </span>
     <span class='ocr_line' id='line_1_30' title="bbox 272 2605 1884 2684; baseline -0.001 -18"><span class='ocrx_word' id='word_1_226' title='bbox 272 2605 410 2681; x_wconf 72' lang='grc' dir='ltr'><em>“τὴν</em></span> <span class='ocrx_word' id='word_1_227' title='bbox 461 2612 571 2666; x_wconf 72' lang='grc' dir='ltr'><em>τῶν</em></span> <span class='ocrx_word' id='word_1_228' title='bbox 623 2614 874 2667; x_wconf 77' lang='grc' dir='ltr'><em>παλαιῶν</em></span> <span class='ocrx_word' id='word_1_229' title='bbox 926 2616 1162 2681; x_wconf 86' lang='grc' dir='ltr'><em>βιβλίων</em></span> <span class='ocrx_word' id='word_1_230' title='bbox 1216 2610 1528 2684; x_wconf 85' lang='grc' dir='ltr'><em>ἐβουλήθης</em></span> <span class='ocrx_word' id='word_1_231' title='bbox 1575 2608 1884 2683; x_wconf 80' lang='grc' dir='ltr'><em>ἀκρίβειαν,</em></span> 
     </span>
     <span class='ocr_line' id='line_1_31' title="bbox 218 2690 1918 2768; baseline -0.001 -18"><span class='ocrx_word' id='word_1_232' title='bbox 218 2692 462 2750; x_wconf 79' lang='grc' dir='ltr'><em>30“πο’σα</em></span> <span class='ocrx_word' id='word_1_233' title='bbox 493 2693 592 2751; x_wconf 85' lang='grc' dir='ltr'><em>τὸν</em></span> <span class='ocrx_word' id='word_1_234' title='bbox 622 2691 865 2767; x_wconf 76' lang='grc' dir='ltr'><em>ἀριθμὸν</em></span> <span class='ocrx_word' id='word_1_235' title='bbox 895 2696 986 2750; x_wconf 85' lang='grc' dir='ltr'><em>καὶ</em></span> <span class='ocrx_word' id='word_1_236' title='bbox 1019 2690 1184 2752; x_wconf 89' lang='grc' dir='ltr'><em>ὁποῖα</em></span> <span class='ocrx_word' id='word_1_237' title='bbox 1215 2694 1317 2768; x_wconf 75' lang='grc' dir='ltr'><em>τὴν</em></span> <span class='ocrx_word' id='word_1_238' title='bbox 1347 2695 1502 2763; x_wconf 83' lang='grc' dir='ltr'><em>τάξιν</em></span> <span class='ocrx_word' id='word_1_239' title='bbox 1526 2693 1656 2766; x_wconf 83' lang='grc' dir='ltr'><em>εἷεν,</em></span> <span class='ocrx_word' id='word_1_240' title='bbox 1691 2690 1918 2750; x_wconf 53' lang='grc' dir='ltr'><em>ἐσπούκ</em></span> 
     </span>
     <span class='ocr_line' id='line_1_32' title="bbox 275 2774 1886 2853; baseline -0.001 -19"><span class='ocrx_word' id='word_1_241' title='bbox 275 2774 457 2835; x_wconf 61' lang='lat' dir='ltr'><em>“datm</em></span> <span class='ocrx_word' id='word_1_242' title='bbox 487 2777 547 2835; x_wconf 81' lang='grc' dir='ltr'><em>τὸ</em></span> <span class='ocrx_word' id='word_1_243' title='bbox 578 2782 791 2836; x_wconf 79' lang='grc' dir='ltr'><em>τοιοῦτο</em></span> <span class='ocrx_word' id='word_1_244' title='bbox 823 2782 1052 2851; x_wconf 77' lang='grc' dir='ltr'><em>πρᾶξαι,</em></span> <span class='ocrx_word' id='word_1_245' title='bbox 1098 2779 1454 2853; x_wconf 83' lang='grc' dir='ltr'><em>ἐπιστάμενός</em></span> <span class='ocrx_word' id='word_1_246' title='bbox 1494 2798 1596 2836; x_wconf 89' lang='grc' dir='ltr'><em>σου</em></span> <span class='ocrx_word' id='word_1_247' title='bbox 1626 2777 1685 2835; x_wconf 86' lang='grc' dir='ltr'><em>τὸ</em></span> <span class='ocrx_word' id='word_1_248' title='bbox 1718 2795 1886 2834; x_wconf 89' lang='grc' dir='ltr'><em>σπου-</em></span> 
     </span>
     <span class='ocr_line' id='line_1_33' title="bbox 273 2859 1883 2942; baseline -0.001 -23"><span class='ocrx_word' id='word_1_249' title='bbox 273 2859 472 2920; x_wconf 77' lang='grc' dir='ltr'><em>“δαῖον</em></span> <span class='ocrx_word' id='word_1_250' title='bbox 503 2865 628 2938; x_wconf 84' lang='grc' dir='ltr'><em>περὶ</em></span> <span class='ocrx_word' id='word_1_251' title='bbox 652 2863 754 2935; x_wconf 84' lang='grc' dir='ltr'><em>τὴν</em></span> <span class='ocrx_word' id='word_1_252' title='bbox 778 2870 964 2920; x_wconf 84' lang='grc' dir='ltr'><em>πίστιν</em></span> <span class='ocrx_word' id='word_1_253' title='bbox 992 2865 1082 2920; x_wconf 85' lang='grc' dir='ltr'><em>καὶ</em></span> <span class='ocrx_word' id='word_1_254' title='bbox 1106 2864 1414 2937; x_wconf 78' lang='grc' dir='ltr'><em>φιλομαθὲς</em></span> <span class='ocrx_word' id='word_1_255' title='bbox 1431 2867 1556 2938; x_wconf 87' lang='grc' dir='ltr'><em>περὶ</em></span> <span class='ocrx_word' id='word_1_256' title='bbox 1581 2862 1676 2920; x_wconf 86' lang='grc' dir='ltr'><em>τὸν</em></span> <span class='ocrx_word' id='word_1_257' title='bbox 1698 2861 1883 2942; x_wconf 39' lang='grc' dir='ltr'><em>λόγον,</em></span> 
     </span>
    </p>
   </div>
  </div>
 </body>
</html>
