1986 3152
278 140 381 190 274
950 137 1196 178 EUSEBII

280 255 477 326 στεράν
508 255 864 309 καταπτᾶσαι]
897 254 1342 323 ἐπικαθεσθῆναι
1371 253 1436 325 τῇ
1468 248 1638 309 αὐτοῦ
1672 255 1890 326 κεφαλῇ

278 335 717 411 μνημονεύουσι,
772 343 985 409 μίμημα
1040 337 1470 407 ἐνδεικνυμένην
1521 339 1616 408 τῆς
1662 339 1750 394 ἐπὶ
1791 336 1890 394 τὸν

280 424 499 492 σωτῆρα
550 423 648 478 τοῦ
699 416 862 491 ἁγίου
915 419 1222 491 πνεύματος
1277 423 1336 475 ἐν
1383 425 1518 476 εἴδει
1564 426 1889 495 περιστερᾶς

281 503 546 562 καθόδου.
617 508 664 560 4.
711 503 800 576 ἐφ’
838 495 882 579 ᾦ
911 501 1006 560 τὸν
1037 502 1218 560 πάντα
1249 502 1383 559 λαὸν
1415 502 1598 575 ὥσπερ
1628 500 1731 576 ὑφ’
1768 504 1892 572 ἑνὸς

239 587 590 661 ὃπνεύματος
638 595 802 645 θείου
855 589 1156 660 κινηθέντα
1207 583 1374 660 ὁμόσε
1415 595 1703 664 προθυμίᾳ
1741 588 1890 663 πάσῃ

280 676 370 730 καὶ
410 677 507 748 μιᾷ
547 677 695 746 ψυχῇ
737 670 889 740 ἄξιον
944 676 1261 744 ἐπιβοῆσαι,
1311 673 1402 728 καὶ
1444 668 1758 744 ἆμελλήτως
1803 675 1890 730 ἐπὶ

279 755 374 814 τὸν
405 755 617 829 θρόνον
647 761 741 829 τῆς
773 760 1074 828 ἐπισκοπῆς
1098 754 1371 828 λαβόντας
1394 754 1566 812 αὐτὸν
1592 759 1887 815 ἐπιθεῖναι.

280 840 398 898 τότε
445 838 513 914 δὴ
546 844 638 898 καὶ
668 844 767 898 τοῦ
798 840 918 897 κατ’
949 839 1289 913 Ἀντιόχειαν
1321 839 1622 916 ἐπισκόπου
1654 847 1892 914 Ζεβίνου

281 924 375 982 τὸν
418 931 543 997 βίον
582 924 1013 998 μεταλλάξαντος
1052 923 1309 997 Βαβύλας
1349 925 1451 996 τὴν
1492 923 1668 998 ἀρχὴν
1712 930 1892 983 διαδέ-

219 1031 258 1061 10
283 1034 459 1084 χεται,
505 1016 566 1066 ἕν
604 1032 662 1066 τε
693 1008 1082 1084 Ἀλεξανδρεία
1121 1008 1256 1081 μετὰ
1297 1010 1618 1083 Δημήτριον
1652 1006 1895 1083 Ἡρακλᾶ

281 1119 382 1165 την
413 1100 763 1166 λειτουργίαν
794 1092 1194 1167 παρειληφότος
1225 1097 1321 1164 τῆς
1351 1097 1463 1150 τῶν
1493 1090 1695 1150 αὐτόθι
1726 1117 1893 1165 κατη-

283 1177 492 1278 χησεως
522 1178 624 1250 τὴν
659 1177 953 1250 διατριβὴν
986 1180 1296 1249 διαδέχεται
1326 1175 1657 1250 Διονύσιος,
1693 1175 1770 1244 εἷς
1801 1179 1894 1235 καὶ

283 1263 440 1328 οὗτος
470 1267 583 1319 τῶν
608 1258 926 1334 ᾨριγένους
956 1259 1252 1334 γενόμενος
1283 1266 1574 1333 φοιτητῶν.

410 1357 557 1406 XXX.
613 1356 739 1422 [Nic.
771 1357 826 1405 Η.
857 1357 910 1405 Ε.
941 1357 994 1412 V,
1025 1353 1134 1421 20]
1233 1350 1320 1420 Τῷ
1375 1346 1436 1402 δὲ
1481 1343 1753 1419 Ὠριγένει
1806 1348 1895 1403 ἐπὶ

222 1449 261 1479 15
285 1434 380 1504 τῆς
412 1437 749 1504 Καισαρείας
791 1453 857 1486 τα
899 1428 1123 1502 συνήθη
1163 1451 1457 1502 πραττοντι
1499 1432 1692 1488 πολλοὶ
1722 1448 1895 1503 προσ-

282 1513 455 1589 ῄεσαν
496 1513 560 1572 οὐ
603 1513 775 1587 μόνον
813 1517 926 1571 τῶν
969 1517 1306 1588 ἐπιχωρίων,
1348 1513 1486 1571 αλλα
1529 1516 1621 1571 καὶ
1663 1511 1769 1572 ἆπὸ
1800 1520 1896 1587 τῆς

285 1598 602 1671 ἀλλοδαπῆς
644 1605 832 1672 μυρίοι
873 1601 1126 1671 φοιτηταὶ
1159 1597 1254 1665 τοὶς
1285 1604 1557 1670 πατρίδας
1587 1597 1895 1656 ἀπολιπόν-

284 1707 400 1756 τες,
444 1709 523 1741 ων
567 1682 861 1756 ἐπισήμους
902 1683 1137 1756 μάλιστα
1179 1690 1427 1756 ἔγνωμεν
1470 1683 1794 1757 Θεόδωρον,
1836 1681 1895 1750 ὃς

284 1793 356 1840 ην
409 1766 573 1834 αὐτὸς
613 1769 774 1835 οὗτος
813 1764 841 1824 ὃ
883 1764 1019 1824 καθ
1062 1766 1204 1839 ἡμᾶς
1247 1765 1560 1824 ἐπισκόπων
1603 1766 1896 1840 διαβόητος

221 1869 261 1901 20
286 1851 610 1925 Γρηγόριος,
643 1851 739 1909 τόν
769 1877 827 1909 τε
856 1851 1055 1909 τούτου
1087 1850 1331 1923 ἀδελφὸν
1355 1849 1766 1925 Ἀθηνόδωρον,
1799 1875 1897 1918 ους

286 1933 427 2010 ἀμφὶ
477 1933 855 2009 ταῘΕλλήνων
907 1939 998 1992 καὶ
1026 1932 1308 2009 Ῥωμαίων
1358 1934 1660 2008 μαθήματα
1701 1939 1897 2002 δεινῶς

289 2023 684 2094 ἐπτοημένους,
726 2026 1061 2093 φιλοσοφίας
1103 2017 1289 2086 αὐτοῖς
1330 2022 1514 2087 ἐνθεὶς
1556 2026 1758 2092 ἔρωτα,
1801 2025 1898 2092 τῆς

287 2106 554 2178 προτέρας
596 2108 843 2177 σπουδῆς
882 2104 985 2176 τὴν
1025 2111 1192 2162 θείαν
1233 2104 1468 2176 ἄσκησιν
1498 2102 1898 2161 ἀντικαταλλά-

288 2192 491 2255 ξασθαι
542 2191 936 2262 προυτρέψατο.
1023 2190 1187 2245 πέντε
1239 2188 1301 2244 δὲ
1341 2186 1486 2254 ὅλοις
1528 2193 1709 2245 ἔτεσιν
1749 2185 1900 2264 αὐτῷ

225 2289 264 2320 2⁵
290 2270 685 2345 συγγενόμενοι
733 2270 1011 2344 τοσαύτην
1062 2271 1443 2344 ἀπηνέγκαντο
1495 2274 1621 2344 περὶ
1665 2271 1730 2328 τὰ
1768 2283 1898 2330 θεῖα

290 2362 584 2427 βελτίωσιν
625 2352 696 2421 ὥς
739 2361 816 2412 ἔτι
858 2357 1017 2421 νέους
1059 2356 1223 2429 ἄμφω
1268 2360 1567 2428 ἐπισκοπῆς
1606 2360 1719 2414 τῶν
1761 2354 1897 2413 κατὰ

289 2439 511 2498 Πόντον
545 2443 848 2512 ἐκκλησιῶν
880 2437 1204 2513 ἀξιωθῆναι.

416 2535 583 2584 XXXI.
641 2535 768 2601 [Nic.
797 2536 854 2584 H.
884 2536 936 2585 E.
965 2535 1018 2592 V,
1047 2533 1158 2600 21.]
1246 2523 1337 2582 'Ev
1377 2524 1553 2602 τούτῳ
1596 2526 1688 2581 καὶ
1712 2522 1897 2597 Ἀφρι-

288 2604 457 2674 κανὸς
497 2605 525 2665 ὁ
571 2615 682 2666 τῶν
732 2611 1218 2682 ἐπιγεγραμμένων
1256 2613 1488 2667 Κεστῶν
1538 2608 1898 2682 συγγραφεὺς

227 2710 268 2742 30
294 2697 626 2767 ἐγνωρίζετο.
719 2693 974 2764 ἐπιστολὴ
1035 2692 1236 2751 τούτου
1288 2692 1562 2767 Ὠριγένει
1620 2705 1898 2766 γραφεῖσα

291 2781 544 2851 φέρεται,
585 2774 927 2850 ἀποροῦντος
969 2773 1120 2834 ὦσαν
1161 2776 1338 2835 νόθου
1382 2780 1472 2834 καὶ
1511 2777 1898 2849 πεπλασμένης

294 2862 460 2935 οὔσης
501 2864 595 2935 τῆς
637 2866 696 2919 ἐν
734 2866 809 2938 τῷ
841 2859 1056 2935 Δανιὴλ
1089 2856 1224 2918 κατα
1257 2860 1594 2919 Σουσάνναν
1627 2865 1894 2934 ἱστορίας·
