1986 3152
570 127 729 172 ms'r.
764 126 1011 169 ECCLES.
1044 128 1142 170 vn.
1177 130 1245 172 24.
1612 126 1715 179 323

111 248 231 308 λίας
251 238 710 314 ἀποδοθήσεσθαι
734 242 1034 315 διδάσκων,
1068 249 1166 300 καί
1190 268 1312 300 τινα
1335 244 1552 317 χιλιάδα
1581 247 1717 301 ἐτῶν

108 330 323 399 τρυφῆς
376 330 688 399 σωματικῆς
742 329 831 384 ἐπὶ
881 331 980 399 τῆς
1024 330 1192 401 ξηροῖς
1235 327 1437 401 ταύτης
1483 334 1712 386 ἔσεσθαι

108 408 529 483 ὑποτιθέμενος.
590 416 639 468 2.
674 410 833 480 δόξας
857 417 994 484 γοῦν
1017 403 1178 480 οὗτος
1212 415 1271 469 ἐκ
1294 418 1389 484 τῆς
1414 411 1715 470 Ἀποκαλύ·

109 506 256 561 ψεως
283 489 539 552 Ἰωάννου
567 493 670 568 τὴν
702 501 854 553 ἰδίαν
875 493 1174 570 κρατύνειν
1202 492 1502 570 ὑπόληψιν,
1528 494 1716 569 “gasp-

109 602 207 651 χον
238 576 686 654 ἀλληγοριστών”
723 579 890 652 λόγον
920 580 1044 637 τινὰ
1067 583 1195 654 περὶ
1219 580 1421 638 τούτου
1446 582 1715 649 συντάξας
1740 607 1759 638 5

109 666 402 736 ἐπέγραψε.
485 668 536 720 3.
588 664 726 736 πρὸς
775 661 845 721 ὃν
892 661 920 721 ὁ
966 664 1265 731 Διονύσιος
1318 669 1378 722 ἐν
1429 678 1544 732 τοῖς
1591 667 1717 736 περὶ

109 751 454 818 ἐπαγγελιῶν
505 751 808 819 ἐνίσταται,
865 747 957 804 διὰ
999 749 1102 820 μὲν
1153 753 1251 805 τοῦ
1295 751 1567 822 προτέρου
1618 749 1720 822 τὴν

109 827 286 887 αὑτοῦ
314 829 546 903 γνώμην
575 828 651 903 ἢν
682 830 792 904 εἶχε
822 834 951 903 περὶ
979 837 1078 887 τοῦ
1112 830 1380 904 δόγματος
1413 838 1719 907 παρατιθέ-

106 936 300 987 μενος,
346 912 434 970 διά
466 915 528 971 δὲ
557 919 656 972 τοῦ
689 917 953 988 δευτέρου
993 918 1121 989 περὶ
1161 922 1258 988 τῆς
1295 914 1720 985 Ἀποκαλύψεως

100 995 361 1056 Ἰωάννου
395 997 808 1072 διαλαμβάνων,
850 1005 992 1058 ἔνθα
1022 1004 1119 1057 τοῦ
1155 1004 1418 1068 Νέπωτος
1448 1002 1585 1058 κατὰ
1615 1001 1717 1075 τὴν
1741 1028 1780 1059 10

107 1080 285 1156 ἀρχὴν
306 1083 697 1155 μνημονεύσας
721 1088 896 1142 ταῦτα
916 1086 1042 1158 περὶ
1066 1082 1240 1142 αὐτοῦ
1260 1085 1461 1159 γράφει
1493 1091 1541 1142 4.
1561 1082 1720 1143 “ἐπεὶ

99 1165 202 1224 “δὲ
233 1164 523 1240 σύνταγμά
553 1192 606 1225 τι
637 1175 1028 1243 προκομίζουσι
1054 1171 1339 1242 Νέπωτος,
1373 1165 1416 1246 ᾦ
1447 1177 1574 1227 λίαν
1600 1175 1719 1227 ἐπε-

99 1246 422 1324 “ρείδονται
471 1250 543 1318 ὥς
591 1250 1006 1327 ἄναντιρρήτως
1046 1252 1435 1312 ἀποδεικνύντι
1479 1254 1582 1327 τὴν
1621 1258 1722 1312 τοῦ

101 1331 386 1409 “Χριστοῦ
420 1342 718 1407 βασιλείαν
749 1341 838 1395 ἐπὶ
869 1343 969 1410 γῆς
1010 1343 1267 1410 ἔσεσθαι,
1313 1342 1371 1395 ἐν
1402 1337 1587 1406 ἄλλοις
1618 1340 1720 1412 μὲν

104 1415 366 1486 “πολλοῑς
398 1417 739 1495 ἀποδέχομαι
770 1426 862 1479 καὶ
893 1420 1089 1495 ἀγαπῶ
1112 1425 1386 1495 Νέπωτα,
1416 1427 1513 1495 τῆς
1544 1448 1602 1480 τε
1632 1431 1716 1480 πί·
1742 1447 1782 1479 15

100 1499 312 1570 “στεως
342 1506 436 1561 καὶ
477 1510 575 1578 τῆς
607 1514 942 1579 φιλοπονίας
980 1508 1072 1563 καὶ
1102 1510 1198 1579 τῆς
1241 1511 1300 1564 ἐν
1330 1523 1449 1575 ταῖς
1479 1523 1719 1582 γραφαῖς

100 1584 426 1662 “διατριβῆς
457 1592 548 1646 καὶ
580 1594 679 1663 τῆς
707 1595 914 1664 πολλῆς
955 1596 1310 1668 ψαλμωδίας,
1355 1584 1391 1667 ᾗ
1421 1595 1579 1666 μέχρι
1610 1599 1720 1650 νῦν

99 1671 330 1731 “πολλοὶ
370 1697 483 1730 των
524 1671 787 1776 ἇδελφων
841 1673 1255 1748 ευθυμοῦνται,
1299 1680 1392 1734 καὶ
1437 1676 1588 1734 πάνυ
1637 1673 1718 1733 δι’

99 1753 396 1824 “αἰδοῦς’
374 1781 492 1830 αγω
522 1757 618 1816 τὸν
648 1758 955 1832 ἄνθρωπον
994 1759 1164 1836 ταύτῃ
1196 1765 1435 1833 μᾶλλον,
1482 1754 1518 1836 ᾗ
1548 1783 1719 1834 προα-

99 1837 472 1914 “νεπαύσατο,
514 1841 653 1901 ἀλλὰ
685 1845 846 1918 (φίλη
884 1870 990 1919 γαρ
1027 1847 1121 1903 καὶ
1162 1869 1528 1954 προτιμοτοιτη
1571 1844 1717 1903 πάν-
1741 1871 1782 1902 20

99 1924 250 1984 “ww
300 1923 336 1999 ἡ
386 1923 648 2002 αληθεια)
711 1933 961 1987 ἐπαινεῖν
1011 1953 1071 1987 τε
1122 1930 1225 2004 χρὴ
1284 1932 1374 1987 καὶ
1429 1943 1720 1987 συναινεῖν

100 2008 436 2084 “ἆφθόνως,
490 2020 636 2070 εἴτι
678 2011 865 2087 ὀρθως
911 2015 1152 2086 λέγοιτο,
1208 2013 1474 2084 ἐξετάζειν
1522 2015 1582 2071 δε
1628 2016 1720 2071 καὶ

63 2098 67 2100 ’
99 2092 494 2198 ἰδιευθύνειν,
539 2106 597 2154 εἶ
618 2122 669 2155 τι
698 2096 775 2171 μὴ
804 2103 1059 2171 φαίνοιτο
1099 2094 1272 2170 ὑγιως
1303 2096 1721 2172 ἀναγεγραμμέ-

102 2175 254 2239 “.νον
338 2183 386 2237 5.
440 2182 533 2237 καὶ
583 2180 722 2254 πρὸς
771 2207 877 2256 μεν
932 2182 1186 2257 παρόντα
1233 2185 1324 2240 καὶ
1378 2188 1521 2259 ψιλῷ
1574 2183 1720 2259 λόγω

100 2259 534 2338 “δογματίζοντα
563 2291 840 2340 αυταρκης
870 2260 942 2340 ἦν
970 2265 1041 2326 ἂν
1071 2266 1105 2340 ἡ
1127 2292 1378 2344 αγραφος
1397 2264 1603 2341 ὁμιλία,
1639 2266 1714 2324 δι’
1742 2291 1783 2323 25

100 2342 459 2422 “ἐρωτη’σεως
489 2351 584 2406 καὶ
613 2349 960 2426 ἀποκρίσεως
1001 2359 1284 2410 πείθουσα
1317 2354 1410 2410 καὶ
1442 2350 1722 2425 συμβιβα-

101 2427 306 2501 “ζουσα
337 2455 466 2500 τους
494 2430 1073 2509 ἀντιδιατιθεμένους
1119 2441 1338 2510 γραφῆς
1380 2437 1443 2493 δε
1474 2439 1721 2509 ἐκκειμέ-

101 2515 260 2590 “νης,
292 2515 364 2584 ὡς
398 2522 556 2576 δοκεῖ
562 2521 717 2626 τισὶ,
757 2519 1180 2593 πιθανωτάτης,
1224 2529 1321 2578 καί
1357 2545 1525 2579 τινων
1561 2526 1722 2578 διδα-

105 2596 362 2660 “enable-2²1
391 2602 487 2659 τὸν
516 2627 620 2676 μεν
651 2602 825 2677 νόμον
854 2607 948 2661 καὶ
976 2628 1105 2671 τους
1137 2604 1422 2678 προφήτας
1453 2604 1514 2662 τὸ
1544 2605 1721 2678 μηδεν

103 2683 485 2789 Ξὴγουμένων,
517 2689 607 2744 καὶ
637 2687 697 2746 τὸ
728 2701 842 2754 τοῖς
875 2687 1216 2762 ευαγγελίοις
1247 2692 1483 2747 ἕπεσθαι
1516 2691 1716 2759 παρέν·
1739 2710 1781 2743 30

104 2764 273 2872 :cmm
302 2772 394 2828 καὶ
423 2770 520 2839 τὰς
549 2796 662 2830 των
685 2769 1010 2830 ἀποστόλων
1034 2774 1325 2841 ἐπιστολὰς
1349 2770 1715 2846 ἐκφαυλισαν·

105 2849 272 2928 “z-mv,
311 2855 414 2928 τὴν
446 2859 506 2914 δε
535 2863 637 2915 τοῦ
664 2877 1086 2932 συγγραμματος
1115 2882 1316 2916 τουτου
1348 2862 1714 2915 διδασκαλίαν

1352 2950 1417 3000 21
1440 2951 1464 2977 *
