1986 3152
278 129 377 182 138
930 129 1180 170 EUSEBII

275 249 537 316 ἐπαρχίας
591 240 820 316 αυτούς,
873 239 932 310 ὃς
984 245 1072 299 καὶ
1128 245 1571 345 παραταξάμενος
1622 244 1884 318 πάμπολυ

273 332 488 399 πλῆθος
518 330 628 384 τῶν
659 324 858 384 αὐτόθι
881 326 1127 399 φονεύει,
1161 325 1252 401 ἐφ’
1281 319 1326 405 ᾦ
1348 328 1733 402 κατορθώματι
1750 328 1883 388 Ἰου-

276 416 434 477 δαίας
493 407 715 484 ἡγεμων
773 407 885 468 ὑπὸ
946 417 1043 469 τοῦ
1103 409 1507 487 αὕτοκρατορος
1558 412 1878 487 ἀνεδείχθη.

273 499 447 552 ταῦτα
479 497 570 552 καὶ
594 494 874 567 Ἑλλήνων
904 501 962 552 oc
986 494 1052 553 τα
1085 494 1222 553 κατα
1254 496 1381 564 τούς
1413 496 1616 569 αὐτοὺς
1647 497 1883 571 χρόνους

230 606 252 639 5
275 586 462 654 γραφῇ
495 578 837 650 παραδόντες
869 578 1057 648 αὐτοῖς
1090 580 1390 656 ἱστόρησαν
1421 579 1639 654 ῥήμασι.

402 675 480 724 111.
537 675 664 741 [Nic.
695 676 751 724 H.
781 675 836 724 E.
865 675 943 732 111,
972 674 1084 741 21.]
1171 670 1448 739 Τραϊανοῦ
1491 666 1551 722 δὲ
1594 661 1687 738 ἐφ’
1735 663 1884 732 ὅλοις

275 754 454 806 ἔτεσιν
479 757 652 806 εἴκοσι
675 746 777 821 τὴν
801 746 979 822 ἀρχὴν
1002 752 1173 822 μησὶν
1198 754 1252 818 ἓξ
1290 753 1478 807 δέουσι
1513 747 1887 823 κρατήσαντος
1965 743 1967 747 ⁴

274 841 467 898 Αἴλιος
500 831 787 907 Ἀδριανὸς
832 836 1141 908 διαδέχεται
1178 834 1282 907 τὴν
1320 834 1636 907 ἡγεμονίαν.
1708 832 1885 910 τούτῳ

274 919 560 989 Κοδρᾶτος
603 917 771 989 λόγον
811 916 1219 990 προσφωνήσας
1259 915 1632 990 ἀναδίδωσιν,
1686 916 1886 974 ἀπολῶ

213 1029 253 1059 10
277 1007 407 1074 γίαν
439 1001 709 1069 συντάξας
740 998 883 1071 ὑπὲρ
914 1006 1008 1074 τῆς
1049 1000 1183 1060 καθ’
1225 1002 1366 1076 ἡμᾶς
1407 1007 1762 1074 θεοσεβείας,
1803 997 1887 1058 ὅτι

276 1083 344 1157 δὴ
382 1093 624 1158 πονηροί
658 1110 804 1152 τινες
855 1085 1055 1159 ἄνδρες
1107 1086 1234 1154 τούς
1286 1086 1583 1159 ἡμετέρους
1638 1090 1886 1158 ἐνοχλεῖν

276 1172 590 1242 ἐπειρῶντο.
684 1173 851 1227 εἰσέτι
893 1170 954 1226 δὲ
995 1173 1222 1243 φέρεται
1262 1169 1411 1243 παρὰ
1450 1176 1723 1236 πλείστοις
1774 1172 1886 1226 τῶν

274 1251 566 1325 ἀδελφοῖν,
607 1250 744 1325 οἶτάρ
776 1256 870 1310 καὶ
899 1253 1031 1326 παρ’
1075 1254 1208 1327 ἡμῖν
1238 1254 1298 1311 τὸ
1331 1253 1688 1327 σύγγραμμα,
1732 1255 1785 1320 ἐξ
1816 1245 1884 1309 οὗ

273 1343 521 1395 κατιδεῖν
553 1343 666 1395 ἔστι
689 1336 912 1411 λαμπροὶ
934 1338 1198 1414 τεκμήρια
1221 1342 1315 1411 τῆς
1338 1362 1396 1395 τε
1421 1341 1519 1395 τοῦ
1541 1335 1743 1410 ἀνδρὸς
1770 1341 1887 1394 δια-

211 1446 251 1478 15
274 1427 428 1488 νοίας
469 1424 563 1479 καὶ
601 1428 695 1495 τῆς
735 1421 1102 1496 ἄποστολικῆς
1141 1422 1491 1496 ὀρθοτομίας.
1553 1427 1601 1479 2.
1634 1420 1663 1478 ὃ
1697 1417 1749 1478 δ’
1784 1419 1888 1478 αὐ-

272 1505 361 1573 τὸς
390 1504 494 1578 τὴν
525 1505 656 1564 καθ’
692 1507 891 1564 ἑαυτὸν
931 1506 1260 1581 ἀρχαιότητα
1301 1514 1641 1582 παραφαίνει
1685 1501 1762 1561 δι’
1807 1528 1887 1563 ων

265 1595 486 1693 «ιστορεῖ
521 1597 695 1647 ταῦτα
737 1597 906 1658 ἰδίαις
945 1607 1160 1663 φωναῖς
1211 1588 1330 1649 τοῦ
1362 1593 1423 1648 δε
1454 1594 1698 1664 σωτῆρος
1727 1588 1886 1661 ἡμων
1948 1617 1971 1635 .-

265 1672 366 1730 “το“ι
399 1680 530 1747 ἔργα
561 1674 649 1732 ἀεὶ
679 1680 894 1750 παρῆν,
926 1675 1111 1748 αληθῆ
1141 1701 1249 1750 γαρ
1280 1669 1377 1748 ἦν,
1411 1699 1462 1732 οι
1492 1675 1886 1747 θεραπευθέν-

264 1753 422 1830 “τες,
455 1783 507 1815 οι
538 1757 875 1826 ἆνασταντες
908 1763 967 1817 ἐκ
997 1785 1231 1833 νεκρων,
1263 1767 1318 1816 οι
1345 1756 1448 1816 οὐκ
1479 1755 1756 1830 ω’φθησαν
1787 1755 1883 1829 μό-

206 1837 404 1899 20“vov
433 1845 878 1916 θεραπευόμενοι
919 1846 1010 1900 καὶ
1052 1842 1434 1916 ἀνισταμενοι,
1478 1839 1618 1898 αλλα
1661 1843 1752 1898 καὶ
1795 1839 1883 1897 ἀεὶ

264 1922 599 2000 “παρόντες,
653 1925 786 1985 ουδε
828 1932 1228 2000 ἐπιδημοῦντος
1266 1925 1439 1999 μόνον
1477 1932 1575 1983 τοῦ
1618 1928 1882 1997 σωτῆρος,

265 2005 441 2066 “amoc
493 2013 584 2067 καὶ
637 2009 1049 2084 απαλλαγέντος
1099 2012 1244 2082 ἦσαν
1297 2012 1386 2067 ἐπὶ
1427 2009 1629 2084 χρόνον
1670 2009 1882 2082 ἰκανὸν,

264 2089 445 2150 “mats
489 2098 582 2151 και
624 2102 702 2161 εἰς
743 2119 870 2160 τους
909 2091 1207 2167 ἡμετέρους
1247 2093 1480 2167 χρόνους
1519 2118 1664 2158 τινες
1695 2090 1880 2150 αὐτων

264 2173 617 2250 “ἆφίκοντο.”
672 2183 721 2234 3.
752 2183 998 2245 τοιοῦτος
1021 2202 1123 2250 μεν
1146 2203 1250 2235 ουν
1272 2202 1450 2243 ουτος
1506 2180 1599 2234 καὶ
1624 2174 1883 2251 Ἀριστεί-
1965 2183 1970 2187 ’

206 2285 251 2317 25
275 2267 373 2333 δης
406 2262 466 2317 δε
497 2260 686 2327 πιστὸς
716 2261 857 2336 ανὴρ
888 2265 983 2334 τῆς
1015 2259 1148 2318 καθ’
1191 2261 1331 2334 ἡμᾶς
1372 2261 1690 2334 ορμώμενος
1722 2258 1884 2317 εὐσε-

275 2351 428 2416 βείας
467 2351 542 2420 τῷ
583 2345 851 2422 Κοδράτῳ
895 2353 1293 2420 παραπλησίως
1333 2345 1473 2419 ὑπὲρ
1513 2351 1608 2418 τῆς
1648 2351 1883 2412 πίστεως

274 2427 577 2501 ἀπολογίαν
618 2428 972 2502 ἐπιφωνήσας
1005 2429 1279 2506 Ἀδριανῷ
1319 2432 1692 2487 καταλέλοιπε.
1777 2426 1883 2485 σοῦ’-

274 2521 415 2581 ζεται
461 2515 526 2569 δέ
563 2537 626 2585 γε
668 2520 745 2580 εἰς
793 2520 958 2588 δεῦρο
998 2514 1146 2589 παρὰ
1187 2521 1463 2580 πλείστοις
1494 2515 1586 2570 καὶ
1618 2512 1650 2585 ἡ
1681 2511 1881 2570 τούτου

273 2594 476 2670 γραφή-

207 2701 252 2733 30
400 2693 476 2742 lv.
532 2692 658 2757 [Nic.
685 2693 742 2742 H.
772 2693 827 2742 E
855 2693 935 2750 ΙΙΙ,
962 2690 1074 2758 25]
1120 2679 1269 2739 ’Έτει
1302 2682 1363 2738 δε
1392 2689 1558 2756 τρίτω
1587 2686 1682 2752 τῆς
1713 2677 1882 2750 αὐτῆς
1943 2698 1949 2722 s

274 2763 570 2838 ἡγεμονιας
597 2763 951 2838 Ἀλέξανδρος
983 2764 1264 2839 Ρωμαίων
1306 2769 1601 2830 ἐπίσκοπος
1632 2767 1882 2836 τελευτᾷ,

275 2852 507 2908 δέκατον
535 2853 630 2922 τῆς
672 2856 986 2922 οικονομιάς
1017 2847 1339 2923 ἅποπλήσας
1371 2855 1501 2914 ἔτος.
1573 2846 1781 2914 ,Ξύστος
1811 2838 1882 2918 ἦν
