1986 3152
265 116 368 168 348
947 118 1186 158 EUSEssn

922 299 1129 340 ΛΟΓΟΣ
1159 300 1215 342 Η.

392 411 715 509 Προοίμιον.
821 401 936 474 Τὴν
979 407 1094 457 τῶν
1136 399 1462 458 ἀποστόλων
1503 404 1771 476 διαδοχὴν
1814 407 1875 461 ἐν

267 490 415 555 ὅλοις
449 488 581 546 ἑπτα
613 486 1050 560 περιγράψαντες
1092 491 1323 557 βιβλίοις
1366 489 1425 542 ἐν
1467 485 1652 563 ὀγδόῳ
1693 487 1874 564 τούτῳ

220 598 240 629 5
274 574 660 646 συγγράμματι
699 595 765 627 τα
806 569 944 626 καθ’
989 568 1131 642 ἡμας
1162 568 1398 641 αύτούς,
1442 569 1510 627 ού
1542 576 1637 643 τῆς
1666 573 1873 673 τυχού-

267 675 364 730 σης
409 657 532 725 ἄξια
578 656 715 714 ὄντα
757 660 1003 729 γραφῆς,
1060 657 1122 711 ἕν
1170 678 1222 711 τι
1271 678 1388 710 των
1427 652 1876 725 ἀναγκαιοτάτων

264 741 556 815 ἡγούμεθα
587 746 710 797 δεῖν
742 745 821 805 είς
852 744 1065 810 γνῶσιν
1095 741 1188 795 καὶ
1218 744 1334 796 τῶν
1363 737 1491 811 μεθ’
1524 737 1666 812 ἡμᾶς
1691 761 1875 814 παρα-

266 831 494 897 δοῦναι,
525 826 619 881 καὶ
651 824 877 897 ἅρξεταί
901 847 965 894 γε
997 821 1025 880 ὁ
1058 823 1222 894 λόγος
1256 826 1522 880 ἐντεῦθεν
1551 822 1704 896 ἡμῖν.

408 921 443 969 1.
523 915 648 988 [Nic.
687 919 745 967 H.
786 920 842 968 Ε.
882 918 975 974 Vll,
1016 916 1086 985 2.]
1161 907 1328 979 Ὅσης
1379 908 1482 979 μὲν
1534 911 1626 964 καὶ
1677 907 1875 974 ὁποίας

202 1019 242 1050 10
267 994 374 1067 πρὸ
405 999 506 1050 τοῦ
538 991 671 1049 καθ’
706 991 848 1064 ἡμᾶς
891 996 1139 1064 διωγμοῦ
1171 992 1330 1063 δόξης
1361 990 1500 1064 ὁμοῦ
1530 993 1623 1048 καὶ
1652 1014 1871 1068 παρρη·

266 1085 390 1144 σίας
432 1077 461 1134 ὁ
505 1077 593 1134 διὰ
628 1080 871 1149 Χριστοῦ
911 1081 988 1151 τῷ
1029 1082 1134 1151 βίῳ
1175 1078 1616 1148 κατηγγελμένος
1655 1083 1754 1148 τῆς
1796 1082 1876 1142 εἰς

263 1162 364 1218 τὸν
407 1167 523 1218 τῶν
564 1160 714 1218 ὅλων
765 1158 906 1216 θεὸν
951 1158 1237 1230 εὐσεβείας
1290 1160 1454 1231 λόγος
1507 1159 1655 1231 παρὰ
1706 1166 1876 1217 πᾶσιν

265 1244 615 1317 ἀνθρώποις,
645 1244 876 1314 ’Ἑλλησί
904 1266 962 1299 τε
991 1244 1084 1298 καὶ
1115 1244 1443 1317 βαρβάροις,
1489 1240 1716 1316 ἠξίωτο,
1749 1257 1874 1317 μεῖ-

264 1337 354 1398 ζον
385 1328 419 1401 ἢ
453 1327 587 1385 καθ’
621 1327 765 1400 ἡμᾶς
799 1330 1033 1394 ἐπαξίως
1065 1328 1452 1400 διηγήσασθαι.
1511 1333 1561 1384 2.
1608 1329 1875 1402 τεκμήρια

202 1438 241 1469 15
266 1412 321 1470 δ’
360 1412 432 1470 ἂν
463 1415 678 1484 γένοιτο
720 1418 836 1468 τῶν
865 1411 1226 1485 κρατούντων
1258 1417 1320 1469 αἱ
1357 1413 1483 1487 περὶ
1513 1413 1646 1480 τοῦς
1675 1411 1875 1487 ἡμετέ-

265 1521 399 1572 ρους
432 1497 735 1568 δεξιώσεις,
779 1493 862 1562 οἷς
902 1498 996 1552 καὶ
1036 1495 1134 1562 τοὶς
1175 1502 1289 1554 τῶν
1332 1500 1518 1554 ἐθνῶν
1550 1499 1876 1572 ἐνεχείριζον
1932 1556 1945 1568 ,

262 1582 589 1655 ἡγεμονίας,
621 1587 718 1653 τῆς
750 1581 878 1654 περὶ
907 1580 968 1637 τὸ
1000 1580 1163 1638 θύειν
1194 1580 1438 1652 ἀγωνίας
1468 1582 1606 1638 κατα
1637 1581 1872 1653 πολλὴν,

262 1665 333 1739 ἣν
365 1665 648 1735 άπέσωζον
689 1667 816 1738 περὶ
856 1665 919 1722 τὸ
963 1665 1174 1738 δόγμα,
1217 1673 1410 1738 φιλίαν
1451 1664 1660 1732 αὐτούς
1691 1665 1874 1722 ἀπαλ-

265 1747 572 1817 λάττοντες.
633 1754 681 1806 3.
728 1756 788 1806 τί
814 1754 906 1806 δεῖ
931 1751 1059 1822 περὶ
1089 1755 1205 1807 τῶν
1235 1750 1374 1806 κατὰ
1398 1750 1529 1816 τοῦς
1553 1750 1872 1822 βασιλικούς

198 1859 240 1891 20
264 1836 445 1906 λέγειν
477 1844 699 1905 οἴκους,
730 1836 824 1890 καὶ
855 1839 969 1891 τῶν
1002 1836 1090 1890 ἐπὶ
1122 1839 1293 1891 πᾶσιν
1317 1833 1636 1907 ἀρχόντων;
1671 1841 1730 1890 οἳ
1754 1847 1875 1900 τοῖς

264 1925 488 1985 οἰκείοις
521 1925 598 1984 εἰς
630 1919 934 1993 πρόσωπον
966 1920 1056 1975 ἐπὶ
1089 1924 1164 1995 τῷ
1186 1925 1326 1995 θείῳ
1352 1924 1874 1992 παρρησιαζομένοις

264 2004 410 2078 λόγῳ
454 2027 512 2059 τε
552 2004 645 2059 καὶ
685 2009 791 2079 βίω
835 2003 1224 2077 συνεχώρουν,
1276 2017 1540 2076 γαμεταῖς
1584 2004 1678 2059 καὶ
1719 2005 1876 2060 παισὶ

263 2088 356 2142 καὶ
409 2088 673 2158 οἰκέταις,
726 2089 1028 2159 μονονουχὶ
1081 2089 1174 2144 καὶ
1227 2089 1608 2159 ἐγκαυχᾶσθαι
1661 2089 1752 2143 ἐπὶ
1801 2090 1872 2159 τῇ

264 2177 546 2244 παρρησία
575 2175 673 2241 τῆς
706 2177 941 2236 πίστεως
974 2172 1381 2243 ἐπιτρέποντες·
1416 2170 1516 2237 οὓς
1551 2171 1748 2243 ἐξόχως
1779 2171 1875 2226 καὶ

200 2277 241 2310 25
264 2259 479 2327 μᾶλλον
528 2259 642 2309 τῶν
696 2254 1175 2328 συνθεραπόντων
1227 2254 1570 2321 άποδεκτοῦς
1610 2254 1871 2326 ἡγοῦντο.

262 2342 312 2393 4.
345 2333 459 2403 οἷος
486 2340 694 2403 ἐκεῖνος
725 2331 798 2409 ἦν
822 2338 1148 2412 Δωρόθεος,
1183 2339 1409 2396 πάντων
1441 2338 1632 2405 αὐτοῖς
1665 2338 1870 2396 εὐνού-

267 2439 460 2487 στατος
491 2423 584 2477 καὶ
615 2422 961 2493 πιστότατος,
1006 2424 1098 2479 καὶ
1127 2423 1343 2480 τούτων
1376 2427 1539 2480 ἕνεκα
1570 2423 1872 2496 διαφερόν-

262 2530 368 2572 τως
421 2506 570 2579 παροὶ
622 2506 753 2573 τοῦς
809 2510 870 2563 ἐν
911 2506 1109 2580 άρχαῖς
1161 2509 1254 2563 καὶ
1304 2507 1626 2580 ἡγεμονίαις
1678 2504 1872 2572 αὐτοῖς

266 2590 605 2663 τιμιωτάταις
640 2591 1021 2663 ἐντιμότατος,
1071 2591 1103 2649 ὅ
1131 2616 1190 2649 τε
1221 2592 1331 2649 σῦν
1362 2591 1516 2668 αὐτῷ
1547 2592 1873 2666 περιβόητος
1950 2643 1953 2648 .

201 2697 241 2729 3ο
266 2675 567 2750 Γοργόνιος
593 2718 607 2745 ,
670 2676 763 2731 καὶ
824 2671 942 2732 ὅσοι
994 2682 1091 2748 τῆς
1155 2675 1328 2748 αὐτῆς
1393 2675 1598 2749 ὁμοίως
1659 2675 1872 2739 τούτοις

267 2757 501 2830 ἡξίωντο
533 2758 622 2815 διά
654 2759 753 2816 τὸν
782 2765 883 2815 τοῦ
922 2766 1067 2817 θεοῦ
1100 2761 1269 2832 λόγον
1298 2766 1473 2834 τιμῆς.
1545 2764 1595 2816 5.
1653 2765 1774 2826 οἵας
1814 2781 1873 2814 τε

266 2845 359 2900 καὶ
411 2842 544 2909 τοῦς
596 2842 727 2899 καθ’
779 2843 1013 2916 ἑκάστην
1070 2848 1367 2917 ἐκκλησίαν
1410 2844 1679 2919 ἄρχοντας
1720 2841 1869 2916 παρα
