1986 3152
599 130 756 174 HIST.
787 130 1037 175 ECCLES.
1075 132 1200 174 vm.
1234 134 1272 175 7.
1640 131 1743 184 357

135 248 390 322 ρούντων
423 246 738 303 ἐπισκόπων
768 248 861 303 καὶ
891 249 1290 322 πρεσβυτέρων
1319 250 1414 305 καὶ
1443 249 1740 322 διακόνων,

133 332 514 404 ἄναγνωστῶν
544 354 602 387 τε
632 332 727 387 καὶ
759 334 1127 406 ε’πορκιστεόν,
1171 331 1245 398 ὥς
1274 333 1414 405 μηδὲ
1444 333 1633 407 χώραν
1666 339 1743 390 ἔτι

130 430 246 483 τοῖς
280 417 372 472 ἐπὶ
402 421 766 489 κακουργίαις
807 422 1157 491 κατακρίτοις
1198 415 1401 474 αύτόθι
1432 425 1740 476 λείπεσθαι.

133 506 213 558 10.
261 494 432 566 αὖθις
457 499 509 556 δ’
540 502 742 574 ἑτέρων
763 501 830 557 τὰ
854 506 1047 574 πρῶτα
1070 502 1365 575 γράμματα
1391 505 1742 574 ἐπικατειλη-

129 579 348 659 φότων,
403 587 464 641 ἐν
514 581 599 650 οἷς
640 584 776 650 τούς
817 593 1246 652 κατακλείστους
1297 586 1586 653 θύσαντας
1636 587 1740 659 μὲν
1762 611 1783 642 5

131 673 229 726 ἐᾶν
261 673 507 739 βαδίζειν
540 667 629 724 ἐπ’
667 671 1024 742 ἐλευθερίας,
1058 672 1448 742 ἐνισταμένους
1475 671 1537 727 δὲ
1566 678 1739 744 μυρί-

129 778 213 820 αις
244 755 595 820 καταξαίνειν
618 755 991 825 προστέτακτο
1014 754 1306 826 βασάνοις,
1338 759 1455 821 rte-59
1479 753 1550 810 ἂν
1575 755 1742 811 πάλιν

132 839 383 896 ἐνταῦθα
441 840 556 892 τῶν
606 835 739 891 καθ’
804 837 1041 908 ἑκάστην
1105 841 1375 911 ἐπαρχίαν
1437 838 1741 911 μαρτύρων

128 920 462 994 ἄριθμήσειέ
501 943 580 986 τις
623 919 685 975 τὸ
728 925 980 992 πλῆθος,
1037 922 1131 977 καὶ
1170 922 1404 994 μάλιστα
1448 924 1561 977 τῶν
1601 922 1739 978 κατα

125 1005 227 1078 τὴν
271 1002 541 1079 Ἀφρικὴν
581 1005 674 1059 καὶ
715 1004 776 1060 τὸ
824 1005 1085 1079 Μαύρων
1129 1011 1324 1078 ἔθνος,
1380 1010 1633 1078 Θηβαΐδα
1683 1029 1741 1062 τε
1763 1031 1804 1063 10

127 1091 221 1146 καὶ
250 1087 371 1146 κατ’
400 1098 728 1161 Αἴγυπτον,
760 1091 815 1156 ἐξ
843 1083 910 1161 ἧς
942 1091 1035 1145 καὶ
1067 1095 1146 1156 εἰς
1180 1092 1366 1164 ἑτέρας
1396 1089 1505 1162 ἤδη
1536 1099 1741 1164 προελ-

126 1175 328 1240 θόντες
361 1173 550 1238 πόλεις
579 1195 637 1228 τε
668 1174 762 1228 καὶ
807 1176 1071 1248 ἐπαρχίας
1113 1176 1420 1248 ὃιέπρεψαν
1450 1187 1566 1240 τοῖς
1597 1199 1743 1248 μαρ-

127 1265 356 1332 τυρίοις.

270 1352 369 1401 VII.
449 1351 582 1417 [Nlo.
623 1347 687 1400 Η(
721 1352 774 1400 Ε.
817 1353 913 1409 VII,
957 1351 1028 1418 7.]
1091 1342 1284 1415 Ἴσμεν
1323 1347 1467 1414 γοῦν
1512 1341 1644 1408 τούς
1686 1345 1740 1410 ἐξ

128 1426 321 1484 αὐτῶν
363 1426 787 1499 διαλάμψαντας
836 1429 896 1482 ἐν
937 1433 1316 1500 Παλαιστίνῃ,
1362 1437 1522 1499 ἴσμεν
1553 1427 1617 1482 δὲ
1646 1428 1740 1482 καὶ
1762 1449 1804 1483 15

125 1511 259 1578 τούς
294 1514 353 1568 ἐν
394 1510 562 1587 Τύρῳ
593 1515 689 1581 τῆς
723 1518 1016 1583 Φοινίκης,
1058 1509 1161 1577 οὓς
1190 1519 1273 1577 τίς
1309 1509 1448 1567 ἰδών
1478 1510 1545 1567 οὐ
1578 1534 1742 1567 κατε-

127 1596 313 1668 πλάγη
345 1595 442 1662 τὰς
473 1594 890 1668 ἀναριθμήτους
921 1595 1218 1668 μάστιγας,
1261 1597 1354 1652 καὶ
1384 1594 1482 1661 τὰς
1517 1598 1576 1651 ἐν
1606 1595 1741 1651 τού-

125 1704 239 1747 τοις
269 1685 383 1737 τῶν
417 1678 491 1746 ὥς
525 1678 751 1750 ἀληθῶς
782 1680 1117 1753 παραδόξων
1146 1685 1244 1752 τῆς
1273 1686 1596 1751 θεοσεβείας
1628 1677 1742 1735 οἷθ-ι

128 1771 311 1837 λητῶν
345 1764 654 1834 ἐνστάσεις,
685 1763 782 1820 τόν
812 1787 870 1821 τε
903 1769 1238 1838 παραχρῆμα
1261 1764 1396 1837 μετὰ
1418 1762 1517 1829 τας
1540 1764 1741 1837 μάστι-

128 1873 230 1922 γας
264 1852 324 1905 ἐν
353 1850 563 1924 θηρσὶν
595 1848 915 1922 αἶμοβόροις
949 1845 1172 1920 ἀγῶνα,
1214 1849 1308 1904 καὶ
1337 1848 1435 1914 τας
1468 1851 1528 1904 ἐν
1558 1848 1738 1924 τούτῳ
1761 1871 1803 1904 20

127 1933 462 2008 παρδάλεων
493 1933 587 1989 καὶ
622 1933 910 2007 διαφόρων
950 1932 1200 2007 ἄρκτων,
1242 1935 1399 1990 συῶν
1439 1956 1497 1989 τε
1527 1931 1741 2006 ἀγρίων

127 2020 222 2076 καὶ
252 2020 391 2093 πυρὶ
422 2019 516 2074 καὶ
548 2017 757 2094 σιδήρῳ
788 2019 1349 2091 κεκαυτηριασμένων
1379 2022 1532 2088 βοῶν
1563 2034 1741 2089 προσ-

125 2103 330 2175 βολὰς,
372 2103 467 2158 καὶ
507 2100 605 2167 τὰς
648 2100 789 2176 πρὸς
833 2105 1068 2158 ἕκαστον
1113 2107 1227 2157 τῶν
1257 2107 1478 2174 θηρίων
1508 2109 1740 2173 θαυμα-

126 2194 285 2254 σίους
335 2193 451 2244 τῶν
489 2192 770 2258 γενναίων
813 2185 1131 2258 ὑπομονοὶς;
1192 2189 1240 2242 2.
1299 2181 1382 2251 οἷς
1427 2187 1740 2257 γινομένοις

127 2273 220 2328 καὶ
263 2270 426 2328 αὐτοὶ
476 2274 762 2344 παρῆμεν,
824 2269 1067 2342 ὁπηνίκα
1118 2275 1220 2326 τοῦ
1271 2271 1738 2343 μαρτυρουμένου
1762 2293 1805 2325 25

129 2361 375 2429 σωτῆρος
415 2354 577 2428 ἡμῶν
617 2353 794 2412 αὐτοῦ
835 2355 903 2427 δὴ
930 2353 1115 2427 Ἰησοῦ
1148 2359 1397 2429 Χριστοῦ
1439 2354 1543 2426 τὴν
1573 2360 1740 2410 θείαν

128 2440 371 2512 δύναμιν
405 2442 815 2511 ἐπιπαροῦσαν,
861 2442 1109 2512 ἐναργῶς
1149 2462 1207 2494 τε
1238 2437 1419 2511 αὐτὴν
1448 2452 1563 2505 τοῖς
1594 2439 1738 2512 μάρ-

126 2541 289 2581 τυσιν
318 2526 713 2580 ἐπιδεικνῦσαν
732 2523 1120 2597 ἱστορήσαμεν,
1145 2526 1261 2579 τῶν
1278 2522 1740 2596 ἀνθρωποβόρων

131 2610 221 2664 ἐπὶ
253 2613 486 2665 πλείονα
526 2608 732 2680 χρόνον
764 2607 838 2680 μὴ
872 2606 1225 2680 προσψαύειν
1254 2608 1394 2679 μηδὲ
1426 2607 1738 2679 πλησιάζειν

126 2706 242 2759 τοῖς
271 2698 384 2749 τῶν
413 2695 700 2764 θεοφιλῶν
732 2691 980 2764 σώμασιν
1006 2691 1454 2764 ἐπιτολμοόντων,
1488 2689 1608 2747 ἀλλ’
1647 2690 1737 2745 ἐπὶ
1759 2712 1802 2746 30

128 2777 231 2849 μὲν
261 2777 392 2843 τούς
424 2774 658 2848 ἄλλους,
701 2776 822 2832 ὅσοι
853 2775 1144 2847 δήπουθεν
1175 2779 1386 2843 ἔξωθεν
1419 2778 1736 2848 ἐρεθισμοῖς

128 2862 449 2936 παρώρμων
481 2859 621 2917 αὐτοὶ
642 2904 657 2933 ,
698 2861 1056 2935 φερομένων,
1098 2860 1289 2933 μόνων
1331 2860 1393 2915 δὲ
1423 2864 1536 2915 τῶν
1570 2862 1739 2932 ἱερῶν
