1986 3152
260 111 366 163 293
949 108 1196 150 EUSEBH

257 223 511 283 “ἐκεῐνον
563 231 836 297 ἔσφηλεν,
891 221 1030 281 ἀλλά
1085 223 1222 297 πρὸς
1269 222 1367 280 τὸν
1405 221 1575 281 αὐτὸν
1614 221 1720 296 πρὸ
1760 229 1872 280 τῶν

252 308 606 381 “ὀφθαλμῶν
646 305 819 365 αὐτοῦ
856 306 1160 381 γενόμενον
1202 313 1425 365 ἔπταισε
1465 314 1646 366 λίθον.
1707 305 1767 375 ὃς
1811 299 1873 365 εὖ

253 392 601 466 “φερομε’νης
661 389 810 468 αὐτῷ
870 397 965 464 τῆς
1023 398 1334 463 βασιλείας,
1395 394 1486 448 καὶ
1545 390 1680 449 κατὰ
1731 397 1873 449 νοῦν
1938 419 1941 422 ⁴

253 474 626 549 “χωρούντων
669 479 783 533 τῶν
832 475 1199 550 πραγμάτων,
1251 474 1381 542 τούς
1435 475 1615 548 ἱεροὺς
1665 475 1874 551 ἄνδρας

217 557 420 627 5“τοῦς
460 563 585 634 περὶ
625 566 719 633 τῆς
761 559 982 661 εἰρήνης
1013 558 1188 618 αὐτοῦ
1217 563 1309 617 καὶ
1340 566 1433 633 τῆς
1464 556 1675 632 ὑγιείας
1706 579 1876 634 πρεσ-

253 641 557 750 ἶβεύοντας
617 644 752 718 πρὸς
809 643 907 702 τὸν
964 644 1103 702 θεὸν
1172 643 1392 718 ἤλασεν
1505 641 1712 701 οὐκοῦν
1771 642 1876 701 σὺν

253 725 523 796 “ἐκείνοις
567 733 758 797 ἐδίωξε
799 732 890 786 καὶ
932 753 1026 795 τας
1065 725 1208 804 ὑπερ
1262 732 1462 787 ἑαυτοῦ
1513 726 1871 803 προσευχάς.”

258 817 428 871 ταῦτα
459 837 562 886 μεν
593 817 696 872 οῦν
726 816 851 886 περὶ
883 817 1060 870 τοῦδε.

388 909 446 958 ΙΙ.
512 907 637 974 [Nic.
678 910 735 958 H.
779 910 830 958 E.
876 909 959 965 Vl,
1003 908 1077 974 7.]
1155 896 1310 954 Κατὰ
1355 898 1418 954 δε
1459 896 1561 970 τὴν
1595 896 1878 970 Ρωμαίων

198 1007 239 1039 ιο
263 979 426 1040 πόλιν
452 989 771 1056 Κορνηλίου
804 988 985 1040 ἐτεσιν
1015 981 1158 1055 ἀμφὶ
1187 981 1254 1039 τὰ
1283 989 1408 1055 τρία
1438 979 1539 1055 τὴν
1572 978 1877 1054 ἐπισκοπὴν

264 1067 629 1132 διανῦσαντος
705 1065 942 1133 Λούκιος
1003 1069 1235 1139 κατέστη
1294 1064 1579 1139 διάδοχος,
1639 1067 1772 1138 μησὶ
1819 1063 1871 1122 δ’

261 1149 387 1206 οὐδ’
423 1147 570 1216 ὅλοις
595 1142 761 1217 οῦτος
791 1147 932 1210 ὀκτώ
965 1155 1029 1224 τῇ
1062 1157 1376 1225 λειτουργία
1409 1148 1879 1222 διακονησάμενος

260 1233 537 1310 Στεφάνῳ
579 1237 854 1291 τελευτῶν
892 1239 1233 1307 μεταδίδωσι
1276 1234 1373 1291 τὸν
1419 1237 1639 1308 κλῆρον.
1701 1232 1879 1310 τούτῳ

259 1316 362 1390 τὴν
420 1318 645 1392 πρώτην
703 1314 729 1374 ὃ
792 1317 1092 1384 Διονύσιος
1150 1324 1262 1374 τῶν
1322 1320 1448 1392 περὶ
1506 1323 1879 1391 βαπτίσματος

198 1426 239 1459 15
265 1405 569 1459 ἐπιστολῶν
612 1406 1005 1475 διατυποῦται,
1047 1402 1344 1476 ζητήματος
1387 1399 1453 1460 οῦ
1492 1405 1692 1476 μικροῦ
1731 1426 1880 1476 τηνι-

261 1485 396 1543 κάδε
439 1486 907 1560 ἀνακινηθέντος,
963 1493 1014 1544 εί
1065 1490 1178 1545 δέοι
1230 1488 1359 1554 τοὺς
1413 1491 1465 1556 ἐξ
1511 1492 1630 1553 οἵας
1678 1487 1729 1543 δ’
1778 1478 1881 1544 οῦν

262 1573 523 1645 αἱρέσεως
555 1574 986 1646 ἐπιστρέφοντας
1020 1570 1111 1628 διά
1142 1575 1380 1646 λουτροῦ
1411 1577 1736 1646 καθαίρειν,
1778 1594 1880 1628 πα-

261 1662 420 1712 λαιοῦ
464 1658 528 1728 γέ
565 1679 648 1713 τοι
689 1655 1088 1730 κεκρατηκότος
1129 1662 1298 1722 ἔθους
1341 1658 1429 1713 ἐπὶ
1470 1659 1582 1713 τῶν
1611 1654 1879 1713 τοιούτων

261 1738 403 1813 μόνῃ
435 1742 677 1814 χρῆσθαι
707 1743 777 1814 τῇ
809 1739 901 1797 διὰ
931 1744 1133 1815 χειρῶν
1166 1743 1467 1806 ἐπιθέσεως
1499 1737 1649 1813 εὐχῇ.

197 1848 241 1880 20
391 1835 469 1883 111.
526 1834 655 1901 [Nic.
685 1837 741 1884 H.
771 1836 822 1885 E.
854 1836 939 1894 VI,
971 1835 1043 1902 7.]
1109 1828 1338 1896 Πρῶτος
1359 1828 1472 1882 τῶν
1492 1823 1613 1882 τότε
1630 1833 1881 1897 Κυπρια-

261 1909 354 1975 νὸς
414 1914 508 1980 τῆς
568 1908 706 1965 κατὰ
758 1909 1094 1984 Καρχηδόνα
1153 1916 1443 1984 παροικίας
1496 1908 1702 1982 ποιμὴν
1752 1906 1876 1966 οὐδ’

261 1990 439 2058 ἄλλως
479 1989 512 2064 ἢ
557 1993 648 2049 διὰ
691 1999 928 2066 λουτροῦ
969 1991 1242 2069 πρότερον
1283 2000 1378 2066 τῆς
1419 1992 1630 2066 πλάνης
1675 1989 1882 2050 άποκα-

261 2080 614 2148 θηραμένους
674 2084 1009 2150 προσίεσθαι
1071 2084 1194 2136 δεῖν
1251 2077 1454 2150 ἡγεῖτο.
1545 2075 1666 2134 ἀλλ’
1732 2075 1762 2134 ὅ
1814 2099 1878 2149 γε

262 2162 571 2234 Στέφανος,
604 2160 678 2233 μὴ
704 2167 826 2218 δεῖν
849 2186 898 2218 τι
924 2160 1200 2236 νεώτερον
1224 2160 1372 2235 παρὰ
1395 2160 1496 2233 τὴν
1520 2159 1878 2234 κρατήσασαν

197 2267 241 2299 25
263 2241 510 2344 ἀρχῆθεν
567 2243 878 2318 παράδοσιν
939 2249 1380 2319 ἐπικαινοτομεῖν
1439 2243 1716 2400 οἰόμενος,
1791 2248 1880 2303 ἐπὶ

262 2326 436 2385 τούτω
470 2327 838 2400 διηγανάκτει.

391 2423 466 2471 lV.
524 2422 651 2488 [Nic.
690 2424 747 2472 H.
789 2425 841 2473 E.
884 2425 966 2480 VI,
1011 2423 1083 2490 7.]
1174 2422 1420 2472 Πλεῖστα
1464 2414 1533 2486 δὴ
1585 2406 1689 2472 οῦν
1730 2411 1878 2471 αὗτω

263 2498 390 2568 περὶ
429 2494 628 2553 τούτου
674 2494 763 2552 δια
812 2496 1149 2571 γραμμάτων
1188 2497 1216 2555 ὁ
1257 2497 1558 2565 Διονύσιος
1617 2479 1881 2572 ὁμιλήσας

261 2585 537 2637 τελευτῶν
577 2585 739 2652 δηλοῖ
777 2580 849 2648 ὡς
891 2579 999 2656 ἄρα
1050 2586 1150 2640 τοῦ
1201 2586 1447 2656 διωγμοῦ
1498 2580 1880 2655 λελωφηκότος

197 2687 241 2719 30
265 2669 327 2720 αἱ
373 2663 683 2737 πανταχόσε
736 2668 1019 2738 ἐκκλησίαι
1070 2665 1171 2740 τὴν
1222 2667 1357 2724 κατὰ
1404 2665 1697 2724 Νοουάτον
1741 2664 1882 2723 ἀπο-

263 2762 594 2822 στραφεῖσαι
623 2756 1055 2823 νεωτεροποιίαν
1088 2749 1316 2824 εἰρήνην
1345 2749 1480 2826 πρὸς
1511 2749 1708 2818 ἑαυτὰς
1732 2749 1880 2808 ἀνει-

263 2831 527 2906 λήφεσαν.
588 2832 790 2909 γράφει
825 2835 886 2891 δὲ
918 2827 1053 2893 ὦδε·
