1986 3152
275 90 375 142 120
954 89 1199 131 EUSEBH

272 206 562 275 καλύψεως
596 204 768 262 εἰπών
798 229 921 262 τινα
953 203 1026 272 ὥς
1069 209 1128 261 ἐκ
1171 210 1269 277 τῆς
1310 203 1591 265 ἀνέκαθεν
1629 208 1882 281 παραδό-·

273 309 440 361 σεως,
484 294 583 345 τοῦ
623 286 794 346 αὐτοῦ
832 292 1099 362 μέμνηται
1141 286 1345 362 ἀνδρὸς
1384 290 1611 359 τούτοις
1634 307 1746 358 τοῖς
1778 291 1878 367 ῥή-

271 393 405 446 μασι
445 378 494 431 4.
520 372 853 446 “,“Κήρινθον
894 375 955 430 δὲ
993 371 1091 431 τὸν
1121 375 1213 430 καὶ
1243 373 1344 446 τὴν
1370 370 1468 430 ἀπ’
1503 379 1719 445 ἐκείνου
1751 386 1879 450 κλη-

265 457 506 516 “θεῖσαν
547 456 938 531 Κηρινθιανήν
989 462 1205 531 αἵρεσιν
1258 457 1679 532 συστησάμενον
1729 457 1879 529 ἀξιό-
1927 531 1930 533 Α

230 540 500 600 5“πιστον
532 546 862 616 ἐπιφημίσαι
903 541 1220 615 θελήσαντα
1250 545 1327 618 τῷ
1360 544 1561 600 ἑαυτοῦ
1603 542 1881 617 πλάσματι

267 625 490 700 τεὄνομα.
552 630 714 684 τοῦτο
755 625 860 701 γάρ
903 627 1047 684 εἶναι
1088 629 1182 699 τῆς
1230 631 1589 694 διδασκαλίας
1620 624 1789 685 αὐτοῦ
1807 627 1885 686 τὰ

264 710 500 785 “δόγμα,
534 714 773 784 ἐπίγειον
798 717 1026 769 ἔσεσθαι
1055 709 1157 783 τὴν
1179 734 1278 768 του
1304 714 1550 785 Χριστοῦ
1571 718 1876 784 βασιλείαν.

265 793 293 814 ‘
301 800 349 853 ἕ).
383 799 474 852 καὶ
507 788 587 853 ὧν
617 794 780 862 αὐτὸς
813 793 1047 870 ωρέγετο
1086 793 1466 868 φιλοσώματος
1498 792 1576 852 ὧν
1605 798 1699 853 καὶ
1730 795 1886 854 πάνυ

264 879 592 953 “σαρκικὸς,
627 884 687 938 ἐν
715 879 928 947 τούτοις
958 877 1336 954 ὀνειροπολεῖν
1367 886 1614 951 ἔσεσθαι,
1646 881 1886 952 γαστρὸς

210 991 251 1021 10
268 960 399 1022 “acal
429 970 541 1022 τῶν
570 961 679 1021 ὑπὸ
711 967 948 1038 γαστέρα
990 972 1359 1037 πλησμοναῖς,
1401 969 1649 1021 τουτέστι
1688 971 1886 1032 σιτίοις

264 1047 396 1117 “va
449 1064 636 1114 ποτοῖς
687 1050 780 1106 καὶ
832 1049 1051 1122 γάμοις,
1105 1051 1196 1104 καὶ
1250 1046 1325 1105 δι’
1375 1040 1454 1105 ὦν
1496 1047 1887 1122 εὐφημότερον

266 1131 470 1190 “wetha
504 1130 663 1209 ςόήθη
695 1143 1031 1205 ποριεῖσθαι,
1067 1134 1280 1205 ἑορταῖς
1310 1135 1402 1188 καὶ
1431 1140 1661 1199 θυσίαις
1691 1136 1783 1189 καὶ
1809 1138 1885 1190 ίε·

263 1217 472 1291 “ρείων
490 1214 776 1289 σφαγαῖς.”
821 1222 868 1273 6.
893 1220 1064 1273 ταῦτα
1084 1215 1397 1282 Διονύσιος.
1442 1215 1471 1272 ὁ
1498 1217 1558 1273 δὲ
1582 1223 1886 1289 Εἰρηναῖος

273 1299 725 1402 ἀπορρητοτέρας
755 1300 823 1373 δή
866 1324 1019 1366 τινας
1059 1304 1158 1357 τοῦ
1200 1298 1375 1357 αὐτοῦ
1407 1303 1775 1369 ψευδοδοξίας
1820 1304 1887 1359 ἐν

213 1410 253 1443 15
277 1385 478 1462 πρώτω
510 1383 895 1459 συγγράμματι
925 1388 1038 1442 τῶν
1068 1382 1204 1486 πρὸς
1234 1381 1330 1450 τάς
1370 1387 1606 1457 αἱρέσεις
1651 1388 1886 1459 προθεὶς
1939 1457 1943 1462 ,

277 1475 338 1528 ἐν
367 1494 442 1528 τω
471 1477 637 1547 τρίτω
669 1472 761 1527 καὶ
793 1474 1040 1543 ιστορίαν
1071 1466 1172 1526 οὐκ
1201 1466 1363 1536 ἀξίαν
1394 1467 1572 1543 λήθης
1602 1473 1669 1543 τῇ
1693 1472 1890 1543 γραφῇ

275 1532 702 1629 παραδέδωκεν,
747 1553 820 1620 ὡς
864 1558 923 1611 ἐκ
966 1551 1327 1626 παραδόσεως
1357 1552 1738 1626 Πολυκάρπου
1778 1552 1883 1626 φά-
1942 1606 1971 1619 ,Δ

277 1659 428 1698 σκων
451 1637 714 1711 Ἰωάννην
743 1637 840 1695 τὸν
870 1635 1178 1695 ἀπόστολον
1210 1643 1490 1694 εἰσελθεῖν
1529 1659 1659 1694 ποτε
1692 1639 1752 1693 ἐν
1782 1644 1881 1709 βα·
1939 1635 1961 1667 ⁵

276 1730 508 1800 λανείῳ,
550 1720 689 1780 ὥστε
719 1721 1059 1796 λούσασθαι,
1103 1721 1306 1794 γνόντα
1337 1722 1594 1779 δὲ’ἔνδον
1623 1718 1757 1778 ὄντα
1787 1719 1890 1778 τὸν

212 1834 253 1865 20
276 1807 571 1882 Κήρινθον
611 1805 972 1880 ἀποπηδῆσαί
1005 1831 1064 1864 τε
1104 1809 1203 1863 τοῦ
1244 1803 1416 1862 τόπου
1469 1807 1559 1861 καὶ
1616 1808 1891 1878 ἐκφυγεῖν

277 1892 511 1966 θύραζε,
552 1888 681 1965 μηδ’
729 1889 1109 1965 ὑπομείναντα
1149 1887 1253 1961 τὴν
1283 1886 1460 1961 αὐτὴν
1493 1888 1644 1965 αὐτῷ
1673 1892 1885 1946 ὑποδῦ-

276 2002 368 2035 ναι
399 1980 627 2049 στέγην,
672 1975 838 2033 ταύτὸ
882 1976 942 2032 δὲ
981 1980 1140 2031 τοῦτο
1180 1976 1270 2030 καὶ
1314 1986 1427 2040 τοῖς
1458 1974 1564 2031 σὺν
1595 1970 1745 2050 αύτῷ
1774 1996 1882 2030 πα-

279 2065 526 2133 ραινέσαι
559 2058 843 2132 φήσαντα,
878 2055 1211 2131 “φύγωμεν,
1252 2051 1325 2130 μὴ
1369 2060 1456 2114 καὶ
1491 2057 1550 2114 τὸ
1583 2064 1891 2129 βαλανεῖον

266 2143 592 2217 ((συμπέσῃ,
635 2150 799 2202 ἔνδον
837 2141 996 2208 ὄντος
1027 2148 1322 2214 Κηρίνθου
1362 2145 1463 2198 τοῦ
1490 2146 1586 2213 τῆς
1617 2140 1891 2213 ἀληθείας

212 2253 254 2285 25
269 2225 565 2302 “ε’χθροῦ.”
1937 2228 1941 2230 ’

404 2323 574 2372 ΧΧΙΧ.
621 2323 747 2389 [Nic.
778 2323 833 2371 H.
865 2323 917 2370 E.
949 2322 1035 2377 111,
1069 2320 1178 2386 15]
1239 2306 1355 2366 Ἐπὶ
1395 2307 1572 2385 τούτῳ
1616 2315 1752 2381 δῆτα
1793 2311 1891 2366 καί

280 2396 311 2470 ἡ
343 2399 609 2502 λεγομένη
640 2399 751 2452 τῶν
783 2398 1132 2452 Νικολαϊτῶν
1163 2398 1372 2467 αι’ρεσις
1405 2397 1491 2450 ἐπὶ
1522 2392 1890 2467 σμικρότατον

279 2483 517 2553 συνέστη
558 2478 785 2555 χρόνον,
827 2471 890 2551 ἧς
934 2478 1000 2550 δὴ
1043 2482 1133 2535 καὶ
1178 2502 1211 2550 η
1242 2483 1340 2535 τοῦ
1367 2474 1629 2535 Ἰωάννου
1654 2475 1887 2534 Ἀποκά-

280 2574 445 2634 λυψις
476 2563 823 2638 μνημονεύει.
879 2565 1028 2620 οὑτοι
1052 2561 1335 2620 Νικόλαον
1368 2566 1466 2620 ε’να
1489 2569 1601 2619 τῶν
1624 2560 1766 2634 ἀμφὶ
1787 2560 1890 2618 τὸν

216 2673 259 2705 30
282 2652 576 2722 Στέφανον
609 2648 883 2706 διακόνων
915 2646 1049 2721 πρὸς
1081 2653 1192 2704 τῶν
1222 2645 1544 2704 ἀποστόλων
1576 2648 1662 2702 ἐπὶ
1685 2648 1754 2718 τῇ
1773 2648 1891 2701 τῶν
1942 2695 1952 2698 -

398 2845 449 2883 13
479 2843 595 2883 Iren.
621 2843 655 2894 1,
679 2845 745 2883 26.
770 2856 812 2894 p,
840 2844 931 2882 105.
1111 2844 1161 2882 16
1193 2841 1311 2883 Ibid.
1333 2841 1423 2886 111,
1447 2842 1485 2880 3.
1510 2853 1552 2892 p.
1579 2841 1674 2880 177.
