1986 3152
259 113 365 165 304
924 110 1175 152 EUSEBH

386 239 444 287 X.
508 237 635 302 [Nic.
673 237 731 286 H.
769 237 824 286 E.
858 236 934 291 Vl,
975 233 1083 300 10.]
1177 228 1252 282 Οἵ
1298 247 1361 296 γε
1412 223 1523 298 μὴν
1574 224 1716 299 ἀμφὶ
1775 224 1886 284 τὸν

259 309 475 369 Γάλλον
506 307 636 367 οὐδ’
669 308 815 375 ὅλοις
851 315 994 366 ἔτεσι
1027 307 1130 366 δύο
1156 307 1258 380 τὴν
1281 307 1456 382 ἀρχὴν
1482 308 1876 383 ἐπικατασχόν-

258 419 345 461 τες
378 391 630 451 ἐκποδων
660 400 1043 467 μεθίστανται,
1087 389 1462 465 Οὐαλεριανὸς
1493 393 1608 451 δὲ
1585 393 1696 467 ἅμα
1725 402 1874 452 Γαλ-

259 484 430 579 λιηνςό
471 481 630 535 παιδὶ
674 480 987 550 διαδέχεται
1015 475 1118 549 τὴν
1147 477 1462 586 ἡγεμονίαν.
1522 482 1571 534 2.
1605 469 1772 546 αυθις
1803 477 1872 551 δὴ

215 587 236 620 5
260 587 362 620 ουν
403 561 431 620 ὁ
471 560 770 629 Διονύσιος
811 559 901 619 οἶα
940 564 1031 619 καὶ
1074 564 1201 634 περὶ
1239 559 1442 619 τούτου
1485 564 1771 634 διέξεισιν,
1813 567 1874 621 ἐκ

257 654 351 719 τῆς
383 644 516 720 πρὸς
539 645 908 720 Ερμαμμωνα
942 648 1228 719 ἐπιστολῆς
1269 656 1476 719 μαθεῖν
1518 652 1695 718 ἔστιν,
1739 649 1800 704 ἐν
1839 639 1874 722 ᾐ

256 736 455 788 τοῦτον
487 737 700 804 ιστορεῖ
724 729 821 788 τὸν
851 729 1057 804 τρόπον
1097 726 1210 788 καὶ
1233 735 1307 807 τῷ
1331 729 1562 805 Ἰωαννῃ
1590 729 1695 787 δε
1673 736 1874 804 ομοίως

248 811 742 873 ’(ἇποκαλύπτεται.
804 817 896 872 καὶ
930 813 1102 887 ἐδόθη
1132 813 1237 888 γὰρ
1269 813 1448 892 αὐτῷ,
1492 816 1660 888 φησὶ,
1702 813 1875 888 στόμα

251 896 494 957 “λαλοῦν
536 900 747 973 μεγαλα
787 902 878 957 καὶ
922 906 1311 972 βλασφημίαν,
1365 901 1457 956 καὶ
1511 898 1684 971 ἐδόθη
1726 897 1877 976 αὐτῷ

195 1009 236 1040 10
251 980 512 1052 “ἐξουσία
551 986 641 1041 καὶ
683 990 851 1057 μῆνες
881 1002 1294 1057 τεσσαρακοντα
1327 982 1444 1040 δύο.
1506 988 1555 1040 3.
1588 982 1874 1058 ἀμφότερα

255 1065 355 1125 “δε
396 1075 548 1126 ἔστιν
588 1071 677 1126 ἐπὶ
724 1067 1108 1142 Οὐαλεριανοῦ
1148 1067 1463 1141 θαυμασαι,
1515 1071 1608 1124 καὶ
1658 1067 1874 1125 τούτων

251 1149 523 1258 ζμάλιστα
563 1177 630 1209 τα
670 1152 776 1226 πρὸ
809 1151 979 1210 αὐτοῦ
1012 1148 1084 1219 ὠς
1115 1153 1276 1218 οὑτος
1309 1159 1432 1224 ε’σχε
1464 1166 1755 1223 συννοειν,
1801 1176 1874 1218 ως

250 1232 390 1339 Ξῖμεν
429 1234 587 1308 ἤπιος
626 1239 718 1293 καὶ
758 1236 1052 1309 φιλόφρων
1091 1261 1162 1308 ην
1202 1234 1337 1310 πρὸς
1375 1234 1504 1302 τοὺς
1535 1234 1873 1309 ἆνθρωπους

250 1316 390 1376 ee”con
419 1324 574 1378 θεοῦ.
637 1319 770 1378 οὐδε
801 1345 904 1395 γαρ
937 1319 1099 1387 ἄλλος
1129 1345 1210 1388 τις
1241 1319 1389 1378 οὕτω
1419 1323 1532 1377 τῶν
1562 1318 1668 1392 πρὸ
1700 1317 1874 1378 αὐτοῦ

195 1426 236 1458 15
255 1401 570 1475 “βασιλέων
601 1404 847 1478 εὐμενῶς
879 1407 971 1462 καὶ
1004 1407 1196 1472 δεξιῶς
1227 1403 1362 1479 πρὸς
1395 1401 1596 1471 αὐτοὺς
1629 1406 1872 1478 διετέθη,

251 1486 407 1547 “0136'
446 1495 502 1546 oc
528 1492 819 1562 λεχθέντες
850 1487 1183 1563 ἀναφανδὸν
1212 1491 1535 1564 Χριστιανοὶ
1565 1491 1871 1563 γεγονέναι,

251 1570 361 1677 ἕως
405 1577 612 1640 ἐκεῖνος
654 1572 960 1632 οἰκειότατα
1003 1577 1062 1631 ἐν
1099 1570 1242 1648 ἀρχῇ
1288 1576 1379 1631 καὶ
1429 1577 1875 1648 προσφιλέστατα

251 1654 540 1760 :mavspdg
581 1660 652 1731 ἠν
704 1657 911 1725 αὐτους
962 1655 1385 1732 αποδεχόμενος.
1455 1660 1547 1715 καὶ
1598 1663 1702 1725 πᾶς
1743 1681 1803 1714 τε
1843 1654 1871 1715 ὁ

253 1738 438 1846 ἰοῖκος
471 1739 642 1801 αὐτοῦ
673 1746 963 1815 θεοσεβῶν
993 1742 1320 1817 πεπλήρωτο
1367 1746 1457 1800 καὶ
1499 1735 1569 1815 ἦν
1613 1745 1874 1845 ἐκκλησία

196 1847 236 1879 20
254 1822 443 1885 “θεοῦ.
516 1832 565 1884 4.
610 1826 1106 1886 ἀποσκευασασθαι
1159 1829 1219 1884 δε
1260 1829 1596 1900 παρέπεισεν
1636 1823 1806 1884 αὐτὸν
1845 1826 1872 1883 ὁ

250 1907 622 1979 “διδοὲσκαλος
657 1915 750 1969 καὶ
782 1918 894 1969 τῶν
925 1909 1025 1984 ἀπ’
1062 1910 1353 1984 Αἰγύπτου
1383 1910 1576 1985 μάγων
1606 1907 1874 1984 ἀρχισυν-

251 1993 534 2068 “οὲγωγος,
595 1997 724 2064 τοὺς
786 1998 888 2069 μὲν
940 1995 1225 2069 καθαρούς
1284 1999 1376 2053 καὶ
1426 1995 1614 2063 ὁσίους
1664 1994 1874 2069 ἄνδρας

251 2077 628 2137 “κτίννυσθαι
679 2083 770 2137 καὶ
825 2079 1130 2137 διώκεσθαι
1181 2080 1456 2152 κελεύων,
1517 2078 1590 2146 ὡς
1642 2076 1874 2138 ἀντιποί-

255 2158 421 2230 Νλους
467 2165 559 2220 καὶ
599 2163 847 2230 κωλυτὰς
893 2167 1004 2221 τῶν
1042 2164 1374 2238 παμμιάρων
1418 2165 1511 2220 καὶ
1551 2167 1874 2235 βδελυκτῶν

196 2242 570 2304 Ξὸιςέπαοιδῶν
619 2246 999 2321 ὑπάρχοντας,
1075 2248 1192 2321 (καὶ
1251 2246 1355 2321 γὰρ
1410 2250 1517 2305 εἰσὶ
1588 2250 1681 2304 καὶ
1730 2239 1874 2320 ἦσαν

253 2326 501 2403 Ὕκανοὶ,
566 2330 834 2404 παρόντες
889 2335 982 2388 καὶ
1030 2328 1332 2405 ὁρώμενοι,
1395 2334 1489 2389 καὶ
1538 2330 1710 2405 μόνον
1778 2336 1874 2405 ἐμ-

270 2411 550 2482 πνέοντες
608 2418 700 2472 καὶ
751 2415 1153 2489 φθεγγόμενοι,
1208 2415 1570 2474 διασκεδάσαι
1616 2440 1710 2483 τας
1761 2440 1873 2474 των

249 2495 591 2574 “ἀλιτηρίων
638 2498 918 2574 δαιμόνων
966 2500 1318 2574 ἐπιβουλάς),
1370 2499 1587 2568 τελετὰς
1634 2502 1696 2558 δὲ
1741 2497 1873 2558 ανά-

292 2608 461 2656 γνους
512 2587 605 2641 καὶ
655 2591 993 2658 μαγγανείας
1047 2589 1364 2658 ἐξαγίστους
1415 2589 1507 2643 καὶ
1559 2590 1872 2659 ιερουργίας

197 2686 239 2719 30
255 2665 725 2742 τὀἳκαλλιερήτους
768 2674 1039 2728 ἐπιτελεῖν
1079 2666 1510 2744 ὑποτιθέμενος,
1565 2674 1768 2735 παῖδας
1809 2665 1874 2725 ἆ-

253 2751 490 2820 “θλίους
532 2750 933 2827 ἀποσφάττειν,
980 2758 1071 2811 καὶ
1102 2756 1268 2812 τέκνα
1300 2754 1592 2828 δυστήνων
1621 2756 1874 2827 πατέρων

254 2833 629 2911 τεκαταθύειν,
672 2841 763 2896 καὶ
796 2837 1085 2913 σπλάγχνα
1115 2844 1345 2912 νεογενῆ
1379 2845 1643 2912 διαιρεῖν,
1684 2839 1775 2894 καὶ
1806 2836 1873 2895 τὰ
