2032 3174
306 103 376 154 40
986 100 1232 140 EUSEBII

307 222 398 276 καὶ
428 218 492 275 τὰ
523 215 662 290 ἀμφὶ
692 216 789 272 τὸν
809 214 1087 288 ’Ἇβγαρον
1111 216 1430 288 πραχθέντα
1455 217 1788 289 περιέχουσι,
1821 218 1914 272 καὶ

305 306 475 359 ταῦτα
518 304 681 358 εἰσέτι
725 305 835 357 νῦν
877 302 931 366 ἐξ
976 302 1192 356 ἐκείνου
1232 301 1629 372 πεφυλαγμένοι
1672 296 1915 372 εὓρηται.

306 385 475 443 οὐδὲν
516 386 575 441 δὲ
607 381 727 441 οἷον
757 387 848 440 καὶ
879 381 1065 440 αὐτῶν
1109 384 1413 439 ἐπακοῦσαι
1451 386 1562 440 τῶν
1594 388 1918 455 ἐπιστολῶν,

306 469 412 527 ἀπὸ
442 472 554 526 τῶν
584 465 823 541 αρχείων
853 466 986 540 ἡμῖν
1015 463 1470 539 ἆναληφθεισων,
1502 469 1593 523 καὶ
1623 466 1785 525 τόνδε
1816 464 1919 524 αὐ-

263 567 419 620 5τοις
466 551 703 653 ρημασιν
751 555 808 608 ἐκ
852 555 946 624 τῆς
977 549 1182 623 Σύρων
1227 554 1417 623 φωνῆς
1462 554 1919 624 μεταβληθεισῶν

307 637 402 695 τὸν
432 636 652 710 τρόπον.

299 809 495 880 Αντίγρ
500 834 631 870 αφον
668 813 924 876 ἐπιστολης
959 816 1228 894 γραφείσης
1264 832 1362 862 υπο
1370 808 1633 896 Ἀβγοῖρου
1667 810 1920 894 τοπάρχου

306 906 375 935 τω
407 881 598 950 Ἰησοῦ,
635 884 717 933 καὶ
753 885 1064 967 πεμφθείσης
1098 877 1235 952 αὐτῷ
1271 876 1336 932 δι’
1370 877 1574 933 Ἀνανία
1611 880 1920 950 ταχυδρόμου

910 954 977 1014 εἰς
995 934 1323 1018 Ιεροσόλυμα.

528 1053 595 1077 NJ!

243 1063 481 1115 106.
586 1063 841 1131 Αβγαρος
880 1055 1154 1163 τοπάρχης
1197 1055 1455 1130 Ἐδέσσης
1497 1054 1673 1129 Ἰησοῦ
1713 1061 1919 1131 σωτῆρι

300 1139 371 1161 (θ’

338 1145 534 1218 αγαθῷ
579 1140 921 1213 ἀναφανέντι
965 1144 1023 1198 ἐν
1067 1140 1217 1217 τόπῳ
1249 1140 1646 1214 Ἱεροσολύμων
1685 1147 1913 1215 χαίρειν.

297 1222 609 1297 “ἤκουσταί
634 1248 727 1298 μοι
756 1223 822 1281 τὰ
853 1227 979 1332 περὶ
1011 1229 1114 1282 σοῦ
1146 1228 1238 1281 καὶ
1263 1229 1374 1282 τῶν
1399 1229 1514 1282 σῶν
1546 1224 1810 1298 ἰαμάτων,
1844 1249 1919 1292 ως

297 1308 470 1367 “ανευ
491 1307 822 1410 φαρμάκων
862 1311 952 1365 καὶ
995 1311 1247 1381 βοτανων
1286 1307 1395 1365 ὑπὸ
1438 1311 1542 1366 σοῦ
1591 1311 1913 1382 γινομένων.

297 1392 410 1460 “ὡς
442 1418 546 1467 γαρ
578 1392 766 1466 λόγος,
807 1391 1052 1465 τυφλούς
1083 1391 1421 1465 ἀναβλέπειν
1459 1407 1664 1465 ποιεις,
1705 1390 1921 1466 χωλους

242 1503 282 1533 15
316 1477 691 1552 “περιπατειν,
736 1480 828 1534 καὶ
860 1475 1096 1552 λεπροὺς
1128 1484 1473 1550 καθαρίζεις,
1505 1480 1597 1534 καὶ
1627 1476 1919 1553 ἀκαθαρτα

299 1558 622 1636 “πνευ’ματα
654 1564 745 1619 καὶ
777 1568 1043 1635 δαίμονας
1075 1560 1387 1634 ἐκβάλλεις,
1430 1564 1522 1618 καὶ
1561 1559 1689 1628 τούς
1722 1565 1782 1619 ἐν
1811 1587 1918 1634 μα-

295 1645 598 1721 “κρονοσία
648 1648 1112 1718 βασανιζομένους
1153 1643 1512 1718 θεραπεύεις,
1554 1648 1660 1711 καὶΑ
1685 1643 1918 1719 νεκρούς

297 1727 581 1804 “ἐγείρεις.
641 1734 685 1786 7.
711 1733 803 1786 καὶ
832 1733 1004 1785 ταῦτα
1034 1728 1215 1791 πάντα
1245 1726 1483 1795 ἀκούσας
1510 1732 1637 1801 περὶ
1657 1733 1759 1786 σοῦ
1780 1727 1919 1786 κατὰ

298 1814 474 1871 “νοῦν
508 1816 715 1886 ἐθέμην
745 1813 805 1870 τὸ
837 1816 1025 1887 ἕτερον
1056 1818 1169 1869 τῶν
1201 1812 1328 1885 δυό,
1370 1809 1404 1885 ἢ
1435 1812 1517 1870 ὅτι
1548 1813 1618 1870 συ
1645 1813 1696 1870 εἶ
1715 1813 1743 1870 ὁ
1783 1813 1916 1880 θεὸς

242 1898 310 1954 20‘
314 1898 427 1955 καὶ
459 1897 700 1970 καταβὰς
741 1895 847 1954 ἀπὸ
887 1901 984 1954 τοῦ
1015 1894 1258 1971 οὐρανοῦ
1290 1912 1465 1964 ποιεῖς
1496 1902 1697 1970 ταῦτα,
1730 1923 1764 1970 η
1795 1895 1914 1963 υιός

297 1981 386 2040 “⁶13
413 1986 512 2039 τοῦ
542 1986 682 2039 θεοῦ
713 1984 887 2040 ποιῶν
917 1984 1102 2038 ταῦτα.
1165 1987 1211 2038 8.
1250 1979 1340 2038 δια
1370 1985 1531 2039 τοῦτο
1561 1990 1755 2039 τοίνυν
1785 2006 1914 2056 γρα-

297 2066 440 2131 “thoes
474 2064 716 2138 ἐδεήθην
748 2084 850 2123 σου
881 2069 1152 2136 σκυλῆναι
1183 2064 1317 2137 πρὸς
1350 2068 1470 2139 ἐμε,
1503 2069 1594 2123 καὶ
1622 2065 1682 2123 τὸ
1714 2065 1914 2136 παθος,

297 2147 363 2206 “ὃ
395 2155 520 2222 ἔχω,
552 2154 912 2220 θεραπεῦσαι.
957 2152 1048 2206 καὶ
1070 2174 1174 2221 γαρ
1198 2148 1409 2221 ἤκουσα
1438 2174 1520 2207 οτι
1546 2153 1636 2206 καὶ
1657 2147 1915 2207 Ἰουδαῐοι

298 2233 806 2306 “καταγογγύζουσί
824 2253 926 2290 σου
952 2236 1042 2290 καὶ
1066 2231 1363 2305 βούλονται
1386 2237 1638 2291 κακῶσαί
1649 2253 1725 2291 σε.
1759 2233 1915 2300 πόλις

239 2340 283 2371 25
301 2317 401 2375 “625
430 2316 726 2391 μικροτάτη
757 2324 854 2391 μοί
874 2321 985 2374 ἐστι
1009 2320 1100 2374 καὶ
1125 2316 1316 2390 σεμνὴ,
1348 2316 1463 2390 ἥτις
1490 2321 1704 2391 ἐξαρκεῖ
1733 2316 1915 2391 ἀμφο-

299 2393 557 2474 “τέροις.”

433 2490 479 2542 9.
517 2485 647 2559 [Καὶ
672 2491 844 2542 ταῦτα
868 2487 968 2558 μὲν
991 2483 1165 2553 οὕτως
1190 2492 1414 2560 ἔγραψε,
1446 2491 1540 2559 τῆς
1559 2493 1717 2553 θείας
1742 2480 1915 2543 αὐτὸν

304 2572 439 2636 τέως
469 2569 666 2642 μικρὸν
697 2567 1014 2642 αὐγασοὲσης
1048 2571 1378 2643 ἐλλάμψεως.
1421 2568 1573 2639 ἄξιον
1606 2572 1666 2627 δὲ
1697 2572 1788 2626 καὶ
1817 2574 1914 2643 τῆς

306 2651 442 2728 πρὸς
462 2659 560 2710 τοῦ
579 2651 760 2727 Ἰησοῦ
781 2650 932 2730 αὐτῷ
950 2653 1039 2710 διὰ
1061 2657 1160 2710 τοῦ
1179 2653 1348 2712 αὐτοῦ
1365 2658 1913 2728 γραμματοκομιστού

241 2763 283 2794 30
305 2735 706 2811 ἀποσταλείσης
721 2740 1020 2795 ἐπακοῦσαι
1032 2735 1375 2811 ὀλιγοστίχου
1386 2740 1506 2811 μὲν,
1521 2737 1919 2811 πολυδυνοὲμου

308 2822 369 2878 δὲ
402 2824 706 2895 ἐπιστολῆς,
737 2829 936 2880 τοῦτον
968 2820 1193 2896 ἐχούσης
1225 2825 1315 2879 καὶ
1349 2820 1518 2895 αὐτῆς
1549 2820 1644 2879 τὸν
1667 2821 1909 2897 τρόπον]
