<?xml version="1.0" encoding="UTF-8"?>
<!DOCTYPE html PUBLIC "-//W3C//DTD XHTML 1.0 Transitional//EN"
    "http://www.w3.org/TR/xhtml1/DTD/xhtml1-transitional.dtd">
<html xmlns="http://www.w3.org/1999/xhtml" xml:lang="en" lang="en">
 <head>
  <title>
</title>
<meta http-equiv="Content-Type" content="text/html;charset=utf-8" />
  <meta name='ocr-system' content='tesseract 3.04.00' />
  <meta name='ocr-capabilities' content='ocr_page ocr_carea ocr_par ocr_line ocrx_word'/>
</head>
<body>
  <div class='ocr_page' id='page_1' title='image "./operaeusebius04euseuoft_0427.png"; bbox 0 0 1986 3152; ppageno 0'>
   <div class='ocr_carea' id='block_1_1' title="bbox 579 127 1731 180">
    <p class='ocr_par' dir='ltr' id='par_1_1' title="bbox 579 127 1731 180">
     <span class='ocr_line' id='line_1_1' title="bbox 579 127 1731 180; baseline 0.011 -12"><span class='ocrx_word' id='word_1_1' title='bbox 579 127 735 169; x_wconf 83' lang='lat' dir='ltr'>HIST.</span> <span class='ocrx_word' id='word_1_2' title='bbox 768 127 1018 169; x_wconf 79' lang='lat' dir='ltr'><strong>ECCLES.</strong></span> <span class='ocrx_word' id='word_1_3' title='bbox 1049 129 1176 170; x_wconf 87' lang='lat' dir='ltr'><em>vm.</em></span> <span class='ocrx_word' id='word_1_4' title='bbox 1210 131 1278 170; x_wconf 83' lang='lat'><em>12.</em></span> <span class='ocrx_word' id='word_1_5' title='bbox 1629 127 1731 180; x_wconf 88' lang='lat'><em>367</em></span> 
     </span>
    </p>
   </div>
   <div class='ocr_carea' id='block_1_2' title="bbox 35 243 1790 2933">
    <p class='ocr_par' dir='ltr' id='par_1_2' title="bbox 35 243 1790 2933">
     <span class='ocr_line' id='line_1_2' title="bbox 121 243 1732 318; baseline 0.002 -18"><span class='ocrx_word' id='word_1_6' title='bbox 121 246 225 318; x_wconf 76' lang='grc' dir='ltr'><em>μὲν</em></span> <span class='ocrx_word' id='word_1_7' title='bbox 269 243 331 300; x_wconf 86' lang='grc' dir='ltr'>τό</span> <span class='ocrx_word' id='word_1_8' title='bbox 378 245 571 315; x_wconf 85' lang='grc' dir='ltr'><em>γένος,</em></span> <span class='ocrx_word' id='word_1_9' title='bbox 626 250 898 318; x_wconf 77' lang='grc' dir='ltr'><strong><em>λαμπρῶν</em></strong></span> <span class='ocrx_word' id='word_1_10' title='bbox 944 245 1006 301; x_wconf 75' lang='grc' dir='ltr'><em>δὲ</em></span> <span class='ocrx_word' id='word_1_11' title='bbox 1047 244 1146 301; x_wconf 86' lang='grc' dir='ltr'><em>τὸν</em></span> <span class='ocrx_word' id='word_1_12' title='bbox 1201 251 1359 318; x_wconf 89' lang='grc' dir='ltr'><em>βίον,</em></span> <span class='ocrx_word' id='word_1_13' title='bbox 1411 247 1558 303; x_wconf 88' lang='grc' dir='ltr'><em>νέων</em></span> <span class='ocrx_word' id='word_1_14' title='bbox 1599 246 1732 313; x_wconf 75' lang='grc' dir='ltr'><em>τούς</em></span> 
     </span>
     <span class='ocr_line' id='line_1_3' title="bbox 120 327 1730 403; baseline 0.001 -18"><span class='ocrx_word' id='word_1_15' title='bbox 120 329 387 402; x_wconf 89' lang='grc' dir='ltr'><em>χρόνους,</em></span> <span class='ocrx_word' id='word_1_16' title='bbox 451 327 674 402; x_wconf 84' lang='grc' dir='ltr'><em>ῶραίων</em></span> <span class='ocrx_word' id='word_1_17' title='bbox 724 329 786 385; x_wconf 84' lang='grc' dir='ltr'><em>τὸ</em></span> <span class='ocrx_word' id='word_1_18' title='bbox 842 334 1032 402; x_wconf 90' lang='grc' dir='ltr'><em>σῶμα,</em></span> <span class='ocrx_word' id='word_1_19' title='bbox 1094 334 1318 402; x_wconf 79' lang='grc' dir='ltr'><em>σεμνῶν</em></span> <span class='ocrx_word' id='word_1_20' title='bbox 1367 330 1470 402; x_wconf 79' lang='grc' dir='ltr'><em>τὴν</em></span> <span class='ocrx_word' id='word_1_21' title='bbox 1523 330 1730 403; x_wconf 80' lang='grc' dir='ltr'><em>ψυχὴν,</em></span> 
     </span>
     <span class='ocr_line' id='line_1_4' title="bbox 120 411 1731 487; baseline 0.001 -17"><span class='ocrx_word' id='word_1_22' title='bbox 120 411 373 484; x_wconf 78' lang='grc' dir='ltr'><em>εὐσεβῶν</em></span> <span class='ocrx_word' id='word_1_23' title='bbox 402 412 503 469; x_wconf 81' lang='grc' dir='ltr'><em>τὸν</em></span> <span class='ocrx_word' id='word_1_24' title='bbox 533 413 742 486; x_wconf 79' lang='grc' dir='ltr'><em>τρόπον</em></span> <span class='ocrx_word' id='word_1_25' title='bbox 761 457 775 484; x_wconf 91' lang='grc'><em>,</em></span> <span class='ocrx_word' id='word_1_26' title='bbox 820 418 1168 486; x_wconf 75' lang='grc' dir='ltr'><em>θαυμαστῶν</em></span> <span class='ocrx_word' id='word_1_27' title='bbox 1195 413 1300 486; x_wconf 80' lang='grc' dir='ltr'><em>τὴν</em></span> <span class='ocrx_word' id='word_1_28' title='bbox 1331 415 1615 487; x_wconf 86' lang='grc' dir='ltr'><em>σπουδὴν,</em></span> <span class='ocrx_word' id='word_1_29' title='bbox 1657 414 1731 481; x_wconf 82' lang='grc' dir='ltr'><em>ῶς</em></span> 
     </span>
     <span class='ocr_line' id='line_1_5' title="bbox 119 494 1728 571; baseline 0.001 -18"><span class='ocrx_word' id='word_1_30' title='bbox 119 494 191 554; x_wconf 68' lang='grc' dir='ltr'><em>ἄν</em></span> <span class='ocrx_word' id='word_1_31' title='bbox 221 497 294 569; x_wconf 78' lang='grc' dir='ltr'><em>μὴ</em></span> <span class='ocrx_word' id='word_1_32' title='bbox 328 497 610 569; x_wconf 77' lang='grc' dir='ltr'><em>φερούσης</em></span> <span class='ocrx_word' id='word_1_33' title='bbox 641 503 739 569; x_wconf 84' lang='grc' dir='ltr'><em>τῆς</em></span> <span class='ocrx_word' id='word_1_34' title='bbox 770 502 871 569; x_wconf 87' lang='grc' dir='ltr'><em>γῆς</em></span> <span class='ocrx_word' id='word_1_35' title='bbox 902 497 968 556; x_wconf 78' lang='grc' dir='ltr'><em>τά</em></span> <span class='ocrx_word' id='word_1_36' title='bbox 1000 502 1228 554; x_wconf 80' lang='grc' dir='ltr'><em>τοιαῦτα</em></span> <span class='ocrx_word' id='word_1_37' title='bbox 1256 499 1572 571; x_wconf 76' lang='grc' dir='ltr'><em>βαστάζειν,</em></span> <span class='ocrx_word' id='word_1_38' title='bbox 1615 508 1728 555; x_wconf 92' lang='grc' dir='ltr'><em>θα-</em></span> 
     </span>
     <span class='ocr_line' id='line_1_6' title="bbox 120 581 1770 655; baseline 0.002 -18"><span class='ocrx_word' id='word_1_39' title='bbox 120 581 288 655; x_wconf 80' lang='grc' dir='ltr'><em>λάττῃ</em></span> <span class='ocrx_word' id='word_1_40' title='bbox 337 584 551 654; x_wconf 78' lang='grc' dir='ltr'><em>ῥίπτειν</em></span> <span class='ocrx_word' id='word_1_41' title='bbox 594 583 852 638; x_wconf 89' lang='grc' dir='ltr'><em>ἐκέλευον</em></span> <span class='ocrx_word' id='word_1_42' title='bbox 894 587 952 638; x_wconf 79' lang='grc' dir='ltr'><em>οἰ</em></span> <span class='ocrx_word' id='word_1_43' title='bbox 976 587 1092 638; x_wconf 86' lang='grc' dir='ltr'><em>τῶν</em></span> <span class='ocrx_word' id='word_1_44' title='bbox 1124 583 1410 655; x_wconf 79' lang='grc' dir='ltr'><em>δαιμόνων</em></span> <span class='ocrx_word' id='word_1_45' title='bbox 1440 593 1726 655; x_wconf 89' lang='grc' dir='ltr'><em>θεραπευ-</em></span> <span class='ocrx_word' id='word_1_46' title='bbox 1749 600 1770 632; x_wconf 88' lang='grc'>5</span> 
     </span>
     <span class='ocr_line' id='line_1_7' title="bbox 116 659 1727 741; baseline 0.002 -20"><span class='ocrx_word' id='word_1_47' title='bbox 116 672 222 722; x_wconf 90' lang='grc' dir='ltr'><em>ταί.</em></span> <span class='ocrx_word' id='word_1_48' title='bbox 284 671 460 722; x_wconf 80' lang='grc' dir='ltr'><em>ταῦτα</em></span> <span class='ocrx_word' id='word_1_49' title='bbox 489 666 594 738; x_wconf 76' lang='grc' dir='ltr'><em>μὲν</em></span> <span class='ocrx_word' id='word_1_50' title='bbox 624 659 732 722; x_wconf 72' lang='grc' dir='ltr'><em>οὖν</em></span> <span class='ocrx_word' id='word_1_51' title='bbox 772 665 921 739; x_wconf 79' lang='grc' dir='ltr'><em>παρὰ</em></span> <span class='ocrx_word' id='word_1_52' title='bbox 951 671 1154 722; x_wconf 87' lang='grc' dir='ltr'><em>τοῖσδε.</em></span> <span class='ocrx_word' id='word_1_53' title='bbox 1230 672 1278 722; x_wconf 87' lang='grc'><em>6.</em></span> <span class='ocrx_word' id='word_1_54' title='bbox 1324 667 1391 723; x_wconf 76' lang='grc' dir='ltr'><em>τὰ</em></span> <span class='ocrx_word' id='word_1_55' title='bbox 1430 668 1631 741; x_wconf 73' lang='grc' dir='ltr'><em>φρικτὰ</em></span> <span class='ocrx_word' id='word_1_56' title='bbox 1663 669 1727 725; x_wconf 76' lang='grc' dir='ltr'><em>δὲ</em></span> 
     </span>
     <span class='ocr_line' id='line_1_8' title="bbox 118 748 1727 825; baseline 0.001 -19"><span class='ocrx_word' id='word_1_57' title='bbox 118 748 311 816; x_wconf 89' lang='grc' dir='ltr'><em>ἀκοαῖς</em></span> <span class='ocrx_word' id='word_1_58' title='bbox 343 749 482 805; x_wconf 78' lang='grc' dir='ltr'><em>κατά</em></span> <span class='ocrx_word' id='word_1_59' title='bbox 521 749 621 805; x_wconf 83' lang='grc' dir='ltr'><em>τὸν</em></span> <span class='ocrx_word' id='word_1_60' title='bbox 653 749 878 807; x_wconf 89' lang='grc' dir='ltr'><em>Πόντον</em></span> <span class='ocrx_word' id='word_1_61' title='bbox 921 755 1166 821; x_wconf 83' lang='grc' dir='ltr'><em>ἔπασχον</em></span> <span class='ocrx_word' id='word_1_62' title='bbox 1210 754 1415 824; x_wconf 81' lang='grc' dir='ltr'><em>ἕτεροι,</em></span> <span class='ocrx_word' id='word_1_63' title='bbox 1461 752 1727 825; x_wconf 76' lang='grc' dir='ltr'><em>καλάμοις</em></span> 
     </span>
     <span class='ocr_line' id='line_1_9' title="bbox 116 832 1726 906; baseline 0.001 -16"><span class='ocrx_word' id='word_1_64' title='bbox 116 833 263 901; x_wconf 82' lang='grc' dir='ltr'><em>ὀξέσι</em></span> <span class='ocrx_word' id='word_1_65' title='bbox 292 846 414 890; x_wconf 91' lang='grc' dir='ltr'><em>τοῖν</em></span> <span class='ocrx_word' id='word_1_66' title='bbox 444 845 635 906; x_wconf 89' lang='grc' dir='ltr'><em>χεροῖν</em></span> <span class='ocrx_word' id='word_1_67' title='bbox 666 836 719 900; x_wconf 82' lang='grc' dir='ltr'><em>ἐξ</em></span> <span class='ocrx_word' id='word_1_68' title='bbox 752 833 941 906; x_wconf 74' lang='grc' dir='ltr'><em>ἄκρων</em></span> <span class='ocrx_word' id='word_1_69' title='bbox 971 832 1198 905; x_wconf 82' lang='grc' dir='ltr'><em>ὀνύχων</em></span> <span class='ocrx_word' id='word_1_70' title='bbox 1237 835 1372 900; x_wconf 77' lang='grc' dir='ltr'><em>τούς</em></span> <span class='ocrx_word' id='word_1_71' title='bbox 1413 836 1726 902; x_wconf 79' lang='grc' dir='ltr'><em>δακτύλους</em></span> 
     </span>
     <span class='ocr_line' id='line_1_10' title="bbox 115 917 1727 991; baseline 0.001 -18"><span class='ocrx_word' id='word_1_72' title='bbox 115 918 555 991; x_wconf 88' lang='grc' dir='ltr'><em>διαπειρόμενοι,</em></span> <span class='ocrx_word' id='word_1_73' title='bbox 587 918 680 974; x_wconf 87' lang='grc' dir='ltr'><em>καὶ</em></span> <span class='ocrx_word' id='word_1_74' title='bbox 711 917 867 974; x_wconf 78' lang='grc' dir='ltr'><em>ἄλλοι</em></span> <span class='ocrx_word' id='word_1_75' title='bbox 898 919 1038 990; x_wconf 82' lang='grc' dir='ltr'><em>πυρὶ</em></span> <span class='ocrx_word' id='word_1_76' title='bbox 1066 923 1339 990; x_wconf 78' lang='grc' dir='ltr'><em>μολίβδου</em></span> <span class='ocrx_word' id='word_1_77' title='bbox 1372 922 1727 986; x_wconf 86' lang='grc' dir='ltr'><em>διατακέντος</em></span> 
     </span>
     <span class='ocr_line' id='line_1_11' title="bbox 35 1001 1790 1077; baseline 0 -18"><span class='ocrx_word' id='word_1_78' title='bbox 35 1011 46 1014; x_wconf 75' lang='grc'><strong>’</strong></span> <span class='ocrx_word' id='word_1_79' title='bbox 113 1001 439 1077; x_wconf 83' lang='grc' dir='ltr'><em>βρασσούσῃ</em></span> <span class='ocrx_word' id='word_1_80' title='bbox 462 1003 564 1062; x_wconf 79' lang='grc' dir='ltr'><em>,καὶ</em></span> <span class='ocrx_word' id='word_1_81' title='bbox 595 1004 1075 1077; x_wconf 77' lang='grc' dir='ltr'><em>πεπυρακτωμένῃ</em></span> <span class='ocrx_word' id='word_1_82' title='bbox 1101 1007 1170 1076; x_wconf 83' lang='grc' dir='ltr'><em>τῇ</em></span> <span class='ocrx_word' id='word_1_83' title='bbox 1202 1002 1310 1077; x_wconf 80' lang='grc' dir='ltr'><em>ὕλῃ</em></span> <span class='ocrx_word' id='word_1_84' title='bbox 1342 1003 1410 1059; x_wconf 84' lang='grc' dir='ltr'><em>τὰ</em></span> <span class='ocrx_word' id='word_1_85' title='bbox 1440 1009 1590 1060; x_wconf 90' lang='grc' dir='ltr'><em>νῶτα</em></span> <span class='ocrx_word' id='word_1_86' title='bbox 1621 1027 1725 1059; x_wconf 82' lang='grc' dir='ltr'><em>κα-</em></span> <span class='ocrx_word' id='word_1_87' title='bbox 1752 1020 1790 1051; x_wconf 81' lang='lat'><em>10</em></span> 
     </span>
     <span class='ocr_line' id='line_1_12' title="bbox 115 1086 1727 1160; baseline 0.001 -16"><span class='ocrx_word' id='word_1_88' title='bbox 115 1088 466 1160; x_wconf 91' lang='grc' dir='ltr'><em>ταχεόμενοι,</em></span> <span class='ocrx_word' id='word_1_89' title='bbox 509 1088 603 1142; x_wconf 86' lang='grc' dir='ltr'><em>καὶ</em></span> <span class='ocrx_word' id='word_1_90' title='bbox 644 1086 711 1142; x_wconf 76' lang='grc' dir='ltr'><em>τοὶ</em></span> <span class='ocrx_word' id='word_1_91' title='bbox 754 1087 989 1159; x_wconf 91' lang='grc' dir='ltr'><em>μάλιστα</em></span> <span class='ocrx_word' id='word_1_92' title='bbox 1031 1086 1438 1158; x_wconf 81' lang='grc' dir='ltr'><em>ἀναγκαιότατα</em></span> <span class='ocrx_word' id='word_1_93' title='bbox 1477 1094 1578 1144; x_wconf 85' lang='grc' dir='ltr'><em>τοῦ</em></span> <span class='ocrx_word' id='word_1_94' title='bbox 1611 1090 1727 1145; x_wconf 78' lang='grc' dir='ltr'><em>σῶ-</em></span> 
     </span>
     <span class='ocr_line' id='line_1_13' title="bbox 114 1170 1730 1245; baseline 0.001 -18"><span class='ocrx_word' id='word_1_95' title='bbox 114 1195 284 1244; x_wconf 90' lang='grc' dir='ltr'><em>ματος</em></span> <span class='ocrx_word' id='word_1_96' title='bbox 336 1171 777 1244; x_wconf 82' lang='grc' dir='ltr'><em>κατοπτῶμενοι·</em></span> <span class='ocrx_word' id='word_1_97' title='bbox 863 1176 908 1227; x_wconf 83' lang='grc'><em>7.</em></span> <span class='ocrx_word' id='word_1_98' title='bbox 973 1170 1066 1227; x_wconf 90' lang='grc' dir='ltr'><em>διά</em></span> <span class='ocrx_word' id='word_1_99' title='bbox 1117 1195 1176 1228; x_wconf 87' lang='grc' dir='ltr'><em>τε</em></span> <span class='ocrx_word' id='word_1_100' title='bbox 1225 1177 1339 1228; x_wconf 88' lang='grc' dir='ltr'><em>τῶν</em></span> <span class='ocrx_word' id='word_1_101' title='bbox 1398 1171 1730 1245; x_wconf 77' lang='grc' dir='ltr'><em>ἀπορρήτων</em></span> 
     </span>
     <span class='ocr_line' id='line_1_14' title="bbox 115 1255 1721 1331; baseline 0.001 -19"><span class='ocrx_word' id='word_1_102' title='bbox 115 1259 291 1330; x_wconf 81' lang='grc' dir='ltr'><em>ἕτεροι</em></span> <span class='ocrx_word' id='word_1_103' title='bbox 331 1260 519 1328; x_wconf 87' lang='grc' dir='ltr'><em>μελῶν</em></span> <span class='ocrx_word' id='word_1_104' title='bbox 559 1279 618 1313; x_wconf 90' lang='grc' dir='ltr'><em>τε</em></span> <span class='ocrx_word' id='word_1_105' title='bbox 659 1257 751 1312; x_wconf 82' lang='grc' dir='ltr'><em>καὶ</em></span> <span class='ocrx_word' id='word_1_106' title='bbox 784 1255 1123 1329; x_wconf 76' lang='grc' dir='ltr'><em>σπλάγχνων</em></span> <span class='ocrx_word' id='word_1_107' title='bbox 1153 1256 1387 1331; x_wconf 75' lang='grc' dir='ltr'><em>αἰσχρὰς</em></span> <span class='ocrx_word' id='word_1_108' title='bbox 1419 1258 1513 1312; x_wconf 86' lang='grc' dir='ltr'><em>καὶ</em></span> <span class='ocrx_word' id='word_1_109' title='bbox 1543 1256 1721 1329; x_wconf 85' lang='grc' dir='ltr'><em>ἀσυμ-</em></span> 
     </span>
     <span class='ocr_line' id='line_1_15' title="bbox 114 1338 1732 1417; baseline 0.001 -21"><span class='ocrx_word' id='word_1_110' title='bbox 114 1348 317 1406; x_wconf 86' lang='grc' dir='ltr'><em>παθεῖς</em></span> <span class='ocrx_word' id='word_1_111' title='bbox 348 1341 439 1395; x_wconf 77' lang='grc' dir='ltr'><em>καὶ</em></span> <span class='ocrx_word' id='word_1_112' title='bbox 472 1338 608 1396; x_wconf 75' lang='grc' dir='ltr'><em>οὐδὲ</em></span> <span class='ocrx_word' id='word_1_113' title='bbox 639 1341 788 1417; x_wconf 80' lang='grc' dir='ltr'><em>λόγῳ</em></span> <span class='ocrx_word' id='word_1_114' title='bbox 822 1340 990 1414; x_wconf 77' lang='grc' dir='ltr'><em>ῥητὰς</em></span> <span class='ocrx_word' id='word_1_115' title='bbox 1019 1339 1301 1412; x_wconf 84' lang='grc' dir='ltr'><em>ὑπέμενον</em></span> <span class='ocrx_word' id='word_1_116' title='bbox 1331 1341 1546 1411; x_wconf 88' lang='grc' dir='ltr'><em>πάθας,</em></span> <span class='ocrx_word' id='word_1_117' title='bbox 1578 1339 1642 1407; x_wconf 76' lang='grc' dir='ltr'><em>ἃς</em></span> <span class='ocrx_word' id='word_1_118' title='bbox 1674 1345 1732 1397; x_wconf 78' lang='grc' dir='ltr'><em>οἱ</em></span> 
     </span>
     <span class='ocr_line' id='line_1_16' title="bbox 112 1425 1790 1498; baseline 0.001 -17"><span class='ocrx_word' id='word_1_119' title='bbox 112 1436 361 1496; x_wconf 90' lang='grc' dir='ltr'><em>γενναῖοι</em></span> <span class='ocrx_word' id='word_1_120' title='bbox 391 1426 483 1480; x_wconf 88' lang='grc' dir='ltr'><em>καὶ</em></span> <span class='ocrx_word' id='word_1_121' title='bbox 515 1425 735 1498; x_wconf 91' lang='grc' dir='ltr'><em>νόμιμοι</em></span> <span class='ocrx_word' id='word_1_122' title='bbox 766 1426 1048 1496; x_wconf 84' lang='grc' dir='ltr'><em>δικασταὶ,</em></span> <span class='ocrx_word' id='word_1_123' title='bbox 1079 1425 1181 1498; x_wconf 83' lang='grc' dir='ltr'><em>τὴν</em></span> <span class='ocrx_word' id='word_1_124' title='bbox 1213 1430 1374 1497; x_wconf 91' lang='grc' dir='ltr'><em>σφῶν</em></span> <span class='ocrx_word' id='word_1_125' title='bbox 1407 1425 1723 1482; x_wconf 88' lang='grc' dir='ltr'><em>ἐπιδεικνύ-</em></span> <span class='ocrx_word' id='word_1_126' title='bbox 1750 1441 1790 1474; x_wconf 82' lang='lat'><em>15</em></span> 
     </span>
     <span class='ocr_line' id='line_1_17' title="bbox 111 1508 1725 1584; baseline 0 -18"><span class='ocrx_word' id='word_1_127' title='bbox 111 1532 266 1582; x_wconf 89' lang='grc' dir='ltr'><em>μενοι</em></span> <span class='ocrx_word' id='word_1_128' title='bbox 297 1509 615 1581; x_wconf 81' lang='grc' dir='ltr'><em>δεινότητα,</em></span> <span class='ocrx_word' id='word_1_129' title='bbox 660 1509 847 1583; x_wconf 84' lang='grc' dir='ltr'><em>ῶσπερ</em></span> <span class='ocrx_word' id='word_1_130' title='bbox 878 1509 1000 1566; x_wconf 76' lang='grc' dir='ltr'><em>τινά</em></span> <span class='ocrx_word' id='word_1_131' title='bbox 1043 1516 1244 1582; x_wconf 84' lang='grc' dir='ltr'><em>σοφίας</em></span> <span class='ocrx_word' id='word_1_132' title='bbox 1277 1508 1482 1584; x_wconf 78' lang='grc' dir='ltr'><em>ἀρετὴν</em></span> <span class='ocrx_word' id='word_1_133' title='bbox 1513 1517 1725 1582; x_wconf 81' lang='grc' dir='ltr'><em>φιλοτι-</em></span> 
     </span>
     <span class='ocr_line' id='line_1_18' title="bbox 110 1592 1724 1668; baseline 0 -18"><span class='ocrx_word' id='word_1_134' title='bbox 110 1593 348 1668; x_wconf 89' lang='grc' dir='ltr'><em>μότερον</em></span> <span class='ocrx_word' id='word_1_135' title='bbox 381 1594 680 1666; x_wconf 85' lang='grc' dir='ltr'><em>ἐπενόουν,</em></span> <span class='ocrx_word' id='word_1_136' title='bbox 736 1592 822 1650; x_wconf 82' lang='grc' dir='ltr'><em>ἀεὶ</em></span> <span class='ocrx_word' id='word_1_137' title='bbox 862 1606 983 1660; x_wconf 86' lang='grc' dir='ltr'><em>ταῖς</em></span> <span class='ocrx_word' id='word_1_138' title='bbox 1028 1594 1351 1667; x_wconf 89' lang='grc' dir='ltr'><em>καινότερον</em></span> <span class='ocrx_word' id='word_1_139' title='bbox 1396 1597 1724 1668; x_wconf 80' lang='grc' dir='ltr'><em>ἐφευρισκο-</em></span> 
     </span>
     <span class='ocr_line' id='line_1_19' title="bbox 109 1676 1724 1781; baseline 0 -47"><span class='ocrx_word' id='word_1_140' title='bbox 109 1679 304 1751; x_wconf 87' lang='grc' dir='ltr'><em>μέναις</em></span> <span class='ocrx_word' id='word_1_141' title='bbox 337 1684 570 1749; x_wconf 79' lang='grc' dir='ltr'><em>αἰκίαις,</em></span> <span class='ocrx_word' id='word_1_142' title='bbox 604 1676 844 1751; x_wconf 74' lang='grc' dir='ltr'><em>ὡσπερεὶ</em></span> <span class='ocrx_word' id='word_1_143' title='bbox 878 1681 938 1735; x_wconf 89' lang='grc' dir='ltr'><em>ἐν</em></span> <span class='ocrx_word' id='word_1_144' title='bbox 969 1677 1184 1750; x_wconf 85' lang='grc' dir='ltr'><em>ἀγῶνος</em></span> <span class='ocrx_word' id='word_1_145' title='bbox 1207 1684 1544 1781; x_wconf 44' lang='grc' dir='ltr'><em>βραβείοις,,</em></span> <span class='ocrx_word' id='word_1_146' title='bbox 1550 1677 1724 1750; x_wconf 87' lang='grc' dir='ltr'><em>ἀλλή-</em></span> 
     </span>
     <span class='ocr_line' id='line_1_20' title="bbox 111 1760 1726 1865; baseline -0.001 -46"><span class='ocrx_word' id='word_1_147' title='bbox 111 1770 244 1829; x_wconf 88' lang='grc' dir='ltr'><em>λους</em></span> <span class='ocrx_word' id='word_1_148' title='bbox 283 1760 646 1837; x_wconf 82' lang='grc' dir='ltr'><em>υπερεξάγειν</em></span> <span class='ocrx_word' id='word_1_149' title='bbox 677 1763 1118 1865; x_wconf 76' lang='grc' dir='ltr'><em>διαμιλλώμενοι.</em></span> <span class='ocrx_word' id='word_1_150' title='bbox 1191 1767 1239 1818; x_wconf 80' lang='grc'><em>8.</em></span> <span class='ocrx_word' id='word_1_151' title='bbox 1287 1785 1353 1819; x_wconf 92' lang='grc' dir='ltr'><em>τα</em></span> <span class='ocrx_word' id='word_1_152' title='bbox 1385 1760 1439 1818; x_wconf 85' lang='grc' dir='ltr'><em>δ’</em></span> <span class='ocrx_word' id='word_1_153' title='bbox 1475 1766 1582 1820; x_wconf 84' lang='grc' dir='ltr'><em>οὐν</em></span> <span class='ocrx_word' id='word_1_154' title='bbox 1611 1768 1726 1819; x_wconf 88' lang='grc' dir='ltr'><em>τῶν</em></span> 
     </span>
     <span class='ocr_line' id='line_1_21' title="bbox 112 1845 1787 1921; baseline -0.001 -18"><span class='ocrx_word' id='word_1_155' title='bbox 112 1852 448 1921; x_wconf 90' lang='grc' dir='ltr'><em>συμφορῶν’</em></span> <span class='ocrx_word' id='word_1_156' title='bbox 467 1853 701 1919; x_wconf 82' lang='grc' dir='ltr'><em>ἔσχατα,</em></span> <span class='ocrx_word' id='word_1_157' title='bbox 755 1847 846 1904; x_wconf 82' lang='grc' dir='ltr'><em>ὅτε</em></span> <span class='ocrx_word' id='word_1_158' title='bbox 886 1847 954 1919; x_wconf 91' lang='grc' dir='ltr'><em>δη</em></span> <span class='ocrx_word' id='word_1_159' title='bbox 999 1846 1196 1904; x_wconf 79' lang='grc' dir='ltr'><em>λοιπὸν</em></span> <span class='ocrx_word' id='word_1_160' title='bbox 1235 1845 1590 1920; x_wconf 83' lang='grc' dir='ltr'><em>ἀπειρηκότες</em></span> <span class='ocrx_word' id='word_1_161' title='bbox 1634 1848 1724 1903; x_wconf 87' lang='grc' dir='ltr'><em>ἐπὶ</em></span> <span class='ocrx_word' id='word_1_162' title='bbox 1747 1860 1787 1894; x_wconf 84' lang='lat'><em>20</em></span> 
     </span>
     <span class='ocr_line' id='line_1_22' title="bbox 110 1930 1724 2005; baseline 0 -18"><span class='ocrx_word' id='word_1_163' title='bbox 110 1936 178 2004; x_wconf 80' lang='grc' dir='ltr'><em>τῇ</em></span> <span class='ocrx_word' id='word_1_164' title='bbox 223 1936 337 1988; x_wconf 87' lang='grc' dir='ltr'><em>τῶν</em></span> <span class='ocrx_word' id='word_1_165' title='bbox 381 1937 570 1989; x_wconf 82' lang='grc' dir='ltr'><em>κακῶν</em></span> <span class='ocrx_word' id='word_1_166' title='bbox 599 1931 890 2005; x_wconf 78' lang='grc' dir='ltr'><em>ὑπερβολῇ</em></span> <span class='ocrx_word' id='word_1_167' title='bbox 922 1933 1017 1987; x_wconf 84' lang='grc' dir='ltr'><em>καὶ</em></span> <span class='ocrx_word' id='word_1_168' title='bbox 1047 1931 1187 2005; x_wconf 85' lang='grc' dir='ltr'><em>πρὸς</em></span> <span class='ocrx_word' id='word_1_169' title='bbox 1217 1931 1275 1988; x_wconf 80' lang='grc' dir='ltr'><em>τὸ</em></span> <span class='ocrx_word' id='word_1_170' title='bbox 1311 1937 1550 1988; x_wconf 89' lang='grc' dir='ltr'><em>κτείνειν</em></span> <span class='ocrx_word' id='word_1_171' title='bbox 1581 1930 1724 1987; x_wconf 84' lang='grc' dir='ltr'><em>ἀπο-</em></span> 
     </span>
     <span class='ocr_line' id='line_1_23' title="bbox 113 2015 1725 2089; baseline 0 -18"><span class='ocrx_word' id='word_1_172' title='bbox 113 2016 412 2089; x_wconf 88' lang='grc' dir='ltr'><em>καμόντες,</em></span> <span class='ocrx_word' id='word_1_173' title='bbox 447 2016 774 2089; x_wconf 83' lang='grc' dir='ltr'><em>πλησμονήν</em></span> <span class='ocrx_word' id='word_1_174' title='bbox 804 2039 862 2072; x_wconf 89' lang='grc' dir='ltr'><em>τε</em></span> <span class='ocrx_word' id='word_1_175' title='bbox 892 2017 986 2072; x_wconf 85' lang='grc' dir='ltr'><em>καὶ</em></span> <span class='ocrx_word' id='word_1_176' title='bbox 1009 2016 1182 2088; x_wconf 91' lang='grc' dir='ltr'><em>κόρον</em></span> <span class='ocrx_word' id='word_1_177' title='bbox 1203 2021 1301 2088; x_wconf 85' lang='grc' dir='ltr'><em>τῆς</em></span> <span class='ocrx_word' id='word_1_178' title='bbox 1331 2021 1445 2072; x_wconf 89' lang='grc' dir='ltr'><em>τῶν</em></span> <span class='ocrx_word' id='word_1_179' title='bbox 1475 2015 1725 2088; x_wconf 77' lang='grc' dir='ltr'><em>αἱμάτων</em></span> 
     </span>
     <span class='ocr_line' id='line_1_24' title="bbox 114 2098 1721 2174; baseline -0.001 -17"><span class='ocrx_word' id='word_1_180' title='bbox 114 2101 391 2173; x_wconf 87' lang='grc' dir='ltr'><em>ἐκχύσεως</em></span> <span class='ocrx_word' id='word_1_181' title='bbox 424 2101 742 2173; x_wconf 85' lang='grc' dir='ltr'><em>ἐσχηκότες,</em></span> <span class='ocrx_word' id='word_1_182' title='bbox 778 2101 869 2157; x_wconf 86' lang='grc' dir='ltr'><em>ἐπὶ</em></span> <span class='ocrx_word' id='word_1_183' title='bbox 890 2100 950 2156; x_wconf 85' lang='grc' dir='ltr'>τὸ</span> <span class='ocrx_word' id='word_1_184' title='bbox 981 2100 1339 2173; x_wconf 81' lang='grc' dir='ltr'><em>νομιζόμενον</em></span> <span class='ocrx_word' id='word_1_185' title='bbox 1363 2098 1556 2166; x_wconf 77' lang='grc' dir='ltr'><em>αὐτοῖς</em></span> <span class='ocrx_word' id='word_1_186' title='bbox 1587 2123 1721 2174; x_wconf 47' lang='grc' dir='ltr'><em>χρηἡ</em></span> 
     </span>
     <span class='ocr_line' id='line_1_25' title="bbox 110 2180 1727 2259; baseline -0.002 -17"><span class='ocrx_word' id='word_1_187' title='bbox 110 2184 246 2242; x_wconf 85' lang='grc' dir='ltr'><em>στόν</em></span> <span class='ocrx_word' id='word_1_188' title='bbox 276 2186 370 2241; x_wconf 81' lang='grc' dir='ltr'><em>καὶ</em></span> <span class='ocrx_word' id='word_1_189' title='bbox 401 2185 813 2259; x_wconf 87' lang='grc' dir='ltr'><em>φιλάνθρωπον</em></span> <span class='ocrx_word' id='word_1_190' title='bbox 840 2187 1133 2257; x_wconf 81' lang='grc' dir='ltr'><em>ἐτρέποντο</em></span> <span class='ocrx_word' id='word_1_191' title='bbox 1152 2229 1167 2256; x_wconf 87' lang='grc'><em>,</em></span> <span class='ocrx_word' id='word_1_192' title='bbox 1201 2180 1274 2251; x_wconf 83' lang='grc' dir='ltr'><em>ῶς</em></span> <span class='ocrx_word' id='word_1_193' title='bbox 1305 2184 1483 2257; x_wconf 77' lang='grc' dir='ltr'><em>μηδὲν</em></span> <span class='ocrx_word' id='word_1_194' title='bbox 1512 2183 1617 2257; x_wconf 75' lang='grc' dir='ltr'><em>μὲν</em></span> <span class='ocrx_word' id='word_1_195' title='bbox 1648 2189 1727 2240; x_wconf 79' lang='grc' dir='ltr'><em>ἔτι</em></span> 
     </span>
     <span class='ocr_line' id='line_1_26' title="bbox 111 2268 1787 2343; baseline -0.001 -18"><span class='ocrx_word' id='word_1_196' title='bbox 111 2274 302 2326; x_wconf 86' lang='grc' dir='ltr'><em>δοκεῖν</em></span> <span class='ocrx_word' id='word_1_197' title='bbox 355 2269 544 2326; x_wconf 83' lang='grc' dir='ltr'><em>δεινὸν</em></span> <span class='ocrx_word' id='word_1_198' title='bbox 597 2269 733 2327; x_wconf 84' lang='grc' dir='ltr'><em>καθ’</em></span> <span class='ocrx_word' id='word_1_199' title='bbox 778 2268 938 2342; x_wconf 83' lang='grc' dir='ltr'><em>ἡμῶν</em></span> <span class='ocrx_word' id='word_1_200' title='bbox 983 2269 1459 2343; x_wconf 81' lang='grc' dir='ltr'><em>περιεργάζεσθαι·</em></span> <span class='ocrx_word' id='word_1_201' title='bbox 1543 2274 1589 2325; x_wconf 83' lang='grc'><em>9.</em></span> <span class='ocrx_word' id='word_1_202' title='bbox 1647 2268 1722 2340; x_wconf 83' lang='grc' dir='ltr'><em>μὴ</em></span> <span class='ocrx_word' id='word_1_203' title='bbox 1747 2282 1787 2315; x_wconf 79' lang='lat'><em>25</em></span> 
     </span>
     <span class='ocr_line' id='line_1_27' title="bbox 110 2350 1725 2428; baseline -0.001 -19"><span class='ocrx_word' id='word_1_204' title='bbox 110 2353 217 2427; x_wconf 77' lang='grc' dir='ltr'><em>γὰρ</em></span> <span class='ocrx_word' id='word_1_205' title='bbox 248 2353 519 2425; x_wconf 82' lang='grc' dir='ltr'><em>καθήκειν</em></span> <span class='ocrx_word' id='word_1_206' title='bbox 561 2356 738 2427; x_wconf 85' lang='grc' dir='ltr'><em>φασὶν</em></span> <span class='ocrx_word' id='word_1_207' title='bbox 769 2358 995 2426; x_wconf 83' lang='grc' dir='ltr'><em>αἵμασιν</em></span> <span class='ocrx_word' id='word_1_208' title='bbox 1029 2357 1316 2428; x_wconf 88' lang='grc' dir='ltr'><em>ἐμφυλίοις</em></span> <span class='ocrx_word' id='word_1_209' title='bbox 1357 2357 1598 2426; x_wconf 87' lang='grc' dir='ltr'><em>μιαίνειν</em></span> <span class='ocrx_word' id='word_1_210' title='bbox 1628 2350 1725 2417; x_wconf 76' lang='grc' dir='ltr'><em>τάς</em></span> 
     </span>
     <span class='ocr_line' id='line_1_28' title="bbox 111 2434 1725 2513; baseline -0.001 -19"><span class='ocrx_word' id='word_1_211' title='bbox 111 2437 328 2509; x_wconf 89' lang='grc' dir='ltr'><em>πόλεις,</em></span> <span class='ocrx_word' id='word_1_212' title='bbox 382 2436 519 2510; x_wconf 87' lang='grc' dir='ltr'><em>μηδ’</em></span> <span class='ocrx_word' id='word_1_213' title='bbox 570 2434 655 2494; x_wconf 88' lang='grc' dir='ltr'><em>ἐπ’</em></span> <span class='ocrx_word' id='word_1_214' title='bbox 703 2436 942 2511; x_wconf 81' lang='grc' dir='ltr'><em>ῶμότητι</em></span> <span class='ocrx_word' id='word_1_215' title='bbox 982 2444 1051 2513; x_wconf 85' lang='grc' dir='ltr'><em>τῇ</em></span> <span class='ocrx_word' id='word_1_216' title='bbox 1091 2437 1355 2494; x_wconf 87' lang='grc' dir='ltr'><em>ἀνωτάτω</em></span> <span class='ocrx_word' id='word_1_217' title='bbox 1406 2437 1725 2509; x_wconf 85' lang='grc' dir='ltr'><em>διαβάλλειν</em></span> 
     </span>
     <span class='ocr_line' id='line_1_29' title="bbox 107 2519 1724 2596; baseline -0.001 -17"><span class='ocrx_word' id='word_1_218' title='bbox 107 2523 210 2595; x_wconf 86' lang='grc' dir='ltr'><em>τὴν</em></span> <span class='ocrx_word' id='word_1_219' title='bbox 264 2527 378 2579; x_wconf 87' lang='grc' dir='ltr'><em>τῶν</em></span> <span class='ocrx_word' id='word_1_220' title='bbox 439 2522 799 2595; x_wconf 86' lang='grc' dir='ltr'><em>κρατούντων</em></span> <span class='ocrx_word' id='word_1_221' title='bbox 850 2521 1058 2596; x_wconf 82' lang='grc' dir='ltr'><em>ἀρχὴν,</em></span> <span class='ocrx_word' id='word_1_222' title='bbox 1121 2519 1330 2595; x_wconf 77' lang='grc' dir='ltr'><em>εὐμενῆ</em></span> <span class='ocrx_word' id='word_1_223' title='bbox 1381 2533 1498 2588; x_wconf 89' lang='grc' dir='ltr'><em>τοῖς</em></span> <span class='ocrx_word' id='word_1_224' title='bbox 1551 2526 1724 2578; x_wconf 77' lang='grc' dir='ltr'><em>πᾶσιν</em></span> 
     </span>
     <span class='ocr_line' id='line_1_30' title="bbox 108 2605 1721 2682; baseline -0.002 -18"><span class='ocrx_word' id='word_1_225' title='bbox 108 2605 480 2682; x_wconf 78' lang='grc' dir='ltr'><em>ὑπάρχουσαν</em></span> <span class='ocrx_word' id='word_1_226' title='bbox 503 2608 597 2663; x_wconf 84' lang='grc' dir='ltr'><em>καὶ</em></span> <span class='ocrx_word' id='word_1_227' title='bbox 621 2619 890 2680; x_wconf 88' lang='grc' dir='ltr'><em>πραεῖαν,</em></span> <span class='ocrx_word' id='word_1_228' title='bbox 923 2611 1046 2663; x_wconf 88' lang='grc' dir='ltr'><em>δεῖν</em></span> <span class='ocrx_word' id='word_1_229' title='bbox 1070 2605 1133 2663; x_wconf 74' lang='grc' dir='ltr'><em>δὲ</em></span> <span class='ocrx_word' id='word_1_230' title='bbox 1162 2612 1375 2679; x_wconf 82' lang='grc' dir='ltr'><em>μᾶλλον</em></span> <span class='ocrx_word' id='word_1_231' title='bbox 1397 2611 1494 2678; x_wconf 86' lang='grc' dir='ltr'><em>τῆς</em></span> <span class='ocrx_word' id='word_1_232' title='bbox 1518 2613 1721 2678; x_wconf 90' lang='grc' dir='ltr'><em>φιλαν-</em></span> 
     </span>
     <span class='ocr_line' id='line_1_31' title="bbox 107 2691 1784 2766; baseline -0.002 -18"><span class='ocrx_word' id='word_1_233' title='bbox 107 2691 346 2766; x_wconf 81' lang='grc' dir='ltr'><em>θρῶπου</em></span> <span class='ocrx_word' id='word_1_234' title='bbox 401 2693 494 2748; x_wconf 83' lang='grc' dir='ltr'><em>καὶ</em></span> <span class='ocrx_word' id='word_1_235' title='bbox 536 2696 823 2764; x_wconf 83' lang='grc' dir='ltr'><em>βασιλικῆς</em></span> <span class='ocrx_word' id='word_1_236' title='bbox 866 2694 1118 2759; x_wconf 80' lang='grc' dir='ltr'><em>ἐξουσίας</em></span> <span class='ocrx_word' id='word_1_237' title='bbox 1161 2696 1239 2757; x_wconf 82' lang='grc' dir='ltr'><em>εἰς</em></span> <span class='ocrx_word' id='word_1_238' title='bbox 1286 2691 1497 2756; x_wconf 85' lang='grc' dir='ltr'><em>πάντας</em></span> <span class='ocrx_word' id='word_1_239' title='bbox 1546 2693 1720 2745; x_wconf 88' lang='grc' dir='ltr'><em>ἐκτεί-</em></span> <span class='ocrx_word' id='word_1_240' title='bbox 1743 2703 1784 2735; x_wconf 85' lang='grc'><em>30</em></span> 
     </span>
     <span class='ocr_line' id='line_1_32' title="bbox 108 2773 1719 2852; baseline -0.004 -18"><span class='ocrx_word' id='word_1_241' title='bbox 108 2785 311 2834; x_wconf 89' lang='grc' dir='ltr'><em>νεσθαι</em></span> <span class='ocrx_word' id='word_1_242' title='bbox 353 2776 458 2849; x_wconf 86' lang='grc' dir='ltr'><em>τὴν</em></span> <span class='ocrx_word' id='word_1_243' title='bbox 500 2776 858 2851; x_wconf 76' lang='grc' dir='ltr'><em>εὐεργεσίαν,</em></span> <span class='ocrx_word' id='word_1_244' title='bbox 912 2777 1102 2849; x_wconf 85' lang='grc' dir='ltr'><em>μηκέτι</em></span> <span class='ocrx_word' id='word_1_245' title='bbox 1150 2775 1380 2852; x_wconf 80' lang='grc' dir='ltr'><em>θανάτῳ</em></span> <span class='ocrx_word' id='word_1_246' title='bbox 1423 2773 1719 2845; x_wconf 80' lang='grc' dir='ltr'><em>κολαζομέ-</em></span> 
     </span>
     <span class='ocr_line' id='line_1_33' title="bbox 110 2855 1720 2933; baseline -0.004 -15"><span class='ocrx_word' id='word_1_247' title='bbox 110 2884 245 2928; x_wconf 87' lang='grc' dir='ltr'><em>νους</em></span> <span class='ocrx_word' id='word_1_248' title='bbox 265 2878 276 2889; x_wconf 86' lang='grc'><em>·</em></span> <span class='ocrx_word' id='word_1_249' title='bbox 327 2862 598 2918; x_wconf 83' lang='grc' dir='ltr'><em>λελύσθαι</em></span> <span class='ocrx_word' id='word_1_250' title='bbox 642 2861 751 2933; x_wconf 75' lang='grc' dir='ltr'><em>γαρ</em></span> <span class='ocrx_word' id='word_1_251' title='bbox 795 2858 985 2917; x_wconf 80' lang='grc' dir='ltr'><em>αὐτῶν</em></span> <span class='ocrx_word' id='word_1_252' title='bbox 1014 2859 1154 2917; x_wconf 84' lang='grc' dir='ltr'><em>καθ’</em></span> <span class='ocrx_word' id='word_1_253' title='bbox 1188 2859 1349 2932; x_wconf 86' lang='grc' dir='ltr'><em>ἡμῶν</em></span> <span class='ocrx_word' id='word_1_254' title='bbox 1378 2858 1584 2929; x_wconf 88' lang='grc' dir='ltr'><em>ταύτην</em></span> <span class='ocrx_word' id='word_1_255' title='bbox 1614 2855 1720 2927; x_wconf 76' lang='grc' dir='ltr'><em>τὴν</em></span> 
     </span>
    </p>
   </div>
  </div>
 </body>
</html>
