1986 3152
298 146 397 197 13ss
864 199 867 201 .
973 145 1223 186 EUSEBII

292 271 476 317 θειται
501 257 594 316 διὰ
616 257 826 316 τούτων
867 255 1078 315 Ιξ).“καὶ
1099 264 1259 315 τοῦτο
1277 258 1305 315 ὁ
1329 258 1702 331 πρεσβύτερος
1720 266 1902 331 ἔλεγε·
1932 283 1937 293 ‘

283 343 554 416 “Μάρκος
576 344 677 416 μὲν
700 342 1034 416 ἑρμηνευτὴς
1049 345 1266 415 Πέτρου
1287 343 1599 415 γενόμενος,
1619 341 1720 400 ὅσα
1740 348 1924 417 ἐμνη-··

286 424 594 502 “μόνευσεν
625 424 866 500 ἀκριβῶς
899 434 1158 499 ἔγραψεν,
1190 423 1257 482 οὐ
1288 429 1474 499 μέντοι
1503 422 1677 499 τάξει,
1703 427 1768 484 τὰ
1791 426 1905 485 ὑπὸ

284 509 419 569 “tofi
461 516 701 585 Χριστοῦ
742 508 775 583 ἢ
817 513 1085 583 λεχθέντα
1127 507 1160 583 ἢ
1203 513 1540 584 πραχθέντα.
1630 511 1756 568 οὔτε
1796 511 1907 583 γὰρ

248 593 527 667 5“ἥκουσε
579 599 679 653 τοῦ
731 601 928 669 κυρίου
991 593 1118 652 οὔτε
1178 593 1675 668 παρηκολούθησεν
1732 594 1903 669 αὐτῷ,

280 679 556 754 “ῧστερον
576 680 655 751 δὲ,
684 677 756 746 ὡς
777 685 939 752 ἔφην,
966 682 1180 755 Πέτρῳ,
1199 674 1258 745 ὃς
1277 681 1411 751 πρὸς
1429 678 1522 746 τὰς
1546 685 1732 754 χρείας
1758 682 1906 736 ἐποι·

283 761 433 822 “ecto
463 764 557 831 τὰς
592 769 969 834 διδασκαλίας,
1002 760 1121 819 ἀλλ’
1159 761 1260 836 οὐχ
1293 762 1476 838 ὥσπερ
1501 763 1767 831 σύνταξιν
1791 765 1904 820 τῶν

286 845 607 921 “κυριακῶν
647 847 977 920 ποιούμενος
1018 846 1229 919 λόγων,
1285 845 1422 905 ὥστε
1473 846 1644 904 οὐδὲν
1695 845 1903 920 ἥμαρτε

285 931 589 1006 “Μαρκος,
644 931 817 998 οὕτως
859 939 978 989 ἔνια
1018 930 1234 1004 γράψας
1277 928 1347 998 ὡς
1390 929 1897 1005 ἀπεμνημόνευσεν.

230 1016 298 1072 10‘
303 1015 451 1083 ἑνὸς
482 1041 585 1091 γαρ
620 1015 912 1088 ἐποιήσατο
944 1016 1231 1087 πρόνοιαν,
1263 1021 1360 1073 τοῦ
1391 1018 1566 1088 μηδεν
1598 1008 1676 1072 ὧν
1699 1013 1908 1087 ἤκουσε

284 1100 677 1175 “ποἰραλιπειν,
710 1098 743 1171 ἢ
777 1099 1101 1166 ψεύσασθαί
1127 1124 1177 1156 τι
1210 1103 1269 1156 ἐν
1300 1099 1515 1166 αὐτοῖςῖ
1597 1105 1770 1156 ταῦτα
1801 1100 1909 1172 μὲν

293 1187 395 1243 οὐν
428 1184 707 1257 ιστόρηται
737 1187 814 1259 τῷ
836 1189 1032 1240 Παπία
1063 1187 1190 1256 περὶ
1219 1187 1316 1240 τοῦ
1342 1183 1596 1256 Μαρκου.
1661 1188 1740 1240 16.
1776 1186 1907 1252 περὶ

295 1270 354 1326 δε
385 1293 482 1326 του
514 1275 821 1325 Ματθαίου
852 1267 1007 1324 ταῦτ’
1045 1266 1297 1339 εἴρηται
1302 1266 1622 1332 Ματθαιος
1661 1291 1763 1340 μεν
1801 1291 1906 1323 ουν

284 1352 576 1426 ““Εβραί’δι
619 1355 884 1428 διαλέκτῳ
936 1375 1001 1408 τα
1053 1350 1209 1423 λόγια
1263 1350 1678 1424 συνεγραψατο,
1733 1349 1907 1424 ἡρμή·
1957 1411 1960 1414 ,

1595 1440 1674 1492 17.
1707 1439 1906 1508 κέχρη-
1950 1475 1951 1478 =

231 1460 271 1491 15
325 1459 490 1494 νευσε
523 1435 574 1493 δ’
613 1461 750 1494 αυτα
783 1435 854 1502 ὡς
885 1429 955 1508 ἦν
988 1435 1226 1503 δυνατὸς
1258 1433 1530 1502 ε’καστος.”

293 1546 381 1578 ται
416 1520 464 1578 δ’
503 1519 666 1587 αὐτὸς
707 1526 1033 1594 μαρτυρίαις
1073 1518 1180 1576 ἀπὸ
1219 1526 1314 1592 τῆς
1340 1517 1597 1578 Ἰωάννου
1637 1522 1910 1594 προτέρας

298 1609 580 1677 ἐπιστολῆς
619 1607 711 1662 καὶ
752 1603 860 1662 ἀπὸ
902 1609 997 1676 τῆς
1039 1607 1259 1677 Πέτρου
1299 1603 1516 1677 ὁμοίως.
1597 1605 1905 1660 ἐκτέθειται

298 1691 358 1746 δὲ
397 1692 488 1746 καὶ
528 1687 701 1762 ἄλλην
751 1693 999 1761 ἱστορίαν
1050 1691 1176 1762 περὶ
1217 1688 1479 1760 γυναικὸς
1541 1683 1640 1744 ἐπὶ
1671 1695 1906 1753 πολλαῖς

294 1772 582 1846 ἁμαρτίαις
617 1779 1015 1846 διαβληθείσης
1049 1774 1136 1829 ἐπὶ
1167 1777 1266 1829 τοῦ
1296 1779 1528 1844 κυρίου,
1571 1767 1644 1842 ἢν
1681 1769 1740 1827 τὸ
1773 1769 1898 1828 κατ’

234 1857 579 1930 εοἙβραίους
623 1855 947 1930 εὐαγγέλιον
986 1858 1237 1930 περιέχει.
1322 1858 1412 1912 καὶ
1454 1859 1625 1912 ταῦτα
1669 1853 1720 1911 δ’
1767 1854 1907 1928 ἡμῖν

296 1941 610 2014 ἀναγκαίως
642 1941 777 2013 πρὸς
806 1956 919 2007 τοῖς
953 1945 1259 1998 ἐκτεθεῖσιν
1292 1937 1721 2013 ἐπιτετηρήσθω.

917 2285 1180 2327 ΛΟΓΟΣ
1230 2287 1283 2326 Δ.

424 2400 458 2448 Ι.
511 2387 678 2460 Ἀμφὶ
723 2388 782 2443 δὲ
832 2385 892 2443 τὸ
936 2389 1252 2443 δωδέκατον
1305 2391 1420 2453 ἔτος
1480 2389 1575 2458 τῆς
1624 2391 1906 2458 Τραϊανοῦ

297 2478 580 2545 βασιλείας
610 2470 638 2528 ὁ
669 2476 845 2547 μικρῷ
877 2469 1126 2542 πρόσθεν
1157 2466 1290 2543 ἡμῖν
1313 2474 1409 2542 τῆς
1436 2473 1495 2527 ἐν
1520 2467 1906 2546 Ἀλεξανδρείᾳ

234 2591 276 2624 25
299 2562 589 2629 παροικίας
621 2557 895 2628 δηλωθεὶς
929 2558 1222 2620 ἐπίσκοπος
1245 2553 1345 2627 τὴν
1368 2553 1510 2627 ζωὴν
1532 2553 1905 2628 μεταλλάττει,

298 2642 550 2713 τέταρτος
583 2641 643 2697 δὲ
673 2638 781 2696 ἀπὸ
811 2642 923 2697 τῶν
953 2637 1277 2696 ἀποστόλων
1306 2637 1407 2711 τὴν
1429 2643 1543 2696 τῶν
1566 2636 1772 2695 αὐτόθι
1796 2647 1905 2694 λει-

298 2729 563 2796 τουργίαν
605 2728 900 2798 κληροῦται
932 2734 1159 2796 Πρῖμος.
1225 2727 1284 2780 ἐν
1323 2722 1499 2799 τούτῳ
1539 2725 1632 2780 καὶ
1655 2721 1903 2790 Ἀλέξαν-

414 2891 467 2928 24
497 2887 646 2941 μικρῷ
668 2883 898 2942 πρόσθεν]
931 2889 1013 2940 ΙΙΙ,
1046 2890 1112 2928 21.
