1986 3152
528 129 684 172 HIST.
717 128 967 170 ECOLES.
999 127 1126 171 vm.
1162 131 1225 169 11.
1261 119 1325 169 1'2.
1624 127 1729 180 365

122 247 462 318 κατέφλεξαν
514 243 723 311 αὐτούς
764 244 877 317 ἅμα
921 250 1141 316 νηπίοις
1182 246 1276 300 καὶ
1319 246 1576 316 γυναιξὶ,
1630 245 1729 302 τὸν

125 331 216 388 ἐπὶ
255 329 483 386 πάντων
532 328 675 385 θεὸν
729 330 1163 401 ἐπιβοωμένους·
1217 329 1300 386 ὅτι
1339 327 1407 400 δὴ
1451 331 1727 402 πανδημεὶ

121 414 324 479 πάντες
370 417 428 470 οἱ
461 412 565 485 τὴν
595 413 759 470 πόλιν
791 418 1106 484 οἰκοῦντες,
1160 413 1412 484 λογιστής
1453 437 1513 470 τε
1557 413 1728 480 αὐτὸς

117 500 211 554 καὶ
244 497 546 570 στρατηγὸς
578 497 687 555 σῦν
717 510 832 563 τοῖς
864 500 925 554 ἐν
947 498 1087 553 τέλει
1116 502 1251 553 πᾶσι
1279 499 1373 553 καὶ
1403 497 1514 573 ὅλῳ
1549 499 1725 574 δήμω,

120 582 488 653 Χριστιανούς
541 587 686 654 σφᾶς
739 577 1172 654 ὁμολογοῦντες,
1233 579 1359 638 οὐδ’
1414 577 1728 639 ὁπωστιοῦν
1751 602 1772 634 5

116 680 234 732 τοῖς
248 667 686 739 προστάττουσιν
700 670 1128 736 εἰδωλολατρεῖν
1147 666 1537 739 ἐπειθάρχουν.
1570 671 1619 722 2.
1635 673 1734 722 καί

117 774 198 817 τις
231 754 415 823 ἔτερος
441 746 740 822 Ῥωμαϊκῆς
781 747 936 816 ἀξίας
971 747 1730 821 ἐπειλημμένος,’Ἁδαυκτος

117 834 323 906 ὄνομα,
347 835 508 904 γένος
529 838 644 890 τῶν
666 831 804 906 παρ’
833 831 1064 898 Ἰταλοῖς
1090 833 1402 905 ἐπισήμων,
1435 834 1526 889 διὰ
1550 835 1730 906 πάσης

120 917 367 974 διελθών
409 914 554 988 ἀνὴρ
594 923 695 989 τῆς
735 915 886 989 παρὰ
942 921 1235 987 βασιλεῦσι
1276 923 1466 989 τιμῆς,
1522 916 1595 983 ὥς
1637 920 1730 973 καὶ

118 1001 216 1068 τὰς
246 1002 496 1058 καθόλου
530 1001 822 1074 διοικήσεις
849 1005 946 1072 τῆς
978 999 1111 1074 παρ’
1146 999 1341 1067 αὐτοῖς
1381 1003 1728 1073 καλουμένης
1753 1023 1794 1054 10

120 1086 548 1160 μαγιστρότητός
577 1109 636 1143 τε
666 1086 759 1142 καὶ
790 1085 1218 1156 καθολικότητος
1249 1081 1546 1158 άμέμπτως
1579 1091 1728 1143 διελ-

121 1179 282 1242 θεῖν,
327 1171 419 1226 ε’πὶ
448 1174 582 1226 πᾶσι
610 1170 825 1236 τούτοις
858 1171 1166 1242 διαπρέψας
1195 1182 1311 1236 τοῖς
1344 1172 1405 1226 ἐν
1434 1175 1729 1245 θεοσεβείᾳ

119 1254 515 1327 κατορθώμασι
566 1256 660 1310 καὶ
711 1267 832 1320 ταῖς
885 1259 966 1320 εἰς
1017 1253 1116 1310 τὸν
1156 1253 1402 1327 Χριστὸν
1439 1259 1542 1310 τοῦ
1583 1261 1727 1312 θεοῦ

117 1335 461 1411 ὁμολογίαις,
520 1343 598 1414 τῷ
649 1344 750 1395 τοῦ
802 1343 1114 1412 μαρτυρίου
1156 1338 1447 1411 διαδήματι
1497 1362 1728 1396 κατεκο-

118 1423 338 1496 σμήθη,
381 1421 472 1480 ἐπ’
516 1419 692 1495 αὐτῆς
731 1428 827 1495 τῆς
867 1428 967 1479 τοῦ
1007 1428 1318 1479 καθολικοῦ
1350 1422 1599 1495 πράξεως
1628 1423 1728 1480 τὸν
1752 1443 1791 1476 15

117 1506 263 1580 ὑπὲρ
296 1505 583 1579 εὐσεβείας
613 1503 925 1580 ὑπομείνας
956 1503 1165 1577 άγῶνα.

260 1603 362 1652 XII.
442 1603 569 1667 [Nic.
609 1603 667 1651 H.
708 1603 761 1651 E.
804 1602 900 1658 VII,
947 1600 1050 1667 11.]
1144 1597 1215 1648 Τί
1250 1615 1318 1664 με
1358 1615 1461 1693 χρη
1493 1597 1604 1648 νῦν
1637 1590 1722 1648 ἐπ’

118 1675 390 1749 ὀνόματος
431 1682 545 1733 τῶν
587 1681 797 1732 λοιπῶν
840 1676 1244 1749 μνημονεύειν,
1305 1674 1340 1748 ἢ
1397 1675 1459 1733 τὸ
1512 1683 1728 1748 πλῆθος

117 1765 231 1817 τῶν
270 1760 498 1834 ἀνδρῶν
546 1759 837 1833 ἀριθμεῖν,
890 1758 924 1832 ἢ
964 1784 1062 1826 τας
1108 1758 1499 1832 πολυτρόπους
1541 1767 1726 1826 αι’κίας

119 1843 544 1918 άναζωγραφεῖν
583 1850 698 1901 τῶν
737 1851 1077 1917 θαυμασίων
1120 1850 1364 1916 Χριστοῦ
1403 1845 1725 1918 μαρτύρων,
1751 1865 1792 1897 20

118 1953 240 1986 τοτε
269 1953 373 2002 μεν
403 1927 686 1997 πέλυξιν’
656 1931 1115 2002 αναιρουμένων,
1147 1926 1238 1985 οἷα
1261 1931 1458 2000 γέγονε
1487 1942 1604 1995 τοῖς
1638 1928 1726 1985 ἐπ’

115 2010 400 2086 Ἀραβίας,
446 2037 567 2070 τοτε
599 2014 662 2070 δε
690 2037 757 2070 τα
788 2015 954 2085 σκέλη
984 2015 1452 2086 καταγνυμένων,
1495 2009 1587 2070 οἷα
1616 2025 1731 2080 τοῖς

123 2101 182 2154 ἐν
206 2103 583 2173 Καππαδοκίᾳ
607 2099 948 2171 συμβέβηκε,
982 2099 1077 2154 καὶ
1106 2098 1240 2155 ποτε
1262 2122 1366 2170 μεν
1389 2120 1525 2154 κατα
1551 2121 1730 2170 κεφα-

38 2223 50 2236 .
120 2188 218 2254 λῆς
252 2185 310 2239 ἐκ
340 2195 462 2239 τοῖν
494 2187 698 2239 ποδοῖν
722 2188 802 2249 εἰς
824 2181 970 2248 ὕψος
994 2181 1432 2255 άναρτωμένων,
1463 2183 1557 2239 καὶ
1586 2190 1730 2255 μαλ-

119 2272 306 2323 θακοῦ
378 2267 558 2340 πυρὸς
616 2262 1030 2340 ὑποκαιομένου
1091 2271 1170 2343 τῷ
1239 2267 1730 2343 παραπεμπομένῳ
1754 2283 1795 2316 25

120 2355 318 2426 καπνῷ
367 2353 465 2422 τῆς
515 2352 860 2424 φλεγομένης
908 2348 1050 2423 ῦλης
1098 2349 1598 2424 αποπνιγομένων,
1641 2359 1732 2408 οἱα

119 2447 236 2501 τοῖς
269 2437 329 2491 ἐν
362 2435 528 2509 Μέση
559 2458 674 2491 των
704 2440 969 2507 ποταμῶν
1001 2435 1247 2508 ἐπήχθη,
1289 2436 1423 2493 ποτε
1463 2435 1527 2492 δε
1571 2440 1731 2508 ρῖνας

122 2521 215 2575 και
248 2522 361 2575 ώτα
390 2520 483 2575 καὶ
525 2531 714 2592 χεῖρας
745 2517 1332 2593 ακρωτηριαζομένων,
1372 2521 1439 2576 τά
1478 2542 1536 2576 τε
1566 2520 1730 2577 λοιπα

120 2609 223 2660 τοῦ
266 2604 519 2676 σωματος
558 2604 696 2676 μέλη
736 2605 831 2660 καὶ
868 2605 1008 2677 μέρη
1050 2607 1587 2678 κρεουργουμένων,
1643 2602 1732 2660 οἷα

122 2687 190 2743 τοὶ
224 2686 314 2743 ἐπ’
344 2687 766 2761 Ἀλεξανδρείας
795 2682 897 2760 ἦν;
957 2692 1007 2746 2.
1053 2695 1112 2745 τί
1137 2694 1229 2746 δεῖ
1254 2695 1368 2747 τῶν
1399 2686 1484 2746 ἐπ’
1518 2685 1722 2745 Ἀντιο-
1750 2703 1791 2735 30

123 2777 272 2843 χείας
325 2771 712 2845 ἀναζωπυρεῖν
761 2771 866 2845 τὴν
916 2773 1142 2846 μνήμην
1173 2819 1186 2846 ,
1242 2774 1497 2847 ἐσχάραις
1550 2771 1729 2845 πυρὸς

123 2853 224 2911 οὐκ
255 2861 334 2922 εἰς
364 2856 644 2930 θάνατον,
677 2855 806 2913 ἀλλ’
842 2858 932 2914 ἐπὶ
961 2864 1148 2933 μακρᾷ
1183 2865 1417 2933 τιμωρία
1446 2877 1728 2913 κατοπτω-
