2032 3174
561 120 718 164 HIST.
751 121 996 163 EOCLES.
1028 122 1087 162 11.
1121 124 1185 162 17.
1609 120 1679 172 65

70 234 195 295 κατ’.
242 235 412 294 αὐτὸν
443 233 840 302 ἀποστολικοὺς
881 234 1115 310 ἄνδρας,
1162 239 1214 304 ἐξ
1253 235 1556 311 Ἑβραίων,
1606 233 1679 306 ῶς

59 325 235 394 Αἔοικε,
254 319 568 394 γεγονότας,
587 319 760 394 ταύτῃ
779 344 836 378 τε
852 319 1280 394 ἰουδαΐκῶτερον
1300 325 1411 378 τῶν
1428 325 1680 378 παλαιῶν

74 413 151 469 ἔτι
181 405 246 462 τὰ
278 413 506 463 πλεῖστα
538 408 933 477 ὃιατηροῦντας
967 408 1130 463 ἐθῶν.
1173 410 1219 461 3.
1255 404 1473 476 πρῶτόν
1503 409 1571 477 γε’
1595 431 1679 463 τοι

67 491 131 547 τὸ
162 491 337 564 μηδὲν
378 491 516 562 πέρα
557 493 650 561 τῆς
692 486 956 560 ἀληθείας
997 499 1223 546 οἴκοθεν
1255 492 1345 546 καὶ
1379 493 1431 557 ἐξ
1479 492 1680 546 ἑαυτοῦ

73 575 435 647 προσθήσειν·
457 578 515 630 ἐν
554 571 635 639 οἷς
676 570 987 644 ἱστορήσειν
1041 579 1264 645 ἔμελλεν
1312 570 1678 647 ἄπισχυρισοέ-
1702 597 1722 630 5

74 682 266 731 μενος,
300 662 359 715 ἐν
391 651 434 734 ᾧ
467 659 742 730 ἐπέγραψε
772 654 916 733 λόγῳ
953 659 1079 730 περὶ
1110 663 1239 728 βίου
1269 662 1616 731 θεωρητικοῦ
1647 653 1680 730 ἢ

75 747 271 800 ι”κετῶν
299 740 647 814 θεραπευτὰς
679 738 878 806 αὐτοὺς
910 742 1000 796 καὶ
1026 739 1118 806 τὰς
1143 739 1248 797 σὺν
1272 738 1458 808 αὐτοῖς
1489 754 1681 813 γυναῖ-

75 849 174 891 κας
218 830 661 898 θεραπευτρίδας
711 821 1123 881 ἀποκαλεῖσθαί
1169 844 1306 896 φησι
1357 825 1450 890 τὰς
1505 831 1681 892 αἰτίας

73 908 314 967 ἐπειπῶν
344 913 439 981 τῆς
468 912 691 966 τοιᾶσδε
721 908 1076 982 προσρήσεως
1095 924 1105 933 ”
1146 906 1267 981 ἤτοι
1308 908 1412 982 γὰρ
1445 909 1593 982 παρὰ
1622 909 1682 966 τὸ

71 992 165 1060 τὰς
196 992 374 1066 ψυχὰς
415 997 526 1051 τίν
565 992 912 1066 προσιόντων
953 991 1140 1059 αὐτοῖς
1181 999 1294 1050 τῶν
1337 990 1443 1050 ἀπὸ
1485 1001 1678 1060 κακίας
1703 1017 1742 1048 10

72 1081 275 1135 παθῶν
323 1081 527 1151 ἰατρῶν
580 1082 742 1149 δίκην
794 1075 1236 1144 ἀπαλλάττοντας
1286 1075 1546 1135 ἀκεῖσθαι
1591 1081 1682 1135 καὶ

72 1160 443 1235 θεραπεύειν,
487 1159 519 1234 ἢ
550 1167 645 1232 τῆς
685 1165 811 1233 περὶ
850 1160 909 1218 τὸ
940 1172 1102 1219 θεῖον
1134 1165 1382 1237 καθαρας
1424 1164 1513 1219 καὶ
1549 1169 1682 1220 εἰλι-

73 1252 299 1345 κρινοῦς
338 1252 642 1320 θεραπείας
682 1269 739 1302 τε
780 1248 870 1302 καὶ
912 1252 1215 1319 θρησκείας
1248 1249 1422 1302 ἕνεκα.
1494 1250 1542 1304 4.
1580 1244 1676 1303 εἴτ’

75 1331 179 1386 οὐν
212 1332 264 1397 ἐξ
299 1331 499 1386 ἑαυτοῦ
529 1327 737 1401 ταύτην
767 1328 952 1397 αὐτοῖς
988 1332 1316 1387 ἐπιτέθειται
1347 1327 1448 1402 τὴν
1479 1349 1682 1404 προση-

73 1419 297 1486 γορίαν,
353 1419 567 1479 οἰκείως
611 1413 914 1487 ἐπιγράψας
955 1418 1030 1469 τῶ
1072 1412 1256 1490 τρόπω
1301 1418 1413 1471 τῶν
1455 1411 1682 1485 ανδρων
1706 1436 1746 1468 1³

73 1495 346 1571 τοῦνομα,
394 1506 501 1554 εἴτε
541 1500 632 1554 καὶ
673 1496 843 1565 ὅντως
874 1495 1023 1554 τοῦτ’
1060 1496 1260 1564 αὐτοὺς
1294 1497 1528 1556 ἐκάλουν
1559 1495 1680 1555 κατ’

73 1579 244 1682 ἀρχὰς
275 1586 332 1638 οἰ
332 1587 583 1684 πρῶτοι,
614 1585 879 1654 μηδαμῶς
910 1604 994 1637 πω
1026 1585 1119 1654 τῆς
1137 1585 1485 1655 Χριστιανῶν
1516 1600 1681 1689 προσ

74 1663 282 1738 ρήσεως
314 1662 420 1722 ανὰ
450 1687 628 1722 παντα
658 1665 827 1723 τόπον
859 1668 1385 1772 ἐπιπεφημισμένης,
1419 1664 1487 1722 οὔ
1515 1672 1572 1723 τί
1598 1688 1682 1722 πω

30 1765 35 1768 “
77 1754 456 1807 διατείνεσθαι
488 1748 805 1822 αναγκαῖον.
867 1754 900 1805 5
867 1771 916 1805 .
950 1748 1095 1822 όμως
1130 1746 1181 1805 δ’
1216 1773 1320 1807 ουν
1360 1754 1419 1807 ἐν
1450 1747 1684 1823 πρώτοις

75 1832 175 1906 τὴν
213 1831 478 1901 ἀπόταξιν
522 1830 707 1900 αὐτοῖς
747 1838 841 1907 τῆς
883 1831 1074 1900 οὐσίας
1114 1849 1407 1907 μαρτυρει,
1449 1834 1682 1906 φάσκων
1704 1855 1745 1887 20

73 1915 412 1990 ἀρχομένους
454 1926 785 1991 φιλοσοφεῖν
829 1921 1146 1985 ἐξίστασθαι
1187 1933 1300 1984 τοῖς
1341 1916 1682 1990 προσήκουσι

74 2006 186 2057 τῶν
215 1997 604 2075 ὑπαρχόντων,
638 2009 823 2059 ἔπειτα
855 1999 1053 2068 πάσαις
1092 1998 1535 2075 ἀποταξαμένους
1565 2016 1683 2068 ταῖς

70 2088 173 2142 τοῦ
223 2091 350 2157 βίου
403 2093 724 2160 φροντίσιν,
781 2090 880 2154 ἔξω
922 2089 1118 2160 τειχῶν
1163 2085 1567 2161 προελθόντας,
1625 2090 1684 2142 ἐν

74 2176 391 2244 μοναγρίοις
431 2173 523 2228 καὶ
564 2169 756 2243 κήποις
787 2169 882 2237 τας
915 2170 1200 2243 διατριβὰς
1242 2181 1556 2242 ποιεῖσθαι,
1588 2168 1682 2236 τας

77 2256 136 2310 ἐκ
165 2258 275 2311 τῶν
306 2253 585 2328 ἀνομοίων
617 2258 883 2328 ἐπιμιξίας
915 2253 1254 2322 ἀλυσιτελεϊς
1286 2258 1378 2313 καὶ
1408 2252 1682 2327 βλαβεράς
1706 2275 1747 2306 25

78 2329 141 2393 εὖ
173 2336 414 2410 εἰδότας,
456 2343 568 2398 τῶν
609 2337 728 2397 κατ’
767 2342 944 2396 ἐκεῖνο
985 2346 1181 2413 καιροῦ
1221 2336 1380 2397 τοῦθ’
1427 2336 1499 2405 ῶς
1543 2337 1683 2404 εἰκὸς

78 2419 481 2479 ἐπιτελούντων
535 2422 761 2500 ἐκθύμῳ
814 2426 905 2481 καὶ
958 2422 1268 2499 θερμοτάτῃ
1323 2430 1530 2496 πίστει,
1590 2422 1685 2478 τὸν

77 2505 417 2578 προφητικὸν
457 2510 654 2578 ζηλοῦν
705 2507 1030 2566 ἀσκούντων
1078 2514 1217 2579 βίον.
1299 2514 1347 2567 6.
1390 2511 1684 2581 τοιγαροῦν

71 2586 182 2645 *xo’cv
220 2603 338 2656 ταῖς
378 2585 841 2665 ὁμολογουμέναις
892 2595 1004 2649 τῶν
1042 2589 1364 2650 ἀποστόλων
1403 2589 1683 2664 Πραξεσιν

38 2685 42 2687 ’
69 2674 369 2747 ἐμφέρεται
400 2671 483 2730 ὅτι
517 2674 584 2747 δὴ
617 2674 817 2743 πάντες
842 2680 898 2733 oc
923 2681 1035 2734 τῶν
1065 2675 1388 2734 ἀποστόλων
1419 2674 1683 2747 γνῶριμοι
1707 2694 1746 2724 30

191 2867 215 2906 8
250 2866 378 2907 Philo
399 2867 489 2910 vol.
514 2870 551 2908 2.
586 2882 626 2920 p.
651 2870 751 2909 471.
929 2871 982 2909 30
1014 2867 1114 2908 Act.
1139 2869 1175 2916 2,
1200 2870 1268 2908 45.

162 2947 392 2976 Ensemcs
425 2949 487 2976 1v.
1347 2948 1379 2985 D
