2032 3174
250 153 291 192 X
867 148 1231 190 ΚΕΦΑΛΑΙΩΝ

247 264 339 314 κδ’.
373 261 460 323 Ὡς
486 261 603 328 μετὰ
625 262 843 327 Μάρκον
867 270 1060 327 πρῶτος
1088 260 1351 322 ἐπίσκοπος
1379 271 1466 328 τῆς
1491 261 1855 328 Ἀλεξανδρέων

320 334 578 398 ἐκκλησίας
600 331 859 392 Ἀννιανὸς
885 331 1108 396 κατέστη.

244 406 332 454 κε’.
374 404 499 470 Περὶ
523 411 610 454 τοῦ
636 401 758 453 κατὰ
786 401 1000 469 Νέρωνα
1027 403 1270 468 διωγμοῦ,
1309 400 1434 452 καθ’
1474 402 1534 453 ὃν
1569 403 1649 454 ἐπὶ
1667 401 1855 469 Ῥώμης

319 478 522 534 Παῦλος
549 474 631 524 καὶ
658 474 845 540 Πέτρος
879 479 980 533 τοῖς
1007 470 1132 538 ὑπὲρ
1168 470 1421 539 εὐσεβείας
1457 475 1738 541 μαρτυρίοις
1764 493 1854 524 κα-

315 545 715 610 τεκοσμήθησαν.

244 615 336 675 κς’.
368 613 456 675 Ὡς
482 617 674 681 μυρίοις
701 619 872 675 κακοῖς
893 611 1272 680 περιηλάθησαν
1293 611 1543 679 Ἰουδαῖοι,
1571 615 1652 665 καὶ
1679 612 1746 675 ὥς
1774 613 1859 665 τὸν

318 684 531 735 ὕστατον
555 683 675 751 πρὸς
696 683 964 750 Ῥωμαίους
990 683 1175 751 ἤραντο
1201 684 1428 749 πόλεμον.

911 811 1117 853 ΛΟΓΟΣ
1149 813 1199 853 Γ.

244 898 307 947 α’.
332 897 482 947 Ὀποι
508 905 596 964 γῆς
625 897 871 962 ἐκήρυξαν
896 896 982 946 τὸν
1009 895 1227 962 Χριστὸν
1252 896 1303 945 οἵ
1322 892 1601 946 ἀπόστολοι.

243 969 307 1034 β’.
354 969 437 1028 Τίς
462 975 653 1033 πρῶτος
681 987 765 1032 της
785 965 1039 1031 Ῥωμαίων
1066 966 1325 1031 ἐκκλησίας
1351 985 1470 1034 προε
1450 965 1580 1030 ἔστη.

245 1039 307 1105 γ’.
349 1038 475 1103 Περὶ
500 1047 599 1088 τῶν
627 1038 898 1087 ἐπιστολων
926 1045 1025 1087 τῶν
1050 1033 1354 1088 άποστόλων.

246 1109 308 1158 δ’.
351 1109 478 1174 Περὶ
502 1129 593 1174 της
619 1108 814 1174 πρώτης
841 1115 941 1158 τῶν
967 1104 1255 1158 ἀποστόλων
1282 1108 1535 1173 διαδοχῆς.

247 1179 300 1229 ε’.
343 1179 470 1245 Περὶ
495 1187 580 1245 τῆς
615 1199 733 1244 μετα
770 1177 855 1228 τὸν
881 1177 1101 1244 Χριστὸν
1126 1176 1342 1242 ὑστάτης
1366 1175 1625 1229 Ἰουδαίων
1662 1183 1859 1244 πολιορ-

318 1250 444 1310 κίας.

251 1319 309 1379 ς’.
349 1320 476 1386 Περὶ
502 1327 588 1370 τοῦ
613 1318 872 1379 πιέσαντος
899 1317 1081 1379 αὐτοὺς
1108 1324 1267 1403 λιμοῦ.

248 1390 303 1450 ζ’.
346 1391 472 1456 Περὶ
497 1399 596 1442 τῶν
622 1398 710 1441 τοῦ
737 1393 958 1455 Χριστοῦ
983 1389 1318 1455 προρρήσεων.

246 1461 308 1525 η’.
351 1461 477 1526 Περι
502 1482 603 1511 των
628 1459 723 1527 πρὸ
752 1468 842 1510 τοῦ
867 1458 1080 1524 πολέμου
1110 1460 1339 1524 σημείων.

246 1531 317 1579 θ’.
360 1532 486 1597 Περὶ
505 1529 775 1596 Ἰωσήπου,
802 1531 886 1581 καὶ
911 1534 984 1580 ὠν
1008 1529 1232 1580 κατέλιπε
1260 1528 1671 1615 συγγραμμάτων.

244 1601 296 1649 ι’.
331 1600 501 1662 Ὀπως
528 1610 629 1652 τῶν
654 1603 814 1652 θείων
837 1601 1136 1666 μνημονεύει
1162 1600 1370 1676 βιβλίων
1391 1596 1647 1662 Ἰώσηπος.

246 1671 329 1719 ια’.
363 1668 452 1731 ‘529
488 1671 606 1736 μετὰ
646 1669 887 1736 Ἰάκωβον
919 1669 1109 1736 ηγεῐται
1138 1666 1358 1734 Συμεών
1393 1677 1478 1734 τῆς
1507 1668 1560 1718 ἐν
1590 1667 1862 1735 Ἱεροσολύ-

319 1760 428 1805 μοις
457 1741 733 1806 ἐκκλησίας.

263 1811 345 1877 ιβ’.
381 1808 468 1872 ,Ως
491 1810 868 1870 Οὐεσπασιανὸς
891 1809 1005 1870 τοὺς
1034 1810 1086 1860 ἐκ
1104 1810 1267 1876 Λαβιδ
1287 1813 1541 1874 ζητεῖσθαι
1565 1811 1866 1876 προστάττει.

269 1881 347 1947 ιγ’.
380 1878 468 1942 Ὡς
495 1881 718 1948 δεύτερος
737 1880 990 1946 Ῥωμαίων
1015 1880 1277 1940 ἐπίσκοπος
1299 1877 1628 1946 Ἀνέγκλητος.

268 1952 349 2001 ιδ’.
383 1950 469 2013 Ὡς
495 1953 720 2019 δεύτερος
741 1950 1108 2017 Ἀλεξανδρείας
1135 1950 1397 2010 ἐπίσκοπος
1419 1949 1643 2017 Ἀβίλιος.

268 2023 341 2072 ιε’.
374 2019 462 2083 (Ως
488 2024 643 2088 τρίτος
663 2021 915 2088 Ῥωμαίων
941 2021 1203 2081 ἐπίσκοπος
1230 2020 1448 2086 Κλήμης.

249 2093 332 2150 ις’.
377 2093 503 2160 Περὶ
529 2101 616 2158 τῆς
644 2094 925 2181 Κλήμεντος
954 2091 1224 2159 ἐπιστολῆς.

251 2163 328 2223 ιζ’.
371 2164 494 2229 Περι
522 2171 608 2212 τοῦ
635 2183 758 2213 κατα
787 2162 1094 2228 Δομετιανὸν
1119 2165 1351 2229 διωγμοῦ.

250 2233 332 2298 ιη’.
374 2234 499 2300 Περὶ
519 2230 757 2283 Ἰωάννου
783 2235 870 2283 τοῦ
895 2230 1167 2283 ἀποστόλου
1192 2232 1276 2282 καὶ
1301 2239 1387 2297 τῆς
1413 2228 1792 2295 ἀποκαλύψεως.

249 2303 340 2352 ιθ’.
385 2301 474 2364 ,Ως
512 2303 812 2368 Δομετιανὸς
848 2303 962 2363 τοὺς
1000 2300 1099 2352 άπὸ
1134 2302 1309 2369 γένους
1347 2301 1511 2368 Δαβὶδ
1546 2299 1869 2368 άναιρεισθαι

323 2374 628 2437 προστάττει.

249 2443 311 2492 κ’.
352 2445 478 2510 Περὶ
503 2452 602 2493 τῶν
626 2443 748 2510 πρὸς
773 2442 948 2509 γένους
975 2451 1062 2494 τοῦ
1089 2450 1304 2509 σωτῆρος
1331 2463 1487 2507 ημων.

250 2514 344 2563 κα’.
379 2512 465 2574 ‘529
487 2523 572 2580 τῆς
589 2511 947 2579 Ἀλεξανδρέων
969 2513 1227 2578 ἐκκλησίας
1247 2514 1403 2578 τρίτος
1426 2511 1614 2580 ἡγεῖται
1645 2511 1816 2578 Κέρδω
1826 2532 1864 2561 ν.

251 2583 346 2649 κβ’.
381 2583 469 2644 ‘529
496 2593 582 2650 τῆς
606 2581 894 2649 Ἀντιοχέων
920 2585 1146 2650 δεύτερος
1170 2581 1424 2650 Ἰγνάτιος.

250 2654 341 2720 κγ’.
380 2652 586 2721 Ἱστορία
611 2655 721 2720 περὶ
742 2652 981 2704 Ἰωάννου
1007 2662 1092 2704 τοῦ
1120 2651 1415 2703 ἀποστόλου.

249 2723 344 2773 κδ’.
387 2725 513 2791 Περὶ
538 2733 625 2790 τῆς
653 2725 832 2786 τάξεως
859 2733 959 2774 τῶν
985 2721 1297 2790 εὐαγγελίων.

250 2794 334 2843 κε’.
376 2795 501 2861 Περὶ
536 2803 636 2844 τῶν
671 2793 1080 2860 ὁμολογουμένων
1115 2795 1272 2843 θείων
1307 2801 1516 2859 γραφῶν
1550 2793 1632 2842 καὶ
1668 2801 1767 2841 τῶν
1792 2791 1858 2856 μὴ

323 2883 574 2915 τοιουτων.
