1986 3152
261 91 277 139 1
293 90 361 140 34
936 88 1182 129 EUSEBII

248 201 592 276 “ε’νε’σκηψεν
621 199 649 259 6
681 202 1085 275 ἀντικείμενος,
1117 201 1593 275 προοιμιαζόμενος
1624 201 1730 276 ἤδη
1760 204 1864 277 τὴν

250 282 466 351 ’τᾶδεῶς
497 289 811 359 μέλλουσαν
842 293 1071 344 ἔσεσθαι
1095 292 1407 359 παρουσίαν
1431 285 1621 358 αὐτοῦ,
1653 290 1745 344 καὶ
1769 289 1861 346 διὰ

248 369 511 427 “ποὲντων
555 374 818 442 διῆλθεν,
871 373 1072 439 ἐθίζων
1110 370 1241 437 τοὺς
1283 372 1483 427 ἑαυτοῦ
1525 373 1615 427 καὶ
1655 395 1862 444 προγυ-

250 449 506 526 “μνα’ζ’ων
538 453 674 511 κατὰ
704 459 816 511 τῶν
848 454 1067 512 δούλων
1097 460 1194 511 τοῦ
1224 458 1382 526 θεοῦ,
1415 453 1556 512 ὥστε
1585 453 1659 528 μὴ
1689 454 1866 528 μόνον

213 536 479 595 5“οι’κιῶν
519 541 611 595 καὶ
653 544 967 611 βαλανείων
1007 541 1100 595 καὶ
1130 537 1334 613 ἀγορᾶς
1367 548 1680 612 εἴργεσθαι,
1721 539 1862 597 ἄλλα

247 621 377 678 “καὶ
408 622 467 679 τό
499 621 750 680 καθόλου
782 631 1088 696 φαίνεσθαι
1120 619 1276 696 ἡμῶν
1318 622 1442 680 τινα
1482 622 1667 690 αὐτοῖς
1708 621 1863 681 ἀπει-

249 701 497 779 (τρῆσθαι
544 710 603 764 ἐν
642 707 815 784 ὁποίῳ
858 706 1059 780 δήποτε
1099 706 1264 783 τόπῳ.
1355 713 1403 764 6.
1435 704 1862 783 ἆντεστρατήγει

249 787 350 848 “dte
388 788 421 863 ἡ
467 790 621 864 χάρις
661 795 761 850 τοῦ
811 795 977 865 θεοῦ,
1031 794 1122 848 καὶ
1165 788 1294 858 τοὺς
1336 793 1437 865 μὲν
1475 789 1735 859 ἀσθενεῖς
1777 795 1860 866 ἐρ·
1902 842 1908 846 .

249 869 479 948 “ρύετο,
522 873 956 949 ἄντιπαρέτασσε
990 877 1051 933 δὲ
1082 874 1316 943 στύλους
1360 879 1647 948 ἑδραίους,
1694 881 1864 934 δυνα-

195 953 489 1032 1()“μένους
523 960 614 1017 διὰ
643 964 738 1032 τῆς
768 956 1050 1033 ὑπομονῆς
1081 963 1266 1019 πᾶσαν
1296 959 1395 1034 τὴν
1425 959 1602 1033 ὁρμὴν
1632 964 1732 1017 τοῦ
1761 984 1860 1018 πο-

242 1039 460 1117 “νηροῦ
503 1050 579 1111 εἰς
619 1043 847 1110 ἑαυτοὺς
895 1043 1149 1116 ἑλκύσαι,
1193 1052 1249 1102 οἳ
1285 1047 1376 1101 καὶ
1419 1043 1584 1118 ὁμόσε
1618 1043 1863 1118 ἐχώρουν

245 1122 461 1203 “αὐτῷ,
507 1133 618 1186 πᾶν
650 1128 796 1194 εἶδος
826 1131 1145 1202 ὀνειδισμοῦ
1177 1131 1268 1186 καὶ
1299 1128 1574 1194 κολάσεως
1605 1126 1863 1202 ἀνεχόμε-

245 1205 390 1283 “νοι,
423 1218 478 1268 οἳ
506 1215 598 1269 καὶ
629 1213 693 1268 τὰ
718 1206 892 1270 πολλὰ
916 1210 1076 1285 ὀλίγα
1099 1212 1398 1286 ἡγούμενοι
1424 1217 1699 1270 ἔσπευδον
1723 1212 1863 1286 πρὸς

249 1289 543 1367 “Χριστὸν,
575 1294 748 1363 ὅντως
782 1297 1224 1370 ἐπιδεικνύμενοι
1254 1294 1336 1354 ὅτι
1367 1294 1469 1354 οὐκ
1510 1294 1634 1364 ἄξια
1662 1295 1729 1353 τὰ
1761 1320 1862 1353 πα-

193 1374 508 1452 15“θη’ματα
538 1383 638 1437 τοῦ
667 1384 774 1438 νῦν
805 1386 1000 1455 καιροῦ
1030 1379 1165 1455 πρὸς
1204 1381 1306 1455 τὴν
1345 1384 1656 1455 μέλλουσαν
1697 1379 1867 1450 δόξαν

242 1460 755 1538 “ἆποκαλυφθῆναι
809 1472 885 1532 εἰς
925 1462 1080 1539 ἡμᾶς.
1175 1471 1219 1522 7.
1263 1469 1354 1523 καὶ
1393 1471 1617 1540 πρῶτον
1655 1466 1758 1538 μὲν
1796 1463 1866 1522 τὰ

245 1544 390 1605 “dub
421 1553 520 1606 τοῦ
549 1547 715 1623 ὄχλου
740 1554 1018 1624 πανδημεὶ
1049 1548 1306 1624 σωρηδὸν
1337 1547 1709 1623 ἐπιφερόμενα
1740 1574 1862 1623 γεν-

247 1628 453 1700 “ναίως
495 1630 804 1706 ὑπέμενον,
857 1633 1168 1708 ἐπιβοήσεις
1210 1636 1304 1691 καὶ
1344 1632 1554 1707 πληγὰς
1597 1635 1688 1690 καὶ
1729 1651 1862 1706 συρ-

266 1715 422 1789 ’μούς
467 1720 558 1774 καὶ
605 1718 913 1791 διαρπαγας
944 1722 1036 1776 καὶ
1068 1724 1249 1777 λίθων
1279 1717 1446 1791 βολας
1486 1720 1575 1775 καὶ
1609 1725 1865 1790 συγκλεί·

192 1819 232 1849 20
264 1799 397 1867 σεις
449 1805 541 1859 καὶ
581 1802 754 1860 πανθ’
791 1801 894 1860 όσα
944 1802 1271 1879 ἠγριωμένω
1331 1801 1535 1875 πλήθει
1595 1826 1667 1868 ως
1726 1801 1866 1873 πρὸς

248 1878 523 1987 ἰέχθρούς
563 1890 655 1943 καὶ
699 1894 995 1989 πολεμίους
1036 1895 1192 1961 φιλεῖ
1227 1893 1502 1959 γίνεσθαι.
1575 1892 1624 1943 8.
1658 1889 1750 1943 καὶ
1794 1886 1866 1958 δὴ

250 1965 626 2043 “ἆναχθέντες
669 1977 747 2039 εἰς
785 1971 890 2044 τὴν
929 1997 1138 2047 αγοραν
1177 1969 1291 2029 υπό
1332 1995 1391 2029 τε
1428 1978 1526 2030 τοῦ
1578 1969 1865 2045 χιλιάρχου

251 2048 380 2109 “καὶ
416 2058 529 2111 τῶν
571 2054 989 2128 προεστηκότων
1027 2060 1123 2129 τῆς
1163 2055 1373 2123 πόλεως
1427 2058 1718 2127 ἐξουσιῶν,
1773 2056 1862 2111 ἐπὶ

249 2133 493 2204 “παντὸς
523 2142 624 2195 τοῦ
652 2138 907 2211 πλήθους
936 2136 1332 2213 ἀνακριθέντες
1363 2142 1454 2196 καὶ
1493 2137 1863 2212 ὁμολογήσαν-

194 2239 235 2269 25
291 2245 411 2293 τες,
445 2228 928 2295 συνεκλείσθησαν
972 2230 1049 2289 εἰς
1089 2220 1191 2295 τὴν
1223 2222 1444 2298 εἱρκτὴν
1475 2226 1576 2290 ε’ως
1606 2226 1703 2280 τοῦ
1733 2245 1864 2322 ηγε-

248 2301 452 2407 ἶμόνος
482 2310 577 2378 τῆς
608 2314 926 2378 παρουσίας
990 2312 1036 2364 9.
1071 2310 1359 2380 μετέπειτα
1393 2308 1454 2363 δε
1488 2309 1575 2363 ἐπὶ
1607 2305 1704 2364 τὸν
1734 2302 1864 2378 ἡγε-

248 2382 428 2492 Σμόνα
459 2388 747 2463 ἀχθέντων
778 2389 981 2462 αὐτων,
1014 2389 1275 2448 κάκείνου
1302 2413 1451 2466 πασῃ
1474 2394 1542 2466 τῇ
1564 2391 1700 2465 πρὸς
1723 2386 1866 2464 ἡμᾶς

250 2467 525 2546 “ωμότητι
556 2476 871 2548 χρωμένου,
909 2473 1168 2541 Οὐέττιος
1193 2472 1520 2548 Ἐπάγαθος,
1555 2473 1632 2542 εἷς
1664 2479 1724 2532 ἐκ
1752 2498 1866 2532 των

253 2554 578 2630 “ἄδελφων,
622 2557 891 2633 πλήρωμα
931 2558 1146 2661 ἀγάπης
1185 2566 1280 2632 τῆς
1311 2559 1446 2634 πρὸς
1477 2558 1574 2618 τὸν
1603 2556 1740 2616 θεὸν
1770 2559 1862 2614 καὶ

194 2656 234 2690 30
252 2638 422 2713 ‘22:969
442 2640 538 2699 τὸν
559 2650 797 2716 πλησίον
820 2667 1142 2717 κεχωρηκως
1173 2678 1246 2684 -
1272 2646 1338 2702 οὐ
1363 2647 1454 2701 καὶ
1489 2645 1576 2701 ἐπὶ
1599 2645 1864 2701 τοσοῦτον

372 2839 424 2877 14
454 2838 581 2878 Rom.
602 2838 642 2888 8,
667 2837 734 2881 18.
