1986 3152
541 116 696 158 HIST.
718 115 965 158 ECOLES.
988 117 1042 159 v.
1066 119 1092 159 8
1109 119 1220 158 -10.
1584 115 1690 168 209

72 230 242 305 “σας,
286 229 620 305 εὐλαβηθείς
659 255 718 290 τε
754 230 829 306 μή
865 256 916 289 τι
947 229 1053 303 ἄρα
1083 233 1420 306 συνθέμενοι
1448 230 1689 305 ἀποκρύ-

74 314 258 386 “tt-coen
297 315 401 389 τὴν
444 319 502 373 ἐν
544 330 663 383 ταῖς
701 329 943 390 γραφαῖς
987 315 1078 373 διὰ
1107 319 1200 389 τῆς
1232 319 1523 390 ἑρμηνείας
1553 316 1690 390 ἀλή-

69 397 305 471 “θειαν,
349 407 586 473 χωρίσας
627 397 830 467 αὐτοὺς
861 398 953 457 ἀπ’
991 397 1246 472 ἀλλήλων
1279 403 1532 458 ἐκέλευσε
1562 402 1688 468 τούς

71 481 322 552 “mimas
369 483 471 557 τὴν
520 481 700 557 αὐτὴν
739 487 1036 557 ἑρμηνείαν
1075 483 1343 558 γράφειν,
1394 488 1484 542 καὶ
1526 490 1688 544 τοῦτο

70 564 104 587 “
115 571 202 626 ἐπὶ
233 569 461 626 πάντων
488 572 601 626 τῶν
621 574 857 640 βιβλίων
879 572 1115 640 ἐποίησε.
1181 573 1260 626 14.
1294 568 1688 628 συνελθόντων
1710 589 1730 621 5

72 649 176 710 ’(δὲ
224 651 409 711 αὐτῶν
460 655 547 710 ἐπὶ
596 652 657 709 τό
706 651 841 709 αὐτὸ
881 653 1030 725 παρὰ
1069 657 1144 728 τῷ
1186 660 1545 730 Πτολεμαίῳ,
1597 657 1690 712 καὶ

74 733 669 809 “συναντιβαλλόντων
709 734 942 793 ἑκάστου
981 735 1084 807 τὴν
1125 738 1327 793 ἑαυτοῦ
1369 740 1687 811 ἑρμηνείαν,

72 817 140 878 “ὃ
187 823 291 894 μὲν
333 819 466 886 θεὸς
509 819 809 920 ἐδοξάσθη,
863 824 925 875 αί
966 820 1028 876 δε
1070 817 1351 921 γραφαὶ”
1321 843 1495 887 οντως
1536 833 1690 879 θεῖαι

72 900 505 977 “ε’γνω’σθησαν,
546 927 659 960 των
699 902 924 960 πάντων
963 927 1030 959 τα
1058 901 1200 959 αὐτοὶ
1231 916 1350 970 ταῖς
1381 903 1574 972 αὐταῖς
1605 909 1690 963 λε’-

70 985 225 1056 “ξεσι
265 991 356 1046 καὶ
395 1003 511 1054 τοῖς
542 984 731 1054 αὐτοῖς
761 985 1029 1059 ὀνόμασιν
1058 985 1559 1060 ἀναγορευσάντων
1588 987 1685 1047 ἀπ’
1714 1010 1753 1041 10

74 1068 280 1146 αοἷρχῆς
330 1075 487 1146 μέχρι
538 1074 758 1143 τέλους,
813 1069 954 1128 ὥστε
1004 1073 1096 1128 καὶ
1147 1071 1212 1129 τὰ
1257 1071 1503 1143 παρόντα
1550 1081 1690 1148 ε”θνη

73 1152 322 1229 ’(γνῶναι
370 1156 457 1214 ὅτι
506 1153 626 1214 κατ’
673 1160 967 1214 ἐπίπνοιαν
1007 1160 1104 1213 τοῦ
1143 1162 1284 1213 θεοῦ
1328 1162 1472 1214 εἰσιν
1511 1154 1689 1232 ἡρμη-

73 1237 376 1314 “-νευμε’ναι
417 1245 480 1298 αἶ
513 1247 740 1314 γραφαί.
807 1245 886 1296 15.
930 1243 1022 1297 καὶ
1063 1237 1234 1297 ου’δέν
1264 1265 1327 1312 γε
1357 1242 1690 1314 θαυμαστὸν

72 1320 271 1383 τετοῦτο
313 1328 674 1398 ἐνηργηκέναι
713 1323 811 1381 τὸν
848 1324 1016 1396 θεὸν,
1057 1323 1116 1390 ὅς
1155 1348 1219 1396 γε
1258 1327 1349 1381 καὶ
1393 1328 1452 1382 ἐν
1490 1329 1559 1400 τῇ
1600 1329 1689 1384 ἐπὶ

70 1404 616 1508 (ςΝαβουχοδονόσορ
648 1413 992 1482 αἰχμαλωσίᾳ
1021 1414 1119 1465 τοῦ
1150 1413 1317 1481 λαοῦ,
1359 1414 1687 1483 διαφθαρει-
1714 1429 1752 1460 15

74 1489 103 1511 (Ε
166 1499 187 1509 0

110 1511 226 1551 σων
262 1517 375 1550 των
417 1517 677 1567 γραφων,
720 1494 812 1549 καὶ
852 1515 987 1564 μετα
1030 1491 1407 1565 ἑβδομήκοντα
1449 1501 1542 1567 ἔτη
1579 1519 1690 1552 των

70 1573 399 1635 ((Ἰουδαίων
423 1575 785 1634 ἀνελθόντων
809 1583 886 1643 εἰς
916 1576 1017 1648 τὴν
1048 1575 1234 1650 χώραν
1263 1574 1467 1648 αὐτῶν,
1501 1586 1689 1636 ἔπειτα

71 1657 174 1718 “ἐν
211 1675 326 1728 τοῖς
368 1659 586 1734 χρόνοις
613 1659 968 1732 Ἀρταξέρξου
1011 1666 1107 1717 τοῦ
1138 1665 1377 1734 Περσῶν
1418 1664 1688 1735 βασιλέως

71 1741 102 1764 “
113 1747 447 1804 ἐνέπνευσεν
462 1743 672 1820 ’Ἐσδρα
696 1749 773 1821 τῷ
799 1750 937 1816 ἱερεῖ
958 1748 1017 1801 ἐκ
1039 1750 1134 1816 τῆς
1165 1748 1346 1818 φυλῆς
1371 1749 1529 1817 Λευὶ,
1561 1746 1688 1814 τούς

73 1826 222 1887 “τῶν
253 1829 675 1904 προγεγονότων
716 1835 1018 1902 προφητῶν
1058 1829 1267 1896 πάντας
1305 1826 1688 1899 ἀνατάξασθαι
1711 1849 1753 1882 20

70 1910 335 1986 “Zdyovffi
378 1917 471 1971 καὶ
511 1912 957 1985 ἀποκαταστῆσαι
998 1916 1072 1988 τῷ
1115 1918 1228 1990 λαῷ
1266 1912 1368 1986 τὴν
1401 1913 1491 1971 διὰ
1514 1924 1688 1973 Μωυ-

72 1993 248 2065 “σε’ως
271 1995 660 2072 νομοθεσίαν.”
724 2003 964 2055 τοσαῦτα
993 1993 1021 2053 ὁ
1053 2003 1366 2071 Εἰρηναῖος.

206 2094 287 2142 ΙΧ.
351 2093 478 2159 [Nic.
507 2094 564 2142 H.
595 2094 647 2142 E.
677 2093 751 2151 IV,
785 2091 889 2158 19.]
942 2080 1133 2139 Ἐννέα
1167 2084 1228 2139 δε
1258 2086 1348 2140 καὶ
1383 2085 1514 2140 δέκα
1546 2090 1689 2141 ἔτεσι

79 2169 145 2240 τῇ
188 2173 440 2242 βασιλείᾳ
482 2170 874 2239 διαρκέσαντος
901 2163 1264 2238 Ἀντωνίνου,
1306 2167 1559 2240 Κόμοδος
1589 2192 1690 2239 την

80 2246 380 2323 ηγεμονίαν
420 2242 987 2323 παραλαμβάνει,οὐ
1030 2249 1167 2306 κατὰ
1206 2251 1266 2307 τό
1309 2257 1530 2326 πρῶτον
1573 2259 1689 2317 ἔτος
1712 2269 1752 2300 25

82 2358 195 2390 των
236 2333 356 2391 κατ’
383 2334 807 2408 Ἀλεξάνδρειαν
849 2339 1154 2407 ἐκκλησιῶν
1177 2333 1475 2403 Ιουλιανὸς
1517 2340 1691 2409 ἐγχει-

79 2425 283 2491 ρίζεται
313 2422 414 2491 τὴν
440 2419 764 2490 ἐπισκοπὴν,
798 2421 885 2476 ἐπὶ
912 2424 1247 2476 δυοκαίδεκα
1270 2427 1449 2477 ἔτεσιν
1469 2418 1691 2494 Ἀγριπ-

25 2503 30 2506 ’
79 2508 246 2560 πίνου
277 2501 378 2575 τὴν
409 2511 760 2577 λειτουργίαν
789 2501 1223 2574 ἀναπλήσαντος.

205 2599 262 2647 Χ.
326 2597 452 2663 [Nic.
481 2599 539 2647 H.
571 2599 622 2647 E.
651 2599 728 2654 IV,
757 2597 870 2663 32]
927 2583 1140 2658 Ἡγεῖτο
1174 2588 1234 2644 δὲ
1264 2594 1565 2660 τηνικαῦτα
1595 2592 1691 2658 τῆς

81 2673 194 2728 τῶν
223 2676 433 2728 πιστῶν
465 2670 664 2728 αὐτόθι
698 2675 980 2743 διατριβῆς
1003 2675 1115 2728 τῶν
1138 2670 1245 2728 ἀπὸ
1268 2677 1522 2738 παιδείας
1547 2670 1686 2742 ἀνὴρ
1711 2687 1751 2719 30

85 2755 495 2826 ἐπιδοξότατος,
548 2753 721 2828 ὄνομα
774 2754 922 2831 αὐτῷ
966 2754 1310 2826 Πάνταινος,
1363 2759 1415 2822 ἐξ
1458 2753 1688 2826 άρχαίου

85 2842 252 2904 ἔθους
299 2845 691 2897 διδασκαλείου
736 2843 847 2897 τῶν
893 2843 1060 2911 ἱερῶν
1101 2838 1281 2910 λόγων
1324 2837 1453 2910 παρ’
1501 2837 1685 2902 αὐτοῖς

167 2945 397 2975 EUSEB¹US
433 2948 496 2977 IV.
1373 2931 1438 2980 14
