1986 3152
251 139 353 190 368
927 134 1178 177 EUSEBII

252 260 552 326 τιμωρίαν,
599 250 688 307 διά
731 250 834 322 τὴν
875 255 988 306 τῶν
1018 250 1379 323 κρατούντων
1409 259 1858 326 φιλανθρωπίαν.

257 343 334 394 10.
402 341 704 408 τηνικαῦτα
767 330 1098 408 ὀφθαλμοὺς
1152 334 1544 407 ἐξορύττεσθαι
1594 338 1689 393 καὶ
1739 350 1861 394 τοῖν

257 429 481 479 σκελοῖν
538 424 856 491 πηροῦσθαι
908 419 1150 491 θάτερον
1203 419 1617 492 προσετάττετο.
1686 426 1863 478 ταῦτα

257 505 366 578 γάρ
397 499 471 576 ἦν
501 502 694 570 αὐτοῖς
724 503 791 561 τοὶ
822 503 1227 577 φιλάνθρωπα,
1269 504 1363 559 καὶ
1391 509 1508 560 τῶν
1537 503 1671 560 καθ’
1704 503 1863 578 ἡμῶν

216 595 536 663 5τιμωριε5ν
588 588 655 644 τὰ
696 588 1046 660 κουφότατα,
1101 587 1244 644 ὥστε
1293 586 1402 660 ἤδη
1453 588 1658 660 ταύτης
1700 591 1863 646 ἕνεκα

254 680 350 746 τῆς
381 679 495 730 τῶν
526 672 748 744 ἀσεβῶν
771 677 1203 745 φιλανθρωπίας
1227 670 1415 728 οὐκέτ’
1444 671 1588 729 εἶναι
1617 673 1865 730 δυνατὸν

257 762 492 826 ἐξειπεῖν
521 757 583 814 τὸ
615 762 832 829 πλῆθος
863 762 979 813 τῶν
1007 755 1154 829 ὑπὲρ
1186 756 1370 813 πάντα
1400 757 1569 828 λόγον
1598 756 1732 823 τοῦς
1762 757 1866 830 μὲν

258 842 472 911 δεξιούς
525 841 860 915 ὀφθαλμούς
914 844 1059 913 ξίφει
1110 841 1382 914 πρότερον
1424 843 1864 914 ἐκκοπτομένων,

256 928 350 1002 καὶ
379 926 514 999 μετὰ
546 926 647 998 τὴν
681 927 997 997 ἐκκέντησιν
1036 925 1274 991 τούτους
1320 926 1459 999 πυρὶ
1499 933 1865 1000 καυτηριαζο-

194 1034 234 1066 10
256 1013 472 1084 μένων,
525 1009 660 1076 τούς
702 1010 764 1066 δὲ
805 1008 999 1075 λαιούς
1043 1010 1223 1076 πόδας
1265 1009 1405 1066 κατά
1445 1014 1559 1066 τῶν
1600 1009 1867 1081 ἀγκυλεὸν

257 1091 424 1162 αὖθις
454 1099 759 1166 καυτῆρσιν
789 1092 1202 1166 ἀχρειουμένων
1221 1137 1236 1165 ‚
1278 1093 1416 1166 μετά
1455 1116 1514 1149 τε
1547 1099 1721 1150 ταῦτα
1751 1107 1867 1160 τοῖς

256 1178 377 1235 κατ’
414 1182 686 1252 ἐπαρχίαν
727 1182 938 1250 χαλκοῦ
979 1177 1265 1250 μετάλλοις
1296 1175 1401 1249 ούχ
1431 1173 1741 1251 ὑπηρεσίας
1771 1200 1867 1234 το·

258 1268 492 1335 σοῦτον,
553 1261 690 1318 ὅσον
749 1262 1047 1327 κακώσεως
1099 1263 1195 1317 καὶ
1245 1268 1624 1334 ταλαιπωρίας
1677 1265 1868 1335 ἕνεκεν

255 1347 800 1419 καταδικαζομένων,
832 1345 972 1420 πρὸς
1003 1345 1182 1403 ἅπασί
1207 1369 1266 1402 τε
1296 1346 1511 1412 τούτοις
1543 1345 1732 1403 ἄλλων
1764 1343 1868 1402 ἅλ-

195 1452 235 1486 15
259 1440 371 1498 λοις
404 1430 647 1503 ἀγῶσιν,
690 1428 790 1497 οὓς
831 1431 972 1503 μηδὲ
1017 1431 1345 1501 καταλέγειν
1386 1430 1665 1503 δυνατόν,
1714 1430 1869 1506 (νικᾷ

257 1516 366 1589 γάρ
399 1517 580 1572 πάντα
611 1515 787 1587 λόγον
817 1515 884 1571 τοὶ
916 1513 1040 1571 κατ’
1088 1511 1298 1581 αῦτούς
1339 1513 1867 1589 ἀνδραγαθήματα),

258 1600 773 1671 περιπεπτωκότων.
851 1603 933 1655 11.
997 1601 1058 1656 ἐν
1102 1599 1170 1671 δὴ
1213 1598 1429 1666 τούτοις
1474 1598 1562 1672 ἐφ’
1596 1597 1728 1672 ὅλης
1770 1605 1869 1671 τῆς

257 1686 587 1757 οἰκουμένης
619 1684 1026 1757 διαλάμψαντες
1059 1688 1117 1740 οἱ
1134 1691 1575 1756 μεγαλοπρεπεῖς
1605 1689 1706 1741 τοῦ
1729 1693 1869 1754 Χρι-

260 1776 394 1826 στοῦ
447 1769 726 1843 μάρτυρες
767 1769 899 1835 τοῦς
951 1768 1056 1841 μὲν
1097 1767 1423 1840 ἁπανταχοῦ
1463 1773 1559 1840 τῆς
1605 1766 1870 1841 ἀνδρείας

196 1875 237 1907 20
260 1853 450 1911 αὐτῶν
491 1854 736 1920 ἐπόπτας
779 1853 1008 1919 εἰκότως
1048 1852 1490 1925 κατεπλήξαντο,
1533 1857 1631 1924 τῆς
1673 1853 1736 1909 δὲ
1764 1858 1867 1910 τοῦ

259 1943 507 2011 σωτῆρος
537 1937 699 2010 ἡμῶν
728 1944 889 2004 θείας
922 1936 994 2004 ὡς
1026 1935 1255 2010 ἀληθῶς
1285 1938 1379 1993 καὶ
1409 1933 1729 2012 ἀπορρήτου
1763 1941 1862 1994 δυ-

258 2023 475 2094 νάμεως
518 2025 736 2094 ἐμφανῆ
781 2021 854 2078 δι’
906 2024 1122 2078 ἑαυτῶν
1168 2022 1234 2078 τὰ
1273 2021 1536 2095 τεκμήρια
1588 2021 1864 2094 παρεστή-

263 2124 447 2162 σαντο.
513 2107 746 2164 ἑκάστου
778 2107 881 2178 μὲν
923 2101 1029 2162 οὖν
1072 2105 1158 2162 ἐπ’
1196 2105 1465 2178 ὀνόματος
1494 2105 1869 2177 μνημονεύειν

260 2187 475 2262 μακρὸν
506 2188 578 2245 ἀν
610 2199 724 2262 εἰή,
756 2189 834 2262 μή
863 2195 920 2245 τί
945 2213 1010 2260 γε
1038 2194 1153 2246 τῶν
1182 2188 1508 2260 ἀδυνάτων,

198 2292 239 2324 25
402 2283 526 2333 xm.
605 2283 731 2349 [Nic.
761 2285 819 2336 H.
849 2284 902 2333 E.
931 2284 1037 2341 vn,
1071 2282 1175 2350 101]
1232 2278 1347 2329 τῶν
1371 2274 1432 2329 δὲ
1456 2271 1595 2329 κατὰ
1626 2271 1724 2337 τὰς
1750 2276 1870 2330 ἐπι-

262 2359 471 2431 σήμους
513 2357 698 2424 πόλεις
739 2357 1218 2431 μαρτυρησάντων
1261 2360 1724 2429 ἐκκλησιαστικῶν
1763 2356 1869 2430 ἀρ-

261 2443 479 2516 χόντων
502 2446 720 2514 πρῶτος
743 2441 880 2515 ἡμῖν
910 2445 971 2498 ἐν
990 2441 1243 2514 εὐσεβῶν
1270 2441 1489 2514 στήλαις
1507 2447 1603 2514 τῆς
1621 2448 1869 2515 Χριστοῦ

262 2532 542 2598 βασιλείας
575 2525 1011 2599 ἀναγορευέσθω
1041 2527 1255 2599 μάρτυς
1302 2529 1601 2592 ἐπίσκοπος
1630 2531 1726 2599 τῆς
1758 2536 1869 2585 Νι-

262 2611 551 2684 κομηδέων
567 2611 799 2683 πόλεως,
824 2611 928 2683 τὴν
945 2610 1198 2684 κεφαλὴν
1212 2607 1867 2684 ἀποτμηθεὶς,’Ἀνθιμος.

200 2713 241 2744 30
263 2700 311 2752 2.
353 2700 467 2752 τῶν
499 2692 551 2751 δ’
591 2694 678 2751 ἐπ’
710 2692 1041 2768 Ἀντιοχείας
1070 2696 1373 2770 μαρτύρων
1403 2695 1502 2752 τὸν
1531 2695 1714 2752 πάντα
1743 2701 1871 2767 βίον

265 2777 485 2851 ἄριστος
530 2780 906 2853 πρεσβύτερος
937 2786 1034 2851 τῆς
1065 2779 1270 2838 αὐτόθι
1301 2786 1590 2853 παροικίας
1621 2788 1870 2837 Λουκια-

263 2864 389 2936 νὸς,
443 2867 503 2920 ἐν
541 2869 610 2938 τῇ
651 2869 999 2939 Νικομηδείᾳ
1051 2866 1142 2921 καὶ
1186 2862 1383 2937 αὐτὸς,
1440 2865 1706 2936 βασιλέως
1748 2866 1869 2920 ἐπι*
