1986 3152
267 130 372 182 364
944 127 1194 169 EUSEBII

262 242 403 317 “μὲν
435 246 858 315 ἐναπέθνησκον
887 255 1008 308 ταῖς
1037 242 1332 314 βασάνοις,
1374 248 1444 316 τῇ
1477 251 1741 320 καρτερίᾳ
1770 268 1875 301 κα-

261 324 692 399 “ταισχυ’ναντες
714 324 815 383 τόν
840 325 1147 383 ἀντίπαλον
1163 370 1179 398 ,
1212 331 1270 383 οἱ
1290 326 1353 383 δὲ
1375 325 1675 400 ἡμιθνῆτες
1708 332 1767 385 ἐν
1796 334 1875 405 τῷ

262 408 659 488 “δεσμωτηρίῳ
701 411 1122 483 συγκλειόμενοι
1159 407 1280 483 μετ’
1315 407 1383 467 οὐ
1429 411 1638 478 πολλάς
1666 411 1874 487 ἡμέρας

260 492 417 563 “ταῖς
448 495 717 568 ἀλγηδόσι
747 496 1109 567 συνεχόμενοι
1133 497 1502 567 ἐτελειοῦντο,
1534 500 1592 551 οἱ
1611 496 1674 552 δὲ
1696 499 1877 554 λοιποὶ

221 576 394 653 5“τῆς
434 578 544 636 ἀπὸ
587 585 687 651 τῆς
731 585 1037 651 θεραπείας
1082 575 1438 651 ἀνακτήσεως
1490 579 1755 652 τυχόντες
1794 587 1875 656 τῷ

265 660 488 741 “χρόνῳ
502 665 596 720 καὶ
625 669 695 738 τῇ
727 669 824 736 τῆς
854 668 1112 736 φυλακῆς
1144 668 1399 737 διατριβῇ
1430 664 1879 738 θαρσαλεώτεροι

259 743 288 764 “
298 752 567 820 ἐγίνοντο.
602 753 684 805 10.
712 747 859 804 οὕτω
873 753 1013 819 γοῦν
1031 746 1198 819 ἡνίκα
1219 749 1590 821 προστέτακτο
1612 750 1879 822 αἱρέσεως

256 828 567 906 “κειμένης,
599 830 634 904 ἢ
663 833 1026 905 ἐφαψάμενον
1047 838 1144 904 τῆς
1177 835 1415 903 ἐναγοῦς
1439 841 1647 900 θυσίας
1672 831 1878 890 ἀνενό-

258 912 495 989 “χλητον
527 916 699 988 εἶναι,
729 922 826 989 τῆς
858 916 1137 990 ἐπαράτου
1164 918 1493 990 ἐλευθερίας
1524 915 1658 989 παρ’
1687 914 1880 974 αὐτῶν

203 1022 245 1054 10
261 996 568 1074 “τυχόντα,
599 999 635 1073 ἢ
658 1000 732 1073 μὴ
763 1001 982 1058 θύοντα
1010 1000 1115 1072 τὴν
1146 1002 1238 1057 ἐπὶ
1260 1001 1492 1077 θανάτῳ
1525 1006 1689 1073 δίκην
1721 1004 1878 1058 ἐκδέ-

257 1080 523 1191 ἶχεσθαι,
555 1082 727 1141 ουδεν
757 1085 1130 1157 μελλήσαντες
1154 1083 1408 1157 ἀσμένως
1442 1086 1532 1140 ἐπὶ
1562 1085 1662 1141 τὸν
1691 1085 1877 1141 θάνα-

258 1165 391 1269 ἶῖτον
425 1169 702 1242 ἐχώρουν
766 1168 980 1242 ἤδεσαν
1010 1167 1115 1242 γάρ
1146 1168 1213 1224 τὰ
1242 1163 1357 1224 ὑπὸ
1390 1174 1504 1225 τῶν
1537 1173 1708 1242 ίερῶν
1735 1193 1876 1243 γρα-

258 1249 426 1326 “φῶν
464 1248 602 1325 ἡμῖν
644 1254 1073 1326 προορισθέντα.
1150 1247 1180 1308 ὁ
1223 1251 1333 1326 γάρ
1374 1253 1686 1324 θυσιάζων,
1739 1255 1878 1326 φησὶ

256 1333 449 1403 “θεοῖς
483 1339 687 1411 ἑτέροις
715 1336 1282 1411 ἐξολοθρευθήσεται,
1316 1343 1415 1393 καί
1429 1353 1440 1364 ’
1466 1336 1552 1394 ὅτι
1575 1335 1681 1394 οὐκ
1714 1343 1877 1395 ἔσον-

201 1420 269 1472 15
274 1418 389 1478 ‘vah'
414 1440 499 1478 σοι
527 1422 653 1478 θεοὶ
696 1424 872 1495 ε’τεροι
902 1420 1049 1493 πλὴν
1091 1423 1244 1494 ἐμοῦ.
1253 1419 1285 1440 ”
1358 1425 1441 1477 11.
1487 1427 1736 1478 τοιαῦται
1775 1427 1878 1479 τοῦ

266 1530 341 1572 ως
386 1505 615 1578 ἀληθῶς
661 1505 980 1578 φιλοσόφου
1022 1529 1082 1562 τε
1127 1501 1271 1578 ὁμοῦ
1303 1506 1398 1561 καὶ
1427 1506 1700 1578 φιλοθέου
1730 1506 1873 1581 μάρ-

263 1613 429 1664 τυρος
462 1595 525 1646 αἱ
550 1591 765 1663 φωναὶ,
811 1588 876 1656 ἃς
922 1589 1030 1663 πρὸ
1061 1594 1160 1662 τῆς
1190 1598 1512 1656 τελευταίας
1543 1589 1878 1664 ἀποφάσεως

262 1671 376 1731 ὑπὸ
415 1674 518 1746 τὴν
560 1674 906 1747 δεσμωτικὴν
949 1670 1039 1730 ἔθ’
1071 1670 1348 1748 ’ὑπάρχων
1387 1674 1542 1742 τάξιν
1581 1688 1698 1742 τοῖς
1737 1674 1877 1731 κατά

264 1759 367 1832 τὴν
398 1758 579 1815 αὐτοῦ
611 1765 908 1831 παροικίαν
938 1756 1207 1832 ἀδελφοῖς
1240 1759 1586 1830 ἐπεστάλκει,
1628 1759 1742 1831 ἅμα
1772 1759 1878 1832 μὲν

200 1862 240 1894 20
263 1843 330 1900 τά
363 1847 424 1900 ἐν
454 1840 539 1909 οἷς
579 1838 653 1916 ἦν
694 1843 1124 1917 ἀνατιθέμενος,
1178 1843 1290 1916 ἅμα
1333 1844 1396 1899 δὲ
1435 1845 1530 1899 καὶ
1572 1849 1880 1918 παρορμῶν

266 1927 478 1994 αὐτούς
525 1929 616 1984 ἐπὶ
659 1928 721 1984 τὸ
765 1927 931 2003 ἀπρὶξ
976 1933 1203 2000 ἔχεσθαι
1244 1929 1339 1984 καὶ
1377 1927 1497 2000 μετ’
1533 1925 1710 1984 αὐτὸν
1740 1928 1878 1984 ὅσον

265 2012 423 2068 οὔπω
467 2013 985 2086 τελειωθησόμενον
1024 2017 1124 2084 τῆς
1167 2015 1227 2068 ἐν
1270 2018 1494 2088 Χριστῷ
1533 2019 1874 2084 θεοσεβείας.

268 2099 350 2151 12.
400 2094 539 2151 ἀλλὰ
573 2103 631 2152 τί
666 2097 771 2170 χρὴ
819 2096 998 2153 πολλοὶ
1028 2099 1243 2167 λέγειν,
1287 2098 1381 2152 καὶ
1420 2098 1741 2169 καινοτέρας
1786 2098 1874 2152 ἐπὶ

264 2181 605 2252 καινοτέραις
655 2186 771 2236 τῶν
830 2179 939 2236 ἀνὰ
995 2179 1099 2250 τὴν
1153 2181 1489 2252 οἰκουμένην
1539 2185 1877 2253 θεοπρεπῶν

201 2282 244 2314 25
263 2263 567 2338 μαρτύρων
598 2261 866 2335 ἀθλήσεις
897 2269 1344 2337 παρατίθεσθαι,
1375 2265 1468 2319 καὶ
1497 2263 1734 2336 μάλιστα
1762 2266 1878 2320 τῶν

263 2347 451 2404 οὐκέτι
490 2347 593 2419 μὲν
634 2353 803 2424 κοινῷ
844 2347 1026 2424 νόμῳ,
1073 2349 1320 2420 πολέμου
1367 2349 1430 2404 δὲ
1468 2348 1656 2424 τρόπῳ
1699 2370 1875 2405 πεπο-

263 2434 643 2506 λιορκημένων
662 2459 676 2499 ;

407 2527 484 2576 XI.
565 2527 692 2590 [Nic.
737 2527 793 2575 H.
832 2527 885 2575 E.
927 2527 1025 2584 VlI,
1058 2525 1165 2591 10.]
1228 2516 1374 2589 ’Ήδη
1405 2523 1547 2588 γοῦν
1570 2516 1708 2589 ὅλην
1731 2527 1874 2592 Χρι-

263 2606 505 2657 στιανῶν
536 2607 809 2672 πολίχνην
841 2599 1159 2675 αὔτανδρον
1192 2599 1340 2674 ἀμφὶ
1386 2601 1488 2674 τὴν
1523 2607 1782 2674 Φρυγίαν
1813 2603 1875 2656 ἐν

202 2701 243 2733 30
266 2685 453 2761 κύκλῳ
507 2685 902 2757 περιβαλόντες
955 2682 1203 2759 ὁπλῖται,
1259 2691 1376 2760 πῦρ
1428 2709 1486 2742 τε
1526 2682 1875 2758 ὑφάψαντες,

379 2880 432 2918 14
462 2878 605 2919 Exod.
629 2879 697 2929 22,
719 2880 788 2923 20.
847 2878 992 2919 Exod.
1014 2880 1080 2928 20,
1104 2882 1143 2920 3.
