1986 3152
263 131 367 183 380
932 129 1180 171 EUSEBII

258 245 562 318 “dpxocc‘ovg
603 245 811 317 νόμους
852 245 944 300 καὶ
985 245 1088 316 τὴν
1129 249 1403 316 δημοσίαν
1434 244 1736 317 ἐπιστήμην
1764 246 1870 318 τὴν

255 330 404 386 “τῶν
428 328 711 401 Ῥωμαίων
752 328 971 385 ἅπαντα
1014 328 1553 401 ἐπανορθώσασθαι,
1596 330 1688 384 καὶ
1732 329 1869 386 τού-

258 414 392 470 “του
436 413 706 487 πρόνοιαν
746 412 1115 485 ποιήσασθαι,
1165 417 1260 469 ἵνα
1300 414 1394 469 καὶ
1433 417 1491 469 οἰ
1528 415 1866 486 Χριστιανοὶ,

258 494 493 563 “οἵτινες
523 501 637 553 τῶν
667 498 881 568 γονέων
910 502 1026 554 τῶν
1069 499 1283 554 ἑαυτῶν
1313 503 1738 554 καταλελοίπασι
1766 497 1874 567 τὴν

222 601 242 631 5
260 578 527 653 “αἴρεσιν,
553 587 631 647 εἰς
654 580 879 654 ἀγαθὴν
903 581 1175 655 πρόθεσιν
1201 583 1564 638 ἐπανέλθοιεν
1583 597 1593 607 ·
1640 585 1685 638 7.
1715 583 1867 638 ἐπεί-

258 662 398 738 απερ
429 666 539 722 τινὶ
569 671 814 741 λογισμῷ
845 666 1089 738 τοσαύτη
1131 661 1339 731 αύτούς
1384 668 1675 732 πλεονεξία
1704 688 1867 722 κατε-

258 750 484 823 “σχήκει
531 751 624 806 καὶ
668 749 828 806 ἄνοια
870 750 1184 822 κατειλήφει
1237 748 1311 815 ῶς
1360 748 1436 822 μή
1480 752 1714 806 ἕπεσθαι
1753 762 1874 815 τοῖς

258 831 406 892 “find
439 838 552 891 τῶν
576 834 748 890 πάλαι
772 839 1214 906 καταδειχθεῖσιν
1230 879 1244 905 ,
1276 834 1417 908 ἅπερ
1445 843 1576 900 ἴσως
1599 833 1879 908 πρότερον

260 915 390 975 “καὶ
431 923 489 975 οἱ
535 932 720 990 γονεῖς
773 916 963 974 αὐτῶν
1013 912 1158 990 ἦσαν
1207 918 1679 990 καταστήσαντες,
1732 916 1874 974 ἀλλὰ

206 1000 435 1060 1υ“κατο“ι
475 1003 576 1075 τὴν
618 1002 807 1059 αὐτῶν
848 1002 1120 1075 πρόθεσιν
1162 1003 1256 1058 καὶ
1308 1001 1381 1068 ῶς
1434 1005 1661 1067 ἕκαστος
1706 1002 1872 1074 ἐβού-

263 1084 450 1159 “λετο,
497 1088 674 1153 οὕτως
707 1089 924 1152 ἑαυτοῖς
955 1087 1046 1142 καὶ
1078 1087 1288 1159 νόμους
1319 1092 1573 1158 ποιῆσαι,
1618 1086 1712 1142 καὶ
1741 1086 1875 1142 τού-

261 1167 428 1237 τ(τους
481 1170 967 1245 παραφυλάττειν,
1029 1171 1121 1226 καὶ
1178 1173 1237 1227 ἐν
1289 1170 1578 1243 διαφόροις
1630 1169 1880 1242 διάφορα

263 1254 488 1327 “πλήθη
521 1255 803 1326 συνάγειν.
864 1259 912 1310 8.
958 1259 1259 1327 τοιγαροῦν
1289 1253 1545 1311 τοιούτου
1577 1251 1681 1325 ὑφ’
1714 1248 1882 1325 ἡμῶν

265 1336 720 1413 “προστάγματος
774 1338 1381 1412 παρακολουθήσαντος
1401 1382 1416 1410 ,
1470 1335 1610 1394 ῶστε
1665 1339 1756 1394 ἐπὶ
1808 1336 1875 1394 τὰ

210 1420 416 1481 15“ύπὸ
448 1429 563 1481 τῶν
594 1423 846 1496 ἀρχαίων
875 1425 1295 1480 κατασταθέντα
1341 1421 1574 1488 ἑαυτούς
1605 1421 1877 1495 μεταστή-

263 1504 484 1579 “σαιεν,
527 1516 776 1565 πλεῖστοι
815 1507 920 1580 μὲν
950 1507 1197 1584 κινδύνῳ
1227 1503 1675 1580 ὑποβληθέντες,
1717 1514 1877 1563 πλεῖ-

266 1588 419 1650 “στοι
451 1598 484 1649 δ
489 1593 514 1649 ὲ
536 1594 906 1665 ταραχθέντες
927 1599 1228 1658 παντοίους
1254 1590 1540 1657 θανάτους
1563 1586 1879 1663 ὑπέφερον·

266 1673 351 1734 “9.
383 1679 477 1733 καὶ
509 1676 694 1749 ἐπειδὴ
726 1681 841 1733 τῶν
871 1680 1098 1734 πολλῶν
1134 1682 1204 1751 τῇ
1236 1675 1380 1750 αὐτῇ
1413 1672 1652 1750 ἀπονοίᾳ
1686 1679 1876 1748 διαμε-

264 1760 520 1819 “νόντων
566 1764 825 1834 ἑωρῶμεν
863 1761 997 1834 μήτε
1043 1773 1159 1827 τοῖς
1189 1770 1346 1828 θεοῖς
1375 1773 1492 1826 τοῖς
1526 1762 1881 1832 ἐπουρανίοις

211 1860 252 1892 20
270 1841 409 1919 “τὴν
439 1844 809 1918 ὀφειλομένην
830 1851 1143 1918 θρησκείαν
1165 1845 1470 1920 προσάγειν
1493 1842 1722 1915 αὐτοῦς,
1745 1843 1883 1916 μήτε

268 1927 380 2006 “τῷ
410 1936 524 1987 τῶν
555 1935 907 2004 Χριστιανῶν
948 1932 1269 2003 προσέχειν,
1317 1928 1639 2002 ἀφορῶντες
1670 1933 1748 1994 εἰς
1779 1926 1887 1999 τὴν

267 2011 575 2087 “ἡμετε’ραν
597 2020 1032 2088 φιλανθρωπίαν
1058 2015 1150 2070 καὶ
1173 2014 1276 2086 τὴν
1300 2018 1525 2086 διηνεκῆ
1551 2011 1884 2084 συνήθειαν,

267 2095 378 2154 “δι’
434 2093 499 2170 ἧς
553 2099 836 2171 εἰώθαμεν
897 2098 1103 2154 ἅπασιν
1159 2097 1481 2171 ἀνθρώποις
1539 2095 1887 2168 συγγνώμην

269 2180 634 2253 “άπονέμειν,
675 2182 1074 2254 προθυμότατα
1104 2183 1195 2237 καὶ
1227 2184 1287 2238 ἐν
1316 2181 1494 2256 τούτῳ
1525 2178 1628 2251 τὴν
1659 2179 1882 2251 συγχεό-

217 2279 256 2308 ‘2⁵
273 2261 474 2339 “ρησιν
503 2265 606 2337 τὴν
635 2261 906 2337 ἡμετέραν
932 2267 1239 2321 ἐπεκτεῖναι
1262 2269 1384 2322 δεῖν
1410 2267 1761 2337 ἐνομίσαμεν,
1792 2266 1890 2319 ἵνα

268 2344 469 2415 “αὗθις
501 2344 602 2406 ῶσι
632 2349 976 2422 Χριστιανοὶ,
1009 2350 1102 2405 καὶ
1130 2349 1262 2416 τούς
1293 2358 1504 2421 οἴκους,
1538 2351 1598 2405 ἐν
1629 2343 1711 2414 οἷς
1742 2364 1881 2404 συν,

272 2429 538 2506 “ήγοντο,
582 2439 870 2490 συνθῶσιν
911 2433 1090 2499 οὕτως
1143 2434 1283 2490 ὥστε
1325 2432 1503 2506 μηδὲν
1544 2428 1889 2489 ὑπεναντίον

274 2513 408 2589 κτῆς
443 2517 739 2590 ἐπιστήμης
771 2514 983 2584 αύτούς
1013 2518 1297 2589 πράττειν·
1343 2513 1418 2574 δι’
1455 2518 1641 2590 ἑτέρας
1672 2516 1734 2572 δὲ
1766 2517 1886 2572 ἐπι-

271 2598 504 2674 “στολῆς
534 2615 650 2667 τοῖς
682 2607 964 2668 δικασταῖς
995 2603 1322 2675 δηλώσομεν
1365 2608 1424 2658 τί
1459 2599 1666 2667 αὐτούς
1700 2620 1886 2673 παρα-

218 2682 666 2759 30“φυλάξασθαι
718 2686 917 2758 δεήσει.
1004 2691 1082 2743 10.
1143 2687 1284 2744 ὅθεν
1335 2684 1473 2742 κατὰ
1523 2684 1732 2756 ταύτην
1781 2682 1887 2755 τὴν.

274 2766 669 2844 (εσυγχῶρησιν
709 2769 811 2842 τήν
851 2765 1125 2845 ἡμετέραν
1178 2770 1470 2844 ὀφείλουσι
1518 2769 1618 2826 τὸν
1671 2770 1888 2825 ἑαυτῶν

279 2850 455 2912 “θεὸν
487 2855 755 2912 ἱκετεύειν
785 2856 912 2927 περὶ
943 2860 1037 2927 τῆς
1070 2861 1345 2929 σωτηρίας
1374 2858 1470 2926 τῆς
1495 2849 1765 2926 ἡμετέρας
1795 2851 1888 2907 καὶ
