1986 3152
315 110 416 162 164
995 113 1240 154 EUSEBH

298 223 650 334 ἶκατατρέχει
673 226 848 300 ἡμῶν,
874 226 1230 302 παμπόνηρός
1257 230 1368 284 ἐστι
1392 229 1484 284 καὶ
1509 229 1748 284 ἰδιωτων
1770 227 1947 286 nol-v

298 306 564 412 :xeipmm
607 317 663 367 οἳ
700 310 1072 382 φυλάττονται
1103 310 1366 378 πολλάκις
1396 313 1522 385 περὶ
1556 334 1636 368 ων
1665 308 1769 367 οὐκ
1801 314 1914 369 ἐπί·
1939 355 1941 358 <

298 389 562 451 “στανται
594 397 953 468 διαλέγεσθαι
983 399 1076 453 καὶ
1106 402 1606 470 ψευδομαρτυρεῖν,
1639 397 1733 451 καὶ
1757 400 1807 451 εἰ
1829 398 1968 455 ⁶²11--¹

296 473 518 580 ῖτυχων
547 479 621 551 μὴ
655 483 862 552 συνῆκε
893 479 953 537 τὸ
987 483 1046 537 ἐν
1077 478 1266 547 αυτοῖς
1295 487 1618 554 μεγαλεῖον,
1660 474 1695 551 ἢ
1726 475 1952 583 συνεὶςῖζ

260 580 280 612 5
311 559 468 635 “πρός
491 561 550 620 τὸ
574 561 648 636 μὴ
672 561 1097 637 ὑποπτευθῆναι
1120 589 1363 631 τοιουτος
1386 567 1558 622 ταῦτα
1581 576 1744 636 ποιεῖ,
1771 563 1947 626 πολυῖζ

291 644 542 749 Σμᾶλλον
572 646 807 723 ἀγεννὴς
832 651 923 705 καὶ
950 648 1331 723 παμπόνηρος,
1367 652 1648 720 ἰδιωτικῆς
1673 649 1764 704 καὶ
1787 638 1953 718 (ἐλά-Ξ
1938 682 1947 688 -

291 729 430 834 :you
463 730 622 804 δόξης
653 736 744 790 καὶ
776 733 957 806 φόβου
990 733 1231 791 ἐλάττων
1262 732 1355 790 ω’ν.
1417 736 1465 789 5
1508 735 1600 788 καὶ
1639 755 1743 805 γαρ
1775 754 1948 817 προ·
1934 739 1965 783 4

291 811 502 873 “θε’ντα
553 840 621 888 με
673 820 764 874 καὶ
817 817 1168 891 ἐρωτήσαντα
1209 817 1380 875 αὐτὸν
1424 815 1713 891 ἐρωτήσεις
1754 835 1946 882 τινας

291 898 584 966 “τοιαυ’τας
614 912 822 974 μαθεῖν
851 904 942 958 καὶ
977 902 1256 974 ἐλέγξαι,“
1236 901 1319 959 ότι
1342 899 1571 973 άληθῶς
1593 901 1771 973 μηδὲν
1795 906 1910 957 ἐπί·

238 1000 279 1031 10
294 982 542 1056 “σταται,
577 989 784 1043 εἰδέναι
814 982 955 1059 ὑμᾶς
978 986 1260 1060 βούλομαι.
1315 987 1407 1044 καὶ
1430 982 1514 1042 ὅτι
1537 981 1721 1057 ἀληθῆ
1746 987 1909 1058 λέγω,

291 1065 387 1125 “εὐ
418 1068 492 1142 μὴ
533 1067 926 1144 άνηνέχθησαν
963 1070 1097 1144 ὑμῖν
1139 1076 1201 1128 αἱ
1235 1076 1521 1128 κοινωνίαι
1562 1072 1675 1126 τῶν
1706 1067 1909 1141 λόγων,

292 1148 321 1170 “
333 1155 544 1225 ἕτοιμος
574 1157 666 1210 καὶ
699 1153 786 1227 ἐφ’
824 1154 983 1226 ὑμῶν
1013 1170 1305 1214 κοινωνεῖν
1328 1158 1440 1212 τῶν
1465 1151 1788 1227 ἐρωτήσεων
1811 1151 1914 1209 πά·
1962 1189 1964 1194 .

291 1233 434 1293 “λιν“
467 1236 758 1308 βασιλικὸν
783 1236 835 1294 δ’
859 1235 930 1296 ἂν
950 1242 1042 1296 καὶ
1062 1244 1222 1298 τοῦτο
1247 1247 1411 1314 ἔργον
1434 1247 1533 1310 εἴη.
1582 1242 1630 1294 6.
1657 1242 1711 1293 εἰ
1734 1237 1794 1293 δὲ
1822 1238 1913 1294 καὶ

288 1319 697 1394 “ἐγνω’σθησαν
725 1319 860 1395 ὑμῖν
890 1329 953 1380 αἱ
980 1323 1269 1398 ἐρωτήσεις
1308 1347 1415 1396 μου
1458 1323 1550 1379 καὶ
1590 1326 1653 1378 αἱ
1690 1323 1912 1379 ἐκείνου

239 1403 665 1478 15“οἰποκρίσεις,
699 1407 948 1482 φανερὸν
976 1404 1113 1481 ὑμῖν
1144 1413 1293 1466 ἐστιν
1323 1407 1406 1465 ὅτι
1438 1403 1610 1463 οὐδὲν
1640 1408 1756 1462 τῶν
1786 1400 1912 1478 ἡμε·

289 1487 502 1564 “τε’ρων
537 1493 849 1548 ἐπίσταται·
892 1488 926 1564 ἢ
958 1499 1010 1550 εἰ
1038 1497 1353 1566 ἐπίσταται,
1399 1490 1490 1548 διὰ
1520 1489 1649 1555 τούς
1680 1486 1946 1547 ἀκούον-

293 1573 488 1640 “οντας
532 1576 592 1631 δὲ
631 1574 697 1633 οὐ
737 1580 911 1652 τολμᾷ
952 1579 1165 1651 λέγειν,
1211 1576 1283 1644 ὡς
1323 1575 1594 1651 πρότερον
1626 1581 1798 1646 ἔφην,
1844 1572 1958 1657 ⁰²3}-

291 1653 660 1731 “φιλόσοφος,
704 1659 843 1717 ἀλλα
884 1661 1176 1734 φιλόδοξος
1216 1659 1359 1736 ἀνὴρ
1402 1665 1715 1730 δείκνυται,
1756 1655 1816 1723 ὅς
1847 1682 1949 1729 γε

288 1740 469 1814 “μηδε
511 1743 570 1800 τὸ
611 1744 971 1817 Σωκρατικὸν
1013 1747 1335 1821 ἀξιέραστον
1371 1740 1438 1802 ὂν
1479 1740 1662 1818 τιμᾷ.”
1740 1743 1941 1814 ταῦταζ

235 1839 277 1870 2⁰
300 1851 403 1899 μεν
434 1819 536 1885 οὖν
566 1828 593 1884 6
619 1825 926 1927 Ἰουστῖνος.
983 1837 1027 1888 7.
1061 1829 1144 1888 ὅτι
1176 1831 1237 1888 δε
1261 1853 1397 1887 κατα
1419 1826 1521 1902 τὴν
1544 1826 1716 1884 αὐτοῦ
1740 1825 1910 1901 πρόρ-

299 1929 462 1983 ρησιν
491 1914 627 1986 πρὸς
657 1917 756 1971 τοῦ
785 1919 1119 1987 Κρίσκεντος
1150 1909 1558 1979 συσκέυασθεὶς
1590 1910 1908 1984 ἐτελειώθη,
1953 1966 1957 1970 .

308 2003 358 2050 Τ
352 1995 571 2062 ατιανὸς
594 1995 736 2071 ἀνὴρ
757 1996 853 2055 τὸν
874 2005 1096 2071 πρῶτον
1118 1997 1289 2056 αὐτοῦ
1311 2005 1439 2069 βίον
1462 1993 1831 2069 σοφιστεύσας
1850 1997 1909 2052 ἐν

299 2091 412 2145 τοῖς
434 2078 715 2153 Ἑλλήνων
754 2081 1074 2156 μαθήμασι,
1116 2085 1206 2140 καὶ
1251 2081 1418 2151 δόξαν
1458 2080 1525 2138 οὐ
1567 2077 1806 2154 σμικράν
1848 2083 1934 2136 ἐν

299 2159 489 2229 αυτοῖς
520 2162 982 2239 ἀπενηνεγμένος,
1014 2166 1242 2226 πλεῖστά
1271 2191 1330 2225 τε
1362 2164 1786 2239 συγγράμμασιν
1809 2159 1907 2219 αὐ-

237 2255 279 2288 25
300 2250 398 2303 τοῦ
429 2247 745 2306 καταλιπων
774 2264 1032 2323 μνημεῖα,
1067 2256 1126 2309 ἐν
1156 2259 1231 2330 τῷ
1261 2249 1396 2327 πρὸς
1410 2247 1679 2321 Ελληνας
1705 2252 1930 2346 ἱστορεῖ

302 2332 480 2402 λέγων
511 2325 626 2388 ωδέ
652 2331 801 2399 πως”
807 2329 919 2391 ‘noch
950 2331 978 2391 6
1009 2335 1467 2410 θαυμασιώτατος
1492 2333 1788 2398 Ἰουστῖνος
1817 2330 1906 2405 ὀρ-

293 2413 449 2519 ἱξθως
493 2416 840 2489 ἐξεφωνησεν
882 2422 1115 2477 ἐοικέναι
1155 2419 1282 2488 τούς
1334 2419 1779 2530 προειρημένους
1808 2423 1906 2490 λῃ·

294 2494 520 2566 “σταῖς.’
607 2507 653 2557 8.
699 2499 798 2559 εἶτ’
843 2503 1084 2563 ἐπειπών
1122 2531 1246 2564 τινα
1287 2507 1414 2579 περὶ
1444 2529 1555 2561 των
1584 2497 1922 2575 φιλοσόφων

302 2586 538 2654 ἐπιλέγει
579 2590 751 2643 ταῦτα
783 2585 1067 2662 “Κρίσκης
1111 2595 1276 2663 γοῦν,
1329 2585 1358 2646 6
1401 2583 1789 2651 ἐννεοττεύσας
1839 2589 1905 2657 τῇ

237 2685 280 2717 80
311 2665 544 2742 “μεγάλῃ
576 2669 750 2742 πόλει,
783 2677 1146 2749 παιδεραστία
1174 2700 1276 2749 μεν
1306 2672 1514 2740 πάντας
1543 2668 1937 2743 ὑπερήνεγκε,

412 2863 466 2902 25
498 2863 676 2903 Tatian.
702 2878 765 2904 or.
791 2865 847 2904 ad
874 2866 1036 2906 Graee.
1066 2881 1102 2908 c,
1129 2868 1178 2906 18
1203 2873 1248 2908 et
1274 2871 1336 2908 19.
