1986 3152
579 88 736 128 HIST.
767 87 1016 131 ECCLES.
1050 88 1125 130 VI.
1157 90 1226 131 44.
1260 90 1330 131 45.
1651 87 1758 141 295

126 204 389 310 “haege-511
419 201 642 276 ἄφωνος
674 206 765 260 καὶ
797 200 1136 276 αναίσθητος
1162 206 1452 262 διετέλεσε.
1500 209 1545 262 3.
1573 206 1757 280 βραχὺ

133 328 135 330 v
126 288 232 347 “δε
261 285 586 361 ανασφήλας
617 312 682 362 τῃ
716 286 945 363 τετάρτῃ
978 291 1422 362 προσεκαλέσατο
1452 288 1550 348 τὸν
1575 300 1755 362 θυγα-

126 369 422 478 Στριδοῦν,
477 375 568 429 καὶ
604 370 795 447 “με’χρι
834 379 1010 445 τίνος,
1053 375 1259 446 φησὶν,
1318 398 1359 430 ω
1404 374 1632 445 τέκνον,
1687 398 1755 448 με

126 455 445 563 Σκατέχετες
490 459 707 530 δέομαι,
751 456 1056 529 σπεύσατε,
1090 463 1188 514 καί
1211 480 1279 531 με
1308 460 1518 515 θᾶττον
1548 454 1754 517 απολύ-

126 537 326 645 Ξσατε,
378 545 491 598 τῶν
541 543 934 616 πρεσβυτέρων
984 547 1081 614 μοί
1128 566 1253 599 τινα
1304 539 1590 600 κάλεσονῗ
1662 544 1797 600 καὶὸ

126 623 341 730 :rafim
381 624 554 683 εἰπων
594 624 762 682 παλιν
801 627 870 697 ἠν
912 623 1149 698 ἄφωνος.
1211 631 1260 683 4.
1271 625 1590 729 ,ἔδραμεν
1566 651 1594 684 ο
1627 640 1756 694 παῖς

128 709 262 767 “ε’πὶ
293 709 389 767 τὸν
418 708 829 815 πρεσβύτερον·
873 707 973 776 νύξ
1007 709 1067 765 δε
1096 710 1187 781 ἦν,
1221 707 1475 777 κάκεῖνος
1506 709 1756 783 ησθένει

126 791 471 867 (ςᾶφικέσθαι
513 794 615 866 μὲν
656 795 762 850 ου’ν
801 791 905 849 οὐκ
948 792 1227 866 ἐδυνήθη,
1285 797 1509 866 ἐντολῆς
1551 795 1611 851 δε
1650 794 1752 852 υπ’

147 874 302 950 (ἐμοῦ
346 880 672 951 δεδομένης,
733 901 860 944 τους
908 875 1424 950 ἀπαλλαττομένους
1470 881 1569 936 τοῦ
1608 885 1758 950 βίου,

128 959 222 1018 “εί
252 964 483 1035 δέοιντο,
516 963 608 1018 καὶ
630 958 866 1034 μάλιστα
892 966 940 1018 εἰ
963 963 1054 1018 καὶ
1078 960 1351 1037 πρότερον
1376 960 1757 1029 ἱκετεύσαντες
1783 982 1822 1013 10

127 1042 415 1120 “τυ’χοιεν,
468 1042 768 1119 ἀφίεσθαι,
821 1041 898 1103 ἵν’
950 1043 1236 1112 εὐέλπιδες
1281 1045 1758 1119 ἀπαλλάττωνται,

127 1129 345 1204 “βραχῦ
374 1135 469 1203 τῆς
509 1128 859 1206 εὐχαριστίας
901 1135 1111 1188 ἔδωκεν
1151 1135 1227 1207 τῷ
1270 1136 1580 1208 παιδαρίῳ,
1611 1129 1758 1189 Ιοἰπο-

131 1212 358 1289 “βρε’ξαι
389 1213 652 1281 κελεύσας
685 1217 779 1272 καὶ
802 1218 878 1292 τῷ
904 1212 1188 1290 πρεσβύτῃ
1209 1214 1347 1272 κατὰ
1370 1220 1468 1273 τοῦ
1492 1214 1759 1288 στόματος

126 1298 465 1368 “ε’πιστοὲξαι.
513 1303 561 1357 5.
580 1303 855 1372 ἐπανῆκεν
878 1295 906 1356 5
931 1312 1061 1365 παῖς
1084 1301 1300 1374 φέρων·
1335 1298 1498 1373 ἐγγύς
1522 1324 1580 1358 τε
1603 1323 1760 1371 γενο-

127 1381 370 1457 “με’νου,
424 1386 559 1457 πρὶν
599 1389 906 1457 εἰσελθεῖν,
959 1380 1259 1456 ἀνενέγκας
1299 1383 1467 1441 πάλιν
1499 1380 1528 1441 5
1570 1394 1757 1458 Σαρα-
1782 1403 1823 1435 15

129 1468 343 1541 “πίων,
396 1460 556 1541 ἧκες,
598 1475 735 1542 ἔφη,
779 1471 1000 1537 τέκνον;
1044 1470 1135 1524 καὶ
1176 1464 1204 1525 5
1246 1469 1348 1541 μὲν
1385 1469 1761 1543 πρεσβύτερος

128 1549 360 1610 ((ἐλθεῖν
411 1550 515 1610 οὐκ
566 1546 857 1625 ἠδυνήθη,
919 1552 990 1609 σὺ
1046 1553 1105 1609 δὲ
1157 1561 1393 1627 ποίησον
1443 1555 1647 1627 ταχέως
1699 1554 1760 1610 τὸ

132 1635 554 1711 “προσταχθὲν,
598 1639 690 1694 καὶ
730 1634 1046 1694 ἆποέλλαττέ
1082 1660 1164 1709 με.
1228 1635 1531 1713 ἆπέβρεξεν
1570 1634 1761 1705 ὀπαῖς

128 1721 262 1780 “καὶ
304 1720 416 1795 ἅμα
456 1746 515 1779 τε
558 1723 739 1795 ἐνέχεε
778 1724 856 1798 τῷ
893 1720 1121 1794 στόματι
1180 1723 1272 1778 καὶ
1312 1720 1511 1795 μικρὸν
1551 1725 1761 1787 ἐκεῖνος

130 1805 616 1913 Ξκαταβροχθίσας
649 1803 860 1872 εὐθέως
892 1804 1144 1862 ἀπέδωκε
1174 1804 1233 1863 τὸ
1278 1829 1513 1880 πνευμα.
1585 1812 1632 1863 6.
1666 1799 1757 1879 ἆρ’
1784 1826 1825 1857 20

130 1887 272 1948 “οὐκ
305 1894 548 1965 ἐναργῶς
581 1889 884 1966 διετηρήθη
915 1893 1007 1947 καὶ
1038 1892 1402 1965 παρέμεινεν,
1453 1893 1553 1957 έως
1585 1895 1758 1964 λυθῇ,

131 1973 262 2032 “nal
313 1978 408 2048 τῆς
460 1971 726 2050 ἁμαρτίας
780 1978 1199 2048 ἐξαλειφθείσης
1254 1977 1343 2032 ἐπὶ
1398 1983 1622 2041 πολλοῖς
1676 1972 1757 2041 οἷς

129 2057 371 2134 “ἔπραξε
429 2067 617 2126 καλοις
675 2059 1089 2133 ὁμολογηθῆναι
1150 2056 1434 2134 δυνηθῇ;”
1499 2065 1671 2116 ταῦτα
1730 2055 1759 2115 5

138 2143 457 2212 Διονύσιος.

266 2240 406 2289 XLV.
450 2239 576 2305 [Nic.
605 2239 662 2288 H.
690 2240 744 2289 E.
774 2239 848 2295 VI,
876 2236 953 2304 4.]
996 2228 1237 2330 Ἴδωμεν
1267 2225 1572 2294 δεὸαὐτός
1596 2223 1825 2285 ὁποῖα-25

66 2368 78 2380 ,
141 2314 232 2370 καὶ
262 2318 342 2390 τῷ
374 2311 645 2389 Νοουατῳ
680 2311 983 2387 διεχαραξε,
1014 2336 1336 2387 ταραττοντι
1368 2311 1629 2386 τηνικαδε
1659 2312 1763 2384 τὴν

131 2395 416 2471 Ρωμαίων
456 2394 818 2470 αδελφότητα.
893 2397 1083 2470 ἐπειδὴ
1123 2398 1227 2454 οὐν
1274 2400 1370 2470 τῆς
1421 2395 1763 2462 ἀποστασίας

141 2484 231 2538 καὶ
274 2506 372 2539 του
414 2487 708 2556 σχίσματος
749 2479 1037 2555 πρόφασιν
1081 2484 1314 2539 ἐποιεῖτο
1353 2506 1464 2539 των
1496 2479 1762 2554 ἀδελφων

139 2589 323 2639 τινας,
367 2562 440 2632 ὡς
484 2564 551 2639 δὴ
594 2565 729 2639 πρὸς
761 2563 948 2623 αὐτῶν
981 2567 1068 2623 ἐπὶ
1098 2563 1247 2623 τοῦτ’
1286 2568 1480 2623 ἐλθεῖν
1514 2568 1762 2638 ἐκβεβια-

141 2653 367 2723 σμένος,
411 2648 514 2725 ὅρα
557 2657 682 2708 τίνα
724 2649 929 2725 τρόπον
960 2648 1109 2726 αὐτῷ
1140 2649 1368 2724 γράφει·
1424 2646 1760 2714 “Aaovv'o‘aog
1782 2666 1828 2698 30

135 2727 447 2811 ε(Νοουοῖτφ
488 2739 562 2812 τῷ
606 2732 834 2809 ἀδελφῷ
872 2740 1106 2809 χαίρειν.
1193 2740 1242 2791 εἰ
1281 2732 1460 2806 ἄκων,
1516 2732 1589 2800 ὡς
1630 2730 1759 2806 φῂς,

133 2814 367 2892 “ἥχθης,
402 2822 619 2891 δείξεις,
655 2818 750 2876 ἐὰν
781 2817 1143 2894 ἀναχωρήσῃς
1178 2818 1334 2875 ἑκών.
1391 2822 1504 2875 ἔδει
1528 2817 1631 2890 μὲν
1654 2815 1759 2888 γὰρ
