1986 3152
551 89 711 132 HIST.
742 89 993 133 ECCLES.
1025 91 1103 132 vl.
1137 91 1262 130 6—8.
1608 88 1714 140 249

234 216 330 265 Vll.
389 214 515 281 [Nic.
544 216 602 265 H.
635 216 683 264 Ε.
719 217 793 274 lV,
822 214 933 282 351]
1017 198 1110 263 Ἐν
1154 204 1331 283 τούτῳ
1377 207 1466 262 καὶ
1509 202 1718 272 Ἰούδας

110 290 479 363 συγγραφέων
518 292 728 362 ἕτερος,
774 295 851 355 εἰς
894 288 987 356 τὰς
1021 287 1170 362 παρὰ
1200 294 1273 366 τῷ
1306 290 1525 362 Δανιὴλ
1559 292 1716 363 ἑβδο-

108 373 285 448 μάδας
317 372 604 446 ἐγγράφως
637 375 971 447 διαλεχθεὶς,
1013 375 1102 431 ε’πὶ
1133 374 1190 431 τὸ
1223 376 1455 433 δέκατον
1484 379 1579 447 τῆς
1611 384 1717 432 Σε-

110 458 287 533 βήρου
317 462 597 529 βασιλείας
627 462 809 530 ἵστησι
833 455 935 529 τὴν
958 464 1389 532 χρονογραφίαν,
1420 456 1478 526 ὃς
1503 461 1593 515 καὶ
1618 459 1719 531 τὴν

109 544 505 615 θρυλουμένην
554 548 652 599 τοῦ
700 541 1052 616 ἀντιχρίστου
1096 550 1411 616 παρουσίαν
1450 541 1557 616 ἥδη
1597 542 1718 600 τότε
1744 559 1766 592 5

111 625 428 727 πλησιάζειν
481 624 638 683 ὡέτο
700 625 845 683 οὕτω
898 629 1156 701 σφοδρῶς
1202 623 1235 699 ἡ
1279 630 1379 684 τοῦ
1416 627 1537 684 τότε
1577 623 1714 685 καθ’

109 708 266 784 ἡμων
299 715 544 783 διωγμοῦ
575 717 789 783 κίνησις
820 733 915 777 τας
945 717 1057 767 τῶν
1084 715 1305 768 πολλῶν
1329 710 1719 785 ἀνατεταράχει

111 800 374 860 διανοίας.

234 889 356 939 vlu.
409 888 534 954 [Nic.
565 888 621 937 H.
650 888 704 937 E.
735 890 788 945 V,
818 887 892 954 8.]
968 875 1057 936 Ἐν
1095 876 1272 954 τούτῳ
1315 879 1377 935 δὲ
1415 882 1511 951 τῆς
1553 903 1719 951 κατη-

40 976 50 980 “
110 962 320 1036 χήσεως
373 964 462 1019 ἐπὶ
509 968 606 1034 τῆς
643 961 1060 1035 Ἀλεξανδρείας
1100 959 1339 1036 τοῦργον
1380 966 1719 1020 ἐπιτελοῦντι
1747 983 1787 1014 10

109 1052 184 1125 τῷ
221 1044 494 1121 Ὠριγένει
535 1045 759 1119 πρᾶγμά
804 1071 854 1104 τι
898 1050 1327 1121 διαπέπρακται,
1375 1045 1578 1120 φρενὸς
1618 1048 1721 1120 μὲν

110 1131 340 1198 ἀτελοῦς
381 1132 472 1188 καὶ
512 1135 801 1204 νεανικῆς,
844 1138 1081 1198 πίστεως
1113 1132 1174 1190 δε
1205 1130 1344 1205 ὁμοῦ
1374 1134 1464 1188 καὶ
1497 1152 1722 1205 σωφρο-

110 1215 283 1289 σύνης
322 1218 582 1289 μέγιστον
624 1221 822 1289 δεῖγμα
866 1219 1136 1290 περιέχον.
1206 1220 1255 1273 2.
1298 1214 1358 1272 τὸ
1397 1241 1502 1318 γαρ
1536 1212 1721 1273 “cmlv

119 1297 396 1374 εὐνοῦχοι
437 1305 637 1366 οἵτινες
682 1298 1014 1372 ευνοῦχισαν
1052 1299 1281 1366 ἑαυτοὺς
1315 1298 1406 1356 δια
1435 1299 1537 1372 τὴν
1567 1306 1720 1372 βασι-

103 1381 130 1404 “
117 1384 297 1443 ’λείαν
327 1390 439 1441 τῶν
469 1381 755 1455 οὐρανῶν”
788 1380 1167 1460 ἁπλούστερον
1198 1386 1290 1442 καὶ
1319 1408 1720 1457 νεανικωτερον
1746 1403 1788 1435 15

114 1468 366 1542 ’ἐκλαβὼν
395 1465 534 1542 ὁμοῦ
565 1493 668 1541 μεν
698 1467 971 1542 σωτήριον
1001 1469 1198 1543 φωνὴν
1228 1467 1590 1542 ἀποπληροῦν
1614 1468 1723 1526 οἰό-

111 1577 304 1627 μενος,
339 1552 478 1626 ὁμοῦ
512 1554 571 1609 δε
603 1555 695 1610 καὶ
728 1550 820 1610 διὰ
850 1551 909 1610 τὸ
940 1556 1069 1611 νέον
1099 1552 1201 1625 τὴν
1230 1551 1500 1626 ἡλικιηαν
1483 1551 1617 1612 όντα
1647 1551 1722 1627 μὴ

110 1637 347 1709 ἀνδράσι
378 1636 579 1710 μόνον,
623 1662 714 1694 και
745 1640 964 1710 γυναιξὶ
997 1639 1055 1695 δε
1087 1663 1152 1695 τα
1182 1649 1313 1696 θεῖα
1344 1646 1720 1711 προσομιλεῖν,

113 1722 186 1789 ὡς
216 1718 286 1779 ἂν
317 1726 504 1779 πᾶσαν
533 1720 634 1795 τὴν
665 1721 813 1795 παρὰ
844 1735 957 1789 τοῖς
988 1719 1238 1789 ἀπίστοις
1270 1726 1496 1796 αἰσχρᾶς
1530 1727 1724 1794 διαβο-

112 1813 208 1880 λῆς
232 1805 504 1864 ὑπόνοιαν
526 1803 890 1877 ἀποκλείσειε,
908 1805 1010 1878 τὴν
1027 1805 1302 1880 σωτήριον
1320 1806 1518 1879 φωνὴν
1543 1812 1720 1879 ἔργοις
1744 1834 1790 1866 20

115 1893 416 1948 ἐπιτελέσαι
458 1889 721 1965 ὡρμήθη,
763 1889 892 1956 τούς
931 1889 1168 1958 πολλους
1209 1895 1323 1948 τῶν
1361 1889 1501 1964 ἀμφ’
1549 1890 1723 1948 αὐτὸν

112 1981 409 2049 γνωρίμων
449 1980 744 2033 διαλαθεῖν
784 1981 1102 2050 φροντίσας
1166 1981 1213 2033 3.
1257 1973 1361 2033 οὐκ
1400 1976 1470 2047 ἠν
1513 1975 1574 2032 δε
1614 1973 1722 2048 ἀρα

115 2058 358 2118 δυνατὸν
416 2061 567 2136 αὐτῷ
620 2065 818 2131 καίπερ
870 2062 1192 2136 βουλομένω
1244 2063 1509 2117 τοσοῦτον
1560 2066 1724 2133 ἔργον

114 2144 545 2217 ἐπικρύψασθαι.
627 2143 796 2217 γνοὺς
850 2148 985 2218 δῆτα
1035 2140 1270 2218 ὕστερον
1313 2142 1342 2201 6
1388 2142 1723 2218 Δημήτριος,

113 2228 207 2286 ἅτε
245 2233 340 2302 τῆς
384 2228 584 2286 αὐτόθι
628 2235 920 2302 παροικίας
969 2247 1277 2330 προεστως,
1334 2229 1396 2284 εὐ
1437 2226 1582 2301 μάλα
1621 2252 1724 2302 μεν
1748 2255 1790 2287 25

114 2311 285 2370 αὐτὸν
321 2311 702 2386 ἀποθαυμάζει
730 2319 829 2370 τοῦ
859 2311 1228 2387 τολμήματος,
1269 2313 1371 2386 τὴν
1402 2315 1469 2370 δέ
1493 2336 1556 2385 γε
1588 2334 1723 2386 προ-

115 2403 330 2470 θυμίαν
378 2401 467 2455 καὶ
513 2397 571 2455 τὸ
623 2396 856 2470 γνήσιον
896 2396 1070 2456 αὐτοῦ
1107 2402 1204 2469 τῆς
1244 2404 1481 2464 πίστεως
1519 2394 1726 2455 ἀποδε-

116 2480 343 2554 ξάμενος
395 2492 634 2556 θαρρειν
686 2480 886 2540 αυτίκα
944 2480 1408 2558 παρακελεύεται,
1471 2484 1563 2539 καὶ
1616 2484 1725 2538 νῦν

115 2568 324 2638 μᾶλλον
376 2571 602 2640 ἔχεσθαι
655 2564 826 2624 αὐτὸν
870 2570 969 2624 τοῦ
1019 2570 1118 2639 τῆς
1165 2564 1513 2639 κατηχήσεως
1559 2572 1724 2639 ε”ργου

117 2653 386 2726 παρορμᾷ.
457 2655 506 2708 4.
549 2647 687 2708 ἀλλα
725 2649 847 2708 τότε
885 2651 988 2724 μὲν
1028 2642 1186 2717 οὗτος
1225 2650 1471 2718 τοιοῦτός
1510 2675 1591 2716 τις
1634 2641 1718 2720 ἦν.
1746 2675 1790 2706 3ο

209 2846 283 2884 ·13
315 2844 478 2885 Matth.
514 2845 587 2894 19,
624 2846 686 2883 12.
