<?xml version="1.0" encoding="UTF-8"?>
<!DOCTYPE html PUBLIC "-//W3C//DTD XHTML 1.0 Transitional//EN"
    "http://www.w3.org/TR/xhtml1/DTD/xhtml1-transitional.dtd">
<html xmlns="http://www.w3.org/1999/xhtml" xml:lang="en" lang="en">
 <head>
  <title>
</title>
<meta http-equiv="Content-Type" content="text/html;charset=utf-8" />
  <meta name='ocr-system' content='tesseract 3.04.00' />
  <meta name='ocr-capabilities' content='ocr_page ocr_carea ocr_par ocr_line ocrx_word'/>
</head>
<body>
  <div class='ocr_page' id='page_1' title='image "./operaeusebius04euseuoft_0318.png"; bbox 0 0 1986 3152; ppageno 0'>
   <div class='ocr_carea' id='block_1_1' title="bbox 259 57 1185 114">
    <p class='ocr_par' dir='ltr' id='par_1_1' title="bbox 259 57 1185 114">
     <span class='ocr_line' id='line_1_1' title="bbox 259 57 1185 114; baseline 0 -18"><span class='ocrx_word' id='word_1_1' title='bbox 259 63 362 114; x_wconf 66' lang='lat'><em>»253</em></span> <span class='ocrx_word' id='word_1_2' title='bbox 940 57 1185 97; x_wconf 75' lang='lat' dir='ltr'>EUSEBH</span> 
     </span>
    </p>
   </div>
   <div class='ocr_carea' id='block_1_2' title="bbox 198 169 1876 2855">
    <p class='ocr_par' dir='ltr' id='par_1_2' title="bbox 198 169 1876 2855">
     <span class='ocr_line' id='line_1_2' title="bbox 261 169 1872 249; baseline -0.002 -17"><span class='ocrx_word' id='word_1_3' title='bbox 261 174 511 249; x_wconf 84' lang='grc' dir='ltr'><em>γράφθαι</em></span> <span class='ocrx_word' id='word_1_4' title='bbox 546 173 773 246; x_wconf 82' lang='grc' dir='ltr'><em>[ἔλεγεν]</em></span> <span class='ocrx_word' id='word_1_5' title='bbox 808 174 920 228; x_wconf 69' lang='grc' dir='ltr'><em>τῶν</em></span> <span class='ocrx_word' id='word_1_6' title='bbox 952 169 1293 243; x_wconf 80' lang='grc' dir='ltr'><em>εὐαγγελίων</em></span> <span class='ocrx_word' id='word_1_7' title='bbox 1323 170 1390 227; x_wconf 76' lang='grc' dir='ltr'><em>τὰ</em></span> <span class='ocrx_word' id='word_1_8' title='bbox 1420 173 1744 245; x_wconf 83' lang='grc' dir='ltr'><em>περιέχοντα</em></span> <span class='ocrx_word' id='word_1_9' title='bbox 1773 171 1872 240; x_wconf 75' lang='grc' dir='ltr'><em>τὰς</em></span> 
     </span>
     <span class='ocr_line' id='line_1_3' title="bbox 259 252 1870 331; baseline -0.001 -17"><span class='ocrx_word' id='word_1_10' title='bbox 259 263 643 331; x_wconf 77' lang='grc' dir='ltr'><em>γενεαλογίας,</em></span> <span class='ocrx_word' id='word_1_11' title='bbox 699 262 746 313; x_wconf 85' lang='grc'><em>6.</em></span> <span class='ocrx_word' id='word_1_12' title='bbox 793 253 851 312; x_wconf 83' lang='grc' dir='ltr'><em>τὸ</em></span> <span class='ocrx_word' id='word_1_13' title='bbox 896 255 956 311; x_wconf 77' lang='grc' dir='ltr'><em>δὲ</em></span> <span class='ocrx_word' id='word_1_14' title='bbox 995 252 1133 311; x_wconf 75' lang='grc' dir='ltr'><em>κατοὶ</em></span> <span class='ocrx_word' id='word_1_15' title='bbox 1179 253 1417 328; x_wconf 87' lang='grc' dir='ltr'><em>Μάρκον</em></span> <span class='ocrx_word' id='word_1_16' title='bbox 1454 253 1663 329; x_wconf 81' lang='grc' dir='ltr'><em>ταύτην</em></span> <span class='ocrx_word' id='word_1_17' title='bbox 1708 260 1870 330; x_wconf 87' lang='grc' dir='ltr'><em>ἐσχη-</em></span> 
     </span>
     <span class='ocr_line' id='line_1_4' title="bbox 260 339 1867 415; baseline -0.001 -16"><span class='ocrx_word' id='word_1_18' title='bbox 260 345 414 399; x_wconf 81' lang='grc' dir='ltr'><em>κέναι</em></span> <span class='ocrx_word' id='word_1_19' title='bbox 443 339 545 413; x_wconf 81' lang='grc' dir='ltr'><em>τὴν</em></span> <span class='ocrx_word' id='word_1_20' title='bbox 575 345 911 412; x_wconf 84' lang='grc' dir='ltr'><em>οἰκονομίαν.</em></span> <span class='ocrx_word' id='word_1_21' title='bbox 973 342 1073 395; x_wconf 87' lang='grc' dir='ltr'><em>τοῦ</em></span> <span class='ocrx_word' id='word_1_22' title='bbox 1098 340 1318 411; x_wconf 81' lang='grc' dir='ltr'><strong><em>Πέτρου</em></strong></span> <span class='ocrx_word' id='word_1_23' title='bbox 1351 343 1588 415; x_wconf 80' lang='grc' dir='ltr'><em>δημοσίᾳ</em></span> <span class='ocrx_word' id='word_1_24' title='bbox 1613 344 1674 397; x_wconf 93' lang='grc' dir='ltr'><em>ἐν</em></span> <span class='ocrx_word' id='word_1_25' title='bbox 1690 339 1867 415; x_wconf 74' lang='grc' dir='ltr'><em>Ῥώμῃ</em></span> 
     </span>
     <span class='ocr_line' id='line_1_5' title="bbox 261 421 1872 498; baseline 0 -16"><span class='ocrx_word' id='word_1_26' title='bbox 261 424 595 498; x_wconf 79' lang='grc' dir='ltr'><em>κηρύξαντος</em></span> <span class='ocrx_word' id='word_1_27' title='bbox 634 425 730 480; x_wconf 88' lang='grc' dir='ltr'><em>τὸν</em></span> <span class='ocrx_word' id='word_1_28' title='bbox 771 421 964 495; x_wconf 88' lang='grc' dir='ltr'><em>λόγον,</em></span> <span class='ocrx_word' id='word_1_29' title='bbox 1007 425 1100 479; x_wconf 88' lang='grc' dir='ltr'><em>καὶ</em></span> <span class='ocrx_word' id='word_1_30' title='bbox 1142 421 1415 496; x_wconf 85' lang='grc' dir='ltr'><em>πνεύματι</em></span> <span class='ocrx_word' id='word_1_31' title='bbox 1454 422 1514 480; x_wconf 88' lang='grc' dir='ltr'><em>τὸ</em></span> <span class='ocrx_word' id='word_1_32' title='bbox 1547 421 1872 497; x_wconf 81' lang='grc' dir='ltr'><em>εὐαγγέλιον</em></span> 
     </span>
     <span class='ocr_line' id='line_1_6' title="bbox 216 504 1871 582; baseline -0.001 -15"><span class='ocrx_word' id='word_1_33' title='bbox 216 529 236 560; x_wconf 82' lang='grc'><strong>5</strong></span> <span class='ocrx_word' id='word_1_34' title='bbox 263 507 597 580; x_wconf 80' lang='grc' dir='ltr'><em>ἐξειπόντος,</em></span> <span class='ocrx_word' id='word_1_35' title='bbox 628 507 759 574; x_wconf 77' lang='grc' dir='ltr'><em>τούς</em></span> <span class='ocrx_word' id='word_1_36' title='bbox 790 507 1067 580; x_wconf 77' lang='grc' dir='ltr'><em>παρόντας</em></span> <span class='ocrx_word' id='word_1_37' title='bbox 1097 505 1334 574; x_wconf 71' lang='grc' dir='ltr'><em>πολλοὺς</em></span> <span class='ocrx_word' id='word_1_38' title='bbox 1364 504 1527 573; x_wconf 79' lang='grc' dir='ltr'><em>ὄντας</em></span> <span class='ocrx_word' id='word_1_39' title='bbox 1558 512 1871 582; x_wconf 86' lang='grc' dir='ltr'><em>παρακαλέ-</em></span> 
     </span>
     <span class='ocr_line' id='line_1_7' title="bbox 259 587 1873 668; baseline 0.001 -19"><span class='ocrx_word' id='word_1_40' title='bbox 259 614 350 650; x_wconf 92' lang='grc' dir='ltr'><em>σαι</em></span> <span class='ocrx_word' id='word_1_41' title='bbox 380 593 475 650; x_wconf 84' lang='grc' dir='ltr'><em>τὸν</em></span> <span class='ocrx_word' id='word_1_42' title='bbox 506 591 761 665; x_wconf 88' lang='grc' dir='ltr'><em>Μάρκον,</em></span> <span class='ocrx_word' id='word_1_43' title='bbox 803 587 956 649; x_wconf 69' lang='grc' dir='ltr'><em>οὖσαν</em></span> <span class='ocrx_word' id='word_1_44' title='bbox 986 587 1447 664; x_wconf 78' lang='grc' dir='ltr'><em>ἀκολουθήσαντα</em></span> <span class='ocrx_word' id='word_1_45' title='bbox 1478 589 1629 668; x_wconf 76' lang='grc' dir='ltr'><em>αὐτῷ</em></span> <span class='ocrx_word' id='word_1_46' title='bbox 1659 592 1873 668; x_wconf 79' lang='grc' dir='ltr'><em>πόρρω·</em></span> 
     </span>
     <span class='ocr_line' id='line_1_8' title="bbox 258 674 1872 750; baseline -0.001 -15"><span class='ocrx_word' id='word_1_47' title='bbox 258 688 365 735; x_wconf 87' lang='grc' dir='ltr'><em>θεν</em></span> <span class='ocrx_word' id='word_1_48' title='bbox 403 678 493 734; x_wconf 86' lang='grc' dir='ltr'><em>καὶ</em></span> <span class='ocrx_word' id='word_1_49' title='bbox 533 678 884 750; x_wconf 83' lang='grc' dir='ltr'><em>μεμνημένον</em></span> <span class='ocrx_word' id='word_1_50' title='bbox 927 679 1040 733; x_wconf 77' lang='grc' dir='ltr'><em>τῶν</em></span> <span class='ocrx_word' id='word_1_51' title='bbox 1071 678 1415 749; x_wconf 76' lang='grc' dir='ltr'><em>λεχθέντων,</em></span> <span class='ocrx_word' id='word_1_52' title='bbox 1459 674 1777 750; x_wconf 80' lang='grc' dir='ltr'><em>ἀναγράψαι</em></span> <span class='ocrx_word' id='word_1_53' title='bbox 1805 675 1872 733; x_wconf 79' lang='grc' dir='ltr'><em>τὰ</em></span> 
     </span>
     <span class='ocr_line' id='line_1_9' title="bbox 262 759 1873 835; baseline -0.001 -17"><span class='ocrx_word' id='word_1_54' title='bbox 262 765 547 835; x_wconf 86' lang='grc' dir='ltr'><em>εἰρημένα·</em></span> <span class='ocrx_word' id='word_1_55' title='bbox 601 759 906 833; x_wconf 91' lang='grc' dir='ltr'><em>ποιήσαντα</em></span> <span class='ocrx_word' id='word_1_56' title='bbox 962 761 1021 817; x_wconf 74' lang='grc' dir='ltr'><em>δὲ</em></span> <span class='ocrx_word' id='word_1_57' title='bbox 1067 759 1127 817; x_wconf 89' lang='grc' dir='ltr'><em>τὸ</em></span> <span class='ocrx_word' id='word_1_58' title='bbox 1171 759 1495 833; x_wconf 82' lang='grc' dir='ltr'><em>εὐαγγέλιον</em></span> <span class='ocrx_word' id='word_1_59' title='bbox 1535 763 1873 833; x_wconf 78' lang='grc' dir='ltr'><em>μεταδοῦναι</em></span> 
     </span>
     <span class='ocr_line' id='line_1_10' title="bbox 259 842 1873 919; baseline 0.001 -17"><span class='ocrx_word' id='word_1_60' title='bbox 259 859 372 912; x_wconf 78' lang='grc' dir='ltr'><em>τοῖς</em></span> <span class='ocrx_word' id='word_1_61' title='bbox 406 848 684 918; x_wconf 80' lang='grc' dir='ltr'><em>δεομένοις</em></span> <span class='ocrx_word' id='word_1_62' title='bbox 717 843 902 902; x_wconf 80' lang='grc' dir='ltr'><em>αὐτοῦ.</em></span> <span class='ocrx_word' id='word_1_63' title='bbox 970 850 1014 900; x_wconf 87' lang='grc'><em>7.</em></span> <span class='ocrx_word' id='word_1_64' title='bbox 1051 842 1186 917; x_wconf 78' lang='grc' dir='ltr'><em>ὅπερ</em></span> <span class='ocrx_word' id='word_1_65' title='bbox 1221 843 1513 917; x_wconf 84' lang='grc' dir='ltr'><em>ἐπιγνόντα</em></span> <span class='ocrx_word' id='word_1_66' title='bbox 1536 843 1634 902; x_wconf 85' lang='grc' dir='ltr'><em>τὸν</em></span> <span class='ocrx_word' id='word_1_67' title='bbox 1657 848 1873 919; x_wconf 88' lang='grc' dir='ltr'><em>Πέτρον</em></span> 
     </span>
     <span class='ocr_line' id='line_1_11' title="bbox 198 927 1873 1008; baseline 0.001 -22"><span class='ocrx_word' id='word_1_68' title='bbox 198 948 239 979; x_wconf 82' lang='lat'><em>10</em></span> <span class='ocrx_word' id='word_1_69' title='bbox 262 935 672 1003; x_wconf 77' lang='grc' dir='ltr'><em>προτρεπτικῶς</em></span> <span class='ocrx_word' id='word_1_70' title='bbox 702 927 837 1002; x_wconf 88' lang='grc' dir='ltr'><em>μήτε</em></span> <span class='ocrx_word' id='word_1_71' title='bbox 868 932 1113 985; x_wconf 81' lang='grc' dir='ltr'><em>κωλῦσαι</em></span> <span class='ocrx_word' id='word_1_72' title='bbox 1143 927 1280 1001; x_wconf 86' lang='grc' dir='ltr'><em>μήτε</em></span> <span class='ocrx_word' id='word_1_73' title='bbox 1304 931 1743 1008; x_wconf 81' lang='grc' dir='ltr'><em>προτρέψασθαι,</em></span> <span class='ocrx_word' id='word_1_74' title='bbox 1774 930 1873 987; x_wconf 85' lang='grc' dir='ltr'><em>τὸν</em></span> 
     </span>
     <span class='ocr_line' id='line_1_12' title="bbox 261 1011 1874 1087; baseline 0 -17"><span class='ocrx_word' id='word_1_75' title='bbox 261 1016 446 1087; x_wconf 88' lang='grc' dir='ltr'><em>μέντοι</em></span> <span class='ocrx_word' id='word_1_76' title='bbox 469 1013 733 1085; x_wconf 80' lang='grc' dir='ltr'><em>Ἰωάννην</em></span> <span class='ocrx_word' id='word_1_77' title='bbox 775 1020 1004 1086; x_wconf 83' lang='grc' dir='ltr'><em>ἔσχατον</em></span> <span class='ocrx_word' id='word_1_78' title='bbox 1045 1011 1346 1070; x_wconf 84' lang='grc' dir='ltr'><em>συνιδόντα</em></span> <span class='ocrx_word' id='word_1_79' title='bbox 1383 1011 1466 1069; x_wconf 79' lang='grc' dir='ltr'><em>ὅτι</em></span> <span class='ocrx_word' id='word_1_80' title='bbox 1496 1012 1562 1069; x_wconf 77' lang='grc' dir='ltr'><em>τὰ</em></span> <span class='ocrx_word' id='word_1_81' title='bbox 1593 1012 1874 1087; x_wconf 77' lang='grc' dir='ltr'><em>σωματικά</em></span> 
     </span>
     <span class='ocr_line' id='line_1_13' title="bbox 263 1094 1874 1171; baseline 0.001 -17"><span class='ocrx_word' id='word_1_82' title='bbox 263 1102 323 1154; x_wconf 90' lang='grc' dir='ltr'><em>ἐν</em></span> <span class='ocrx_word' id='word_1_83' title='bbox 355 1111 466 1162; x_wconf 76' lang='grc' dir='ltr'><em>τοῖς</em></span> <span class='ocrx_word' id='word_1_84' title='bbox 492 1096 831 1169; x_wconf 84' lang='grc' dir='ltr'><em>εὐαγγελίοις</em></span> <span class='ocrx_word' id='word_1_85' title='bbox 857 1095 1186 1169; x_wconf 86' lang='grc' dir='ltr'><em>δεδήλωται,</em></span> <span class='ocrx_word' id='word_1_86' title='bbox 1219 1100 1603 1171; x_wconf 83' lang='grc' dir='ltr'><em>προτραπέντα</em></span> <span class='ocrx_word' id='word_1_87' title='bbox 1626 1094 1737 1155; x_wconf 78' lang='grc' dir='ltr'><em>ὑπὸ</em></span> <span class='ocrx_word' id='word_1_88' title='bbox 1760 1102 1874 1155; x_wconf 79' lang='grc' dir='ltr'><em>τῶν</em></span> 
     </span>
     <span class='ocr_line' id='line_1_14' title="bbox 261 1179 1876 1255; baseline 0.001 -18"><span class='ocrx_word' id='word_1_89' title='bbox 261 1187 587 1253; x_wconf 87' lang='grc' dir='ltr'><em>γνωρίμων,</em></span> <span class='ocrx_word' id='word_1_90' title='bbox 649 1180 919 1254; x_wconf 82' lang='grc' dir='ltr'><em>πνεύματι</em></span> <span class='ocrx_word' id='word_1_91' title='bbox 979 1184 1438 1255; x_wconf 82' lang='grc' dir='ltr'><em>θεοφορηθέντα,</em></span> <span class='ocrx_word' id='word_1_92' title='bbox 1498 1179 1876 1254; x_wconf 80' lang='grc' dir='ltr'><em>πνευματικὸν</em></span> 
     </span>
     <span class='ocr_line' id='line_1_15' title="bbox 260 1261 1876 1338; baseline 0.001 -16"><span class='ocrx_word' id='word_1_93' title='bbox 260 1270 485 1336; x_wconf 87' lang='grc' dir='ltr'><em>ποιῆσαι</em></span> <span class='ocrx_word' id='word_1_94' title='bbox 529 1263 870 1337; x_wconf 81' lang='grc' dir='ltr'><em>εὐαγγέλιον.</em></span> <span class='ocrx_word' id='word_1_95' title='bbox 945 1269 1187 1322; x_wconf 81' lang='grc' dir='ltr'><em>τοσαῦτα</em></span> <span class='ocrx_word' id='word_1_96' title='bbox 1227 1261 1255 1322; x_wconf 85' lang='grc' dir='ltr'>ὁ</span> <span class='ocrx_word' id='word_1_97' title='bbox 1297 1265 1540 1338; x_wconf 85' lang='grc' dir='ltr'><em>Κλήμης.</em></span> <span class='ocrx_word' id='word_1_98' title='bbox 1617 1270 1665 1322; x_wconf 86' lang='grc'><em>8.</em></span> <span class='ocrx_word' id='word_1_99' title='bbox 1708 1263 1876 1323; x_wconf 86' lang='grc' dir='ltr'><em>πάλιν</em></span> 
     </span>
     <span class='ocr_line' id='line_1_16' title="bbox 200 1346 1872 1423; baseline 0.001 -18"><span class='ocrx_word' id='word_1_100' title='bbox 200 1367 239 1399; x_wconf 83' lang='lat'><em>15</em></span> <span class='ocrx_word' id='word_1_101' title='bbox 265 1346 318 1406; x_wconf 86' lang='grc' dir='ltr'><em>δ’</em></span> <span class='ocrx_word' id='word_1_102' title='bbox 362 1348 390 1405; x_wconf 83' lang='grc' dir='ltr'><em>ὅ</em></span> <span class='ocrx_word' id='word_1_103' title='bbox 433 1351 708 1420; x_wconf 83' lang='grc' dir='ltr'><em>δηλωθεὶς</em></span> <span class='ocrx_word' id='word_1_104' title='bbox 733 1347 1091 1423; x_wconf 75' lang='grc' dir='ltr'><em>Ἀλέξανδρος</em></span> <span class='ocrx_word' id='word_1_105' title='bbox 1131 1352 1231 1406; x_wconf 81' lang='grc' dir='ltr'><em>τοῦ</em></span> <span class='ocrx_word' id='word_1_106' title='bbox 1272 1347 1616 1422; x_wconf 83' lang='grc' dir='ltr'><em>Κλήμεντος,</em></span> <span class='ocrx_word' id='word_1_107' title='bbox 1660 1348 1771 1422; x_wconf 77' lang='grc' dir='ltr'><em>ἅμα</em></span> <span class='ocrx_word' id='word_1_108' title='bbox 1813 1351 1872 1407; x_wconf 74' lang='grc' dir='ltr'><em>δὲ·</em></span> 
     </span>
     <span class='ocr_line' id='line_1_17' title="bbox 259 1430 1874 1509; baseline 0.001 -20"><span class='ocrx_word' id='word_1_109' title='bbox 259 1435 349 1490; x_wconf 89' lang='grc' dir='ltr'><em>καὶ</em></span> <span class='ocrx_word' id='word_1_110' title='bbox 391 1437 491 1490; x_wconf 81' lang='grc' dir='ltr'><em>τοῦ</em></span> <span class='ocrx_word' id='word_1_111' title='bbox 522 1440 847 1491; x_wconf 89' lang='grc' dir='ltr'><em>Πανταίνου</em></span> <span class='ocrx_word' id='word_1_112' title='bbox 889 1440 951 1491; x_wconf 82' lang='grc' dir='ltr'><em>ἔν</em></span> <span class='ocrx_word' id='word_1_113' title='bbox 994 1458 1102 1490; x_wconf 91' lang='grc' dir='ltr'><em>τινι</em></span> <span class='ocrx_word' id='word_1_114' title='bbox 1133 1432 1269 1508; x_wconf 87' lang='grc' dir='ltr'><em>πρὸς</em></span> <span class='ocrx_word' id='word_1_115' title='bbox 1295 1430 1587 1506; x_wconf 76' lang='grc' dir='ltr'><em>Ὠριγένην</em></span> <span class='ocrx_word' id='word_1_116' title='bbox 1620 1437 1874 1509; x_wconf 84' lang='grc' dir='ltr'><em>ἐπιστολῇ</em></span> 
     </span>
     <span class='ocr_line' id='line_1_18' title="bbox 259 1514 1876 1596; baseline 0.001 -22"><span class='ocrx_word' id='word_1_117' title='bbox 259 1516 624 1591; x_wconf 79' lang='grc' dir='ltr'><em>μνημονεύει,</em></span> <span class='ocrx_word' id='word_1_118' title='bbox 671 1514 744 1583; x_wconf 69' lang='grc' dir='ltr'><em>(ὃς</em></span> <span class='ocrx_word' id='word_1_119' title='bbox 789 1517 858 1590; x_wconf 87' lang='grc' dir='ltr'><em>δὴ</em></span> <span class='ocrx_word' id='word_1_120' title='bbox 899 1524 1195 1590; x_wconf 86' lang='grc' dir='ltr'><em>γνωρίμων</em></span> <span class='ocrx_word' id='word_1_121' title='bbox 1237 1516 1386 1596; x_wconf 76' lang='grc' dir='ltr'><em>αὐτῷ</em></span> <span class='ocrx_word' id='word_1_122' title='bbox 1418 1520 1734 1591; x_wconf 87' lang='grc' dir='ltr'><em>γενομένων</em></span> <span class='ocrx_word' id='word_1_123' title='bbox 1763 1521 1876 1576; x_wconf 76' lang='grc' dir='ltr'><em>τῶν</em></span> 
     </span>
     <span class='ocr_line' id='line_1_19' title="bbox 261 1598 1876 1677; baseline 0.001 -19"><span class='ocrx_word' id='word_1_124' title='bbox 261 1599 497 1674; x_wconf 74' lang='grc' dir='ltr'><em>ἀνδρῶν.</em></span> <span class='ocrx_word' id='word_1_125' title='bbox 581 1601 784 1674; x_wconf 81' lang='grc' dir='ltr'><em>γράφει</em></span> <span class='ocrx_word' id='word_1_126' title='bbox 831 1602 891 1659; x_wconf 76' lang='grc' dir='ltr'><em>δὲ</em></span> <span class='ocrx_word' id='word_1_127' title='bbox 932 1600 1106 1668; x_wconf 80' lang='grc' dir='ltr'><em>οὕτως</em></span> <span class='ocrx_word' id='word_1_128' title='bbox 1145 1598 1341 1660; x_wconf 72' lang='grc' dir='ltr'><em>“τοῦτο</em></span> <span class='ocrx_word' id='word_1_129' title='bbox 1380 1602 1484 1677; x_wconf 78' lang='grc' dir='ltr'><em>γὰρ</em></span> <span class='ocrx_word' id='word_1_130' title='bbox 1528 1605 1618 1659; x_wconf 87' lang='grc' dir='ltr'><em>καὶ</em></span> <span class='ocrx_word' id='word_1_131' title='bbox 1657 1605 1876 1676; x_wconf 85' lang='grc' dir='ltr'><em>θέλημα</em></span> 
     </span>
     <span class='ocr_line' id='line_1_20' title="bbox 254 1682 1874 1760; baseline 0.001 -17"><span class='ocrx_word' id='word_1_132' title='bbox 254 1682 449 1757; x_wconf 38' lang='grc' dir='ltr'><em>’(θεοῦ,</em></span> <span class='ocrx_word' id='word_1_133' title='bbox 485 1684 557 1751; x_wconf 80' lang='grc' dir='ltr'><em>ὠς</em></span> <span class='ocrx_word' id='word_1_134' title='bbox 589 1686 776 1758; x_wconf 79' lang='grc' dir='ltr'><em>οἶδας,</em></span> <span class='ocrx_word' id='word_1_135' title='bbox 809 1689 1056 1759; x_wconf 90' lang='grc' dir='ltr'><em>γέγονεν,</em></span> <span class='ocrx_word' id='word_1_136' title='bbox 1087 1691 1182 1743; x_wconf 74' lang='grc' dir='ltr'><em>’ἵνα</em></span> <span class='ocrx_word' id='word_1_137' title='bbox 1212 1683 1247 1758; x_wconf 82' lang='grc' dir='ltr'><strong><em>ἡ</em></strong></span> <span class='ocrx_word' id='word_1_138' title='bbox 1279 1684 1386 1744; x_wconf 84' lang='grc' dir='ltr'><em>άπὸ</em></span> <span class='ocrx_word' id='word_1_139' title='bbox 1417 1685 1710 1760; x_wconf 89' lang='grc' dir='ltr'><em>προγόνων</em></span> <span class='ocrx_word' id='word_1_140' title='bbox 1739 1683 1874 1760; x_wconf 80' lang='grc' dir='ltr'><em>ἡμῖν</em></span> 
     </span>
     <span class='ocr_line' id='line_1_21' title="bbox 199 1763 1874 1846; baseline 0.001 -19"><span class='ocrx_word' id='word_1_141' title='bbox 199 1768 453 1843; x_wconf 67' lang='grc' dir='ltr'><em>20“φιλία</em></span> <span class='ocrx_word' id='word_1_142' title='bbox 504 1771 642 1844; x_wconf 81' lang='grc' dir='ltr'><em>μένῃ</em></span> <span class='ocrx_word' id='word_1_143' title='bbox 696 1769 932 1842; x_wconf 71' lang='grc' dir='ltr'><em>ἄσυλος,</em></span> <span class='ocrx_word' id='word_1_144' title='bbox 985 1775 1196 1844; x_wconf 82' lang='grc' dir='ltr'><em>μᾶλλον</em></span> <span class='ocrx_word' id='word_1_145' title='bbox 1249 1771 1307 1827; x_wconf 75' lang='grc' dir='ltr'><em>δὲ</em></span> <span class='ocrx_word' id='word_1_146' title='bbox 1355 1774 1664 1846; x_wconf 88' lang='grc' dir='ltr'><em>θερμοτέρα</em></span> <span class='ocrx_word' id='word_1_147' title='bbox 1704 1763 1740 1845; x_wconf 79' lang='grc' dir='ltr'><em>ᾗ</em></span> <span class='ocrx_word' id='word_1_148' title='bbox 1781 1773 1874 1828; x_wconf 86' lang='grc' dir='ltr'><em>καὶ</em></span> 
     </span>
     <span class='ocr_line' id='line_1_22' title="bbox 254 1850 1876 1929; baseline 0.001 -18"><span class='ocrx_word' id='word_1_149' title='bbox 254 1850 630 1928; x_wconf 41' lang='grc' dir='ltr'><em>((βεβαιοτέρα.</em></span> <span class='ocrx_word' id='word_1_150' title='bbox 693 1860 738 1911; x_wconf 81' lang='lat'><em>9.</em></span> <span class='ocrx_word' id='word_1_151' title='bbox 772 1858 1010 1928; x_wconf 88' lang='grc' dir='ltr'><em>πατέρας</em></span> <span class='ocrx_word' id='word_1_152' title='bbox 1051 1854 1156 1928; x_wconf 78' lang='grc' dir='ltr'><em>γὰρ</em></span> <span class='ocrx_word' id='word_1_153' title='bbox 1200 1864 1361 1928; x_wconf 81' lang='grc' dir='ltr'><em>ἴσμεν</em></span> <span class='ocrx_word' id='word_1_154' title='bbox 1401 1854 1527 1922; x_wconf 80' lang='grc' dir='ltr'><em>τούς</em></span> <span class='ocrx_word' id='word_1_155' title='bbox 1567 1861 1876 1929; x_wconf 80' lang='grc' dir='ltr'><em>μακαρίους</em></span> 
     </span>
     <span class='ocr_line' id='line_1_23' title="bbox 254 1935 1876 2014; baseline 0.001 -19"><span class='ocrx_word' id='word_1_156' title='bbox 254 1935 539 2006; x_wconf 69' lang='grc' dir='ltr'><em>“ἐκει’νους</em></span> <span class='ocrx_word' id='word_1_157' title='bbox 569 1937 696 2005; x_wconf 79' lang='grc' dir='ltr'><em>τούς</em></span> <span class='ocrx_word' id='word_1_158' title='bbox 727 1938 1197 2013; x_wconf 81' lang='grc' dir='ltr'><em>προοδεύσαντας,</em></span> <span class='ocrx_word' id='word_1_159' title='bbox 1235 1939 1370 2014; x_wconf 89' lang='grc' dir='ltr'><em>πρὸς</em></span> <span class='ocrx_word' id='word_1_160' title='bbox 1401 1937 1498 2005; x_wconf 79' lang='grc' dir='ltr'><em>οὓς</em></span> <span class='ocrx_word' id='word_1_161' title='bbox 1530 1937 1650 2012; x_wconf 85' lang='grc' dir='ltr'><em>μετ’</em></span> <span class='ocrx_word' id='word_1_162' title='bbox 1684 1938 1876 2012; x_wconf 87' lang='grc' dir='ltr'><em>ὀλίγον</em></span> 
     </span>
     <span class='ocr_line' id='line_1_24' title="bbox 256 2018 1875 2097; baseline 0.002 -19"><span class='ocrx_word' id='word_1_163' title='bbox 256 2018 564 2095; x_wconf 73' lang='grc' dir='ltr'><em>“ἐσόμεθα,</em></span> <span class='ocrx_word' id='word_1_164' title='bbox 608 2022 928 2082; x_wconf 86' lang='grc' dir='ltr'><em>Πάνταινον</em></span> <span class='ocrx_word' id='word_1_165' title='bbox 965 2022 1063 2081; x_wconf 81' lang='grc' dir='ltr'><em>τὸν</em></span> <span class='ocrx_word' id='word_1_166' title='bbox 1102 2022 1375 2097; x_wconf 87' lang='grc' dir='ltr'><em>μακάριον</em></span> <span class='ocrx_word' id='word_1_167' title='bbox 1418 2020 1491 2090; x_wconf 71' lang='grc' dir='ltr'><em>ὥς</em></span> <span class='ocrx_word' id='word_1_168' title='bbox 1527 2022 1752 2097; x_wconf 73' lang='grc' dir='ltr'><em>ἀληθῶς</em></span> <span class='ocrx_word' id='word_1_169' title='bbox 1784 2026 1875 2081; x_wconf 86' lang='grc' dir='ltr'><em>καὶ</em></span> 
     </span>
     <span class='ocr_line' id='line_1_25' title="bbox 257 2102 1876 2181; baseline 0.003 -20"><span class='ocrx_word' id='word_1_170' title='bbox 257 2102 519 2179; x_wconf 75' lang='grc' dir='ltr'><em>“κυ’ριον,</em></span> <span class='ocrx_word' id='word_1_171' title='bbox 565 2109 656 2163; x_wconf 89' lang='grc' dir='ltr'><em>καὶ</em></span> <span class='ocrx_word' id='word_1_172' title='bbox 697 2105 797 2164; x_wconf 85' lang='grc' dir='ltr'><em>τὸν</em></span> <span class='ocrx_word' id='word_1_173' title='bbox 838 2108 991 2180; x_wconf 75' lang='grc' dir='ltr'><em>ἱερὸν</em></span> <span class='ocrx_word' id='word_1_174' title='bbox 1022 2107 1316 2181; x_wconf 81' lang='grc' dir='ltr'><em>Κλήμεντά</em></span> <span class='ocrx_word' id='word_1_175' title='bbox 1358 2106 1553 2180; x_wconf 79' lang='grc' dir='ltr'><em>κύριόν</em></span> <span class='ocrx_word' id='word_1_176' title='bbox 1582 2131 1690 2180; x_wconf 89' lang='grc' dir='ltr'><em>μου</em></span> <span class='ocrx_word' id='word_1_177' title='bbox 1720 2107 1876 2180; x_wconf 83' lang='grc' dir='ltr'><em>γενό·</em></span> 
     </span>
     <span class='ocr_line' id='line_1_26' title="bbox 199 2187 1872 2266; baseline 0.002 -19"><span class='ocrx_word' id='word_1_178' title='bbox 199 2207 240 2237; x_wconf 76' lang='lat'><em>25</em></span> <span class='ocrx_word' id='word_1_179' title='bbox 258 2189 465 2263; x_wconf 57' lang='lat' dir='ltr'><em>“usvov</em></span> <span class='ocrx_word' id='word_1_180' title='bbox 489 2193 580 2247; x_wconf 86' lang='grc' dir='ltr'><em>καὶ</em></span> <span class='ocrx_word' id='word_1_181' title='bbox 605 2187 970 2263; x_wconf 72' lang='grc' dir='ltr'><em>ὠφελήσαντα</em></span> <span class='ocrx_word' id='word_1_182' title='bbox 991 2215 1079 2265; x_wconf 91' lang='grc' dir='ltr'><em>με,</em></span> <span class='ocrx_word' id='word_1_183' title='bbox 1112 2193 1203 2248; x_wconf 86' lang='grc' dir='ltr'><em>καὶ</em></span> <span class='ocrx_word' id='word_1_184' title='bbox 1230 2201 1379 2258; x_wconf 78' lang='grc' dir='ltr'><em>εἴτις</em></span> <span class='ocrx_word' id='word_1_185' title='bbox 1405 2194 1587 2266; x_wconf 80' lang='grc' dir='ltr'><em>ἕτερος</em></span> <span class='ocrx_word' id='word_1_186' title='bbox 1611 2195 1872 2264; x_wconf 84' lang='grc' dir='ltr'><em>τοιοῦτος,</em></span> 
     </span>
     <span class='ocr_line' id='line_1_27' title="bbox 253 2265 1874 2349; baseline 0.002 -19"><span class='ocrx_word' id='word_1_187' title='bbox 253 2269 371 2331; x_wconf 76' lang='grc' dir='ltr'><em>“δι’</em></span> <span class='ocrx_word' id='word_1_188' title='bbox 417 2265 495 2330; x_wconf 72' lang='grc' dir='ltr'><em>ὦν</em></span> <span class='ocrx_word' id='word_1_189' title='bbox 547 2296 609 2331; x_wconf 92' lang='grc' dir='ltr'><em>σε</em></span> <span class='ocrx_word' id='word_1_190' title='bbox 661 2273 934 2346; x_wconf 76' lang='grc' dir='ltr'><em>ἐγνώρισα</em></span> <span class='ocrx_word' id='word_1_191' title='bbox 978 2273 1076 2332; x_wconf 87' lang='grc' dir='ltr'><em>τὸν</em></span> <span class='ocrx_word' id='word_1_192' title='bbox 1116 2275 1252 2333; x_wconf 82' lang='grc' dir='ltr'><em>κατὰ</em></span> <span class='ocrx_word' id='word_1_193' title='bbox 1292 2274 1473 2333; x_wconf 90' lang='grc' dir='ltr'><em>πάντα</em></span> <span class='ocrx_word' id='word_1_194' title='bbox 1514 2273 1742 2349; x_wconf 71' lang='grc' dir='ltr'><em>ἄριστον</em></span> <span class='ocrx_word' id='word_1_195' title='bbox 1781 2278 1874 2334; x_wconf 82' lang='grc' dir='ltr'><em>καὶ</em></span> 
     </span>
     <span class='ocr_line' id='line_1_28' title="bbox 255 2354 1875 2434; baseline 0.003 -20"><span class='ocrx_word' id='word_1_196' title='bbox 255 2354 488 2431; x_wconf 79' lang='grc' dir='ltr'><em>“κυ’ριόν</em></span> <span class='ocrx_word' id='word_1_197' title='bbox 525 2382 632 2431; x_wconf 87' lang='grc' dir='ltr'><em>μου</em></span> <span class='ocrx_word' id='word_1_198' title='bbox 672 2361 763 2415; x_wconf 86' lang='grc' dir='ltr'><em>καὶ</em></span> <span class='ocrx_word' id='word_1_199' title='bbox 805 2356 1097 2432; x_wconf 82' lang='grc' dir='ltr'><em>άδελφόν.”</em></span> <span class='ocrx_word' id='word_1_200' title='bbox 1168 2365 1246 2416; x_wconf 85' lang='grc'><em>10.</em></span> <span class='ocrx_word' id='word_1_201' title='bbox 1281 2362 1372 2417; x_wconf 87' lang='grc' dir='ltr'><em>καὶ</em></span> <span class='ocrx_word' id='word_1_202' title='bbox 1414 2363 1585 2418; x_wconf 80' lang='grc' dir='ltr'><em>ταῦτα</em></span> <span class='ocrx_word' id='word_1_203' title='bbox 1624 2361 1727 2434; x_wconf 78' lang='grc' dir='ltr'><em>μὲν</em></span> <span class='ocrx_word' id='word_1_204' title='bbox 1766 2385 1875 2419; x_wconf 86' lang='grc' dir='ltr'><em>τοι·</em></span> 
     </span>
     <span class='ocr_line' id='line_1_29' title="bbox 263 2436 1875 2520; baseline 0.002 -21"><span class='ocrx_word' id='word_1_205' title='bbox 263 2445 415 2499; x_wconf 78' lang='grc' dir='ltr'><em>αὐτα.</em></span> <span class='ocrx_word' id='word_1_206' title='bbox 492 2441 520 2499; x_wconf 83' lang='grc' dir='ltr'>ὁ</span> <span class='ocrx_word' id='word_1_207' title='bbox 562 2443 750 2516; x_wconf 86' lang='grc' dir='ltr'><em>μέντοι</em></span> <span class='ocrx_word' id='word_1_208' title='bbox 773 2442 1131 2517; x_wconf 88' lang='grc' dir='ltr'><em>Ἀδαμάντιος</em></span> <span class='ocrx_word' id='word_1_209' title='bbox 1146 2489 1160 2517; x_wconf 90' lang='grc'><em>,</em></span> <span class='ocrx_word' id='word_1_210' title='bbox 1204 2446 1297 2500; x_wconf 85' lang='grc' dir='ltr'><em>καὶ</em></span> <span class='ocrx_word' id='word_1_211' title='bbox 1338 2449 1499 2502; x_wconf 87' lang='grc' dir='ltr'><em>τοῦτο</em></span> <span class='ocrx_word' id='word_1_212' title='bbox 1542 2443 1647 2518; x_wconf 73' lang='grc' dir='ltr'><em>’γὰρ</em></span> <span class='ocrx_word' id='word_1_213' title='bbox 1689 2436 1760 2518; x_wconf 81' lang='grc' dir='ltr'><em>ἦν</em></span> <span class='ocrx_word' id='word_1_214' title='bbox 1797 2447 1875 2520; x_wconf 76' lang='grc' dir='ltr'><em>τῷ</em></span> 
     </span>
     <span class='ocr_line' id='line_1_30' title="bbox 256 2523 1875 2602; baseline 0.001 -18"><span class='ocrx_word' id='word_1_215' title='bbox 256 2523 526 2599; x_wconf 76' lang='grc' dir='ltr'><em>Ὠριγένει</em></span> <span class='ocrx_word' id='word_1_216' title='bbox 568 2525 770 2600; x_wconf 80' lang='grc' dir='ltr'><em>ὄνομα,</em></span> <span class='ocrx_word' id='word_1_217' title='bbox 814 2535 1132 2602; x_wconf 83' lang='grc' dir='ltr'><em>Ζεφυρίνου</em></span> <span class='ocrx_word' id='word_1_218' title='bbox 1176 2526 1313 2586; x_wconf 70' lang='grc' dir='ltr'><em>κατὰ</em></span> <span class='ocrx_word' id='word_1_219' title='bbox 1351 2528 1553 2587; x_wconf 80' lang='grc' dir='ltr'><em>τούσδε</em></span> <span class='ocrx_word' id='word_1_220' title='bbox 1586 2528 1714 2594; x_wconf 81' lang='grc' dir='ltr'><em>τούς</em></span> <span class='ocrx_word' id='word_1_221' title='bbox 1743 2527 1875 2602; x_wconf 88' lang='grc' dir='ltr'><em>χρό-</em></span> 
     </span>
     <span class='ocr_line' id='line_1_31' title="bbox 199 2610 1875 2686; baseline 0 -18"><span class='ocrx_word' id='word_1_222' title='bbox 199 2627 241 2660; x_wconf 84' lang='grc'><em>30</em></span> <span class='ocrx_word' id='word_1_223' title='bbox 263 2635 396 2677; x_wconf 90' lang='grc' dir='ltr'><em>νους</em></span> <span class='ocrx_word' id='word_1_224' title='bbox 435 2615 529 2683; x_wconf 86' lang='grc' dir='ltr'><em>τῆς</em></span> <span class='ocrx_word' id='word_1_225' title='bbox 551 2610 833 2685; x_wconf 87' lang='grc' dir='ltr'><em>Ῥωμαίων</em></span> <span class='ocrx_word' id='word_1_226' title='bbox 877 2616 1165 2686; x_wconf 87' lang='grc' dir='ltr'><em>ἐκκλησίας</em></span> <span class='ocrx_word' id='word_1_227' title='bbox 1197 2611 1510 2686; x_wconf 80' lang='grc' dir='ltr'><em>ἡγουμένου</em></span> <span class='ocrx_word' id='word_1_228' title='bbox 1543 2616 1875 2686; x_wconf 83' lang='grc' dir='ltr'><em>ἐπιδημῆσαι</em></span> 
     </span>
     <span class='ocr_line' id='line_1_32' title="bbox 263 2693 1874 2771; baseline 0.001 -19"><span class='ocrx_word' id='word_1_229' title='bbox 263 2701 328 2769; x_wconf 83' lang='grc' dir='ltr'><em>τῇ</em></span> <span class='ocrx_word' id='word_1_230' title='bbox 351 2694 557 2770; x_wconf 76' lang='grc' dir='ltr'><em>Ῥώμῃ,</em></span> <span class='ocrx_word' id='word_1_231' title='bbox 600 2698 691 2753; x_wconf 91' lang='grc' dir='ltr'><em>καὶ</em></span> <span class='ocrx_word' id='word_1_232' title='bbox 732 2694 893 2762; x_wconf 76' lang='grc' dir='ltr'><em>αὐτός</em></span> <span class='ocrx_word' id='word_1_233' title='bbox 933 2720 1041 2754; x_wconf 94' lang='grc' dir='ltr'><em>που</em></span> <span class='ocrx_word' id='word_1_234' title='bbox 1083 2697 1285 2771; x_wconf 84' lang='grc' dir='ltr'><em>γράφει</em></span> <span class='ocrx_word' id='word_1_235' title='bbox 1328 2701 1504 2770; x_wconf 89' lang='grc' dir='ltr'><em>λέγων</em></span> <span class='ocrx_word' id='word_1_236' title='bbox 1540 2693 1874 2770; x_wconf 80' lang='grc' dir='ltr'><em>“εὐξάμενος</em></span> 
     </span>
     <span class='ocr_line' id='line_1_33' title="bbox 264 2777 1874 2855; baseline 0.001 -18"><span class='ocrx_word' id='word_1_237' title='bbox 264 2780 367 2853; x_wconf 82' lang='grc' dir='ltr'><em>τὴν</em></span> <span class='ocrx_word' id='word_1_238' title='bbox 418 2779 783 2854; x_wconf 79' lang='grc' dir='ltr'><em>ἀρχαιοτάτην</em></span> <span class='ocrx_word' id='word_1_239' title='bbox 816 2777 1098 2855; x_wconf 81' lang='grc' dir='ltr'><em>Ῥωμαίων</em></span> <span class='ocrx_word' id='word_1_240' title='bbox 1145 2785 1442 2854; x_wconf 87' lang='grc' dir='ltr'><em>ἐκκλησίαν</em></span> <span class='ocrx_word' id='word_1_241' title='bbox 1484 2780 1680 2855; x_wconf 80' lang='grc' dir='ltr'><em>ἰδεῑν”,</em></span> <span class='ocrx_word' id='word_1_242' title='bbox 1733 2789 1874 2839; x_wconf 85' lang='grc' dir='ltr'><em>ἔνθα</em></span> 
     </span>
    </p>
   </div>
  </div>
 </body>
</html>
