1986 3152
544 114 704 158 ffls‘r.
735 114 986 157 ECCLES.
1018 115 1142 157 V111.
1175 118 1214 158 9.
1248 118 1314 160 10.
1635 114 1736 167 361

129 233 224 288 καὶ
253 233 492 304 γέλωτος
523 232 616 287 καὶ
646 228 1004 306 εὐφροσύνης
1045 231 1148 304 τὴν
1178 230 1424 304 ὑστάτην
1454 231 1739 305 ἀπόφασιν

128 321 232 373 τοῦ
261 315 518 372 θανάτου
554 316 1016 389 καταδεχόμενοι,
1063 315 1204 372 ὥστε
1234 314 1469 384 ψάλλειν
1500 318 1594 372 καὶ
1623 315 1734 390 ῦμ-

127 423 265 466 νους
295 401 388 455 καὶ
419 398 772 475 εὐχαριστίας
817 405 894 467 εἰς
925 400 1026 457 τὸν
1055 405 1170 456 τῶν
1201 400 1349 457 ὅλων
1378 400 1523 458 θεὸν
1552 402 1738 475 μέχρις

127 482 304 556 αὐτῆς
337 484 565 558 ἐσχάτης
596 481 944 557 άναπέμπειν
974 483 1277 557 ἀναπνοῆς.
1339 489 1387 541 6.
1433 485 1739 558 θαυμάσιοι

126 568 231 641 μὲν
261 571 368 625 οὐν
397 569 492 624 καὶ
522 592 705 641 ουτοι,
750 571 1036 642 ἐξαιρέτως
1077 569 1140 624 δὲ
1172 571 1372 626 ἐκεῖνοι
1401 569 1736 642 θαυμασιώ-
1760 584 1780 616 5

128 675 303 726 τεροι,
350 657 408 709 οἱ
446 652 671 709 πλούτω
701 677 807 726 μεν
837 654 932 708 καὶ
964 651 1222 728 εὐγενεία
1252 654 1345 710 καὶ
1376 653 1540 727 δόξῃ,
1586 653 1736 730 λόγῳ

90 748 99 760 “
128 760 187 794 τε
216 738 309 792 καὶ
340 711 647 811 φιλοσοφίά
678 738 1113 810 διαπρέψαντες,
1155 737 1337 793 πάντα
1367 761 1431 808 γε
1460 738 1572 810 μὴν
1603 738 1737 794 δεύ-

127 844 258 895 τερα
286 822 514 893 θέμενοι
543 825 642 891 τῆς
672 819 928 892 αληθοῦς
960 819 1246 892 εὐσεβείας
1275 823 1371 875 καὶ
1399 827 1497 892 τῆς
1530 827 1608 887 είς
1638 821 1736 877 τὸν

126 908 351 1010 σωτῆρα
392 905 487 959 καὶ
516 902 716 977 κύριον
738 902 920 1006 n‚75514213‘11
944 903 1165 975 Ἰησοῦν
1196 904 1443 978 Χριστὸν
1474 912 1735 970 πίστεως

130 993 174 1045 7.
218 994 335 1054 οἱος
369 987 694 1061 Φιλόρωμος
723 991 827 1060 ῆν,
860 986 1038 1062 άρχήν
1066 1011 1190 1044 τινα
1221 986 1289 1045 οὐ
1320 988 1424 1060 τὴν
1453 994 1738 1061 τυχοῦσαν
1764 1007 1803 1037 10

123 1077 222 1145 τῆς
262 1071 386 1128 κατ’
427 1068 848 1146 Ἀλεξάνδρειαν
887 1078 1174 1145 βασιλικῆς
1216 1073 1538 1144 διοικήσεως
1581 1075 1732 1144 ἐγκε-

125 1158 491 1232 χειρισμένος,
524 1155 585 1222 ὃς
615 1157 752 1229 μετα
784 1161 888 1213 τοῦ
919 1155 1228 1229 ἀξιώματος
1259 1158 1352 1213 καὶ
1382 1163 1479 1229 τῆς
1503 1155 1738 1230 Ῥωμαϊ-

124 1246 225 1313 κῆς
254 1243 414 1314 τιμῆς
443 1239 557 1297 ὑπὸ
592 1241 948 1316 στρατιώταις
981 1241 1476 1316 δορυφορούμενος
1509 1242 1738 1313 ἑκάστης

126 1323 450 1399 ἀνεκρίνετο
480 1323 715 1399 ἡμέρας·
768 1327 969 1391 Φιλέας
999 1348 1058 1381 τε
1086 1331 1183 1397 τῆς
1210 1331 1509 1398 Θμουϊτῶν
1541 1329 1738 1397 ἐκκλη-

126 1417 252 1476 σίας
306 1412 634 1482 ἐπίσκοπος,
712 1411 1022 1484 διαπρέψας
1075 1407 1218 1483 άνῆρ
1270 1423 1390 1475 ταῖς
1442 1409 1581 1466 κατὰ
1631 1409 1738 1482 τήν
1762 1427 1801 1459 15

129 1498 373 1568 πατρίδα
414 1500 713 1560 πολιτείαις
756 1517 815 1550 τε
854 1495 948 1550 καὶ
987 1500 1384 1568 λειτουργίαις,
1426 1499 1488 1551 ἔν
1526 1517 1585 1550 τε
1624 1507 1739 1560 τοῖς

126 1578 266 1635 κατά
306 1584 647 1651 φιλοσοφίαν
688 1578 898 1650 λόγοις·
982 1582 1029 1634 8.
1087 1584 1147 1634 οἳ
1191 1580 1284 1634 καὶ
1323 1585 1544 1653 μυρίων
1589 1578 1739 1636 ὅσων

125 1662 267 1738 πρὸς
298 1663 527 1736 αἵματός
556 1686 615 1720 τε
644 1664 740 1718 καὶ
768 1665 884 1719 τῶν
916 1661 1104 1718 ἄλλων
1150 1668 1336 1734 φίλων
1367 1661 1738 1735 ἀντιβολοῦν-

124 1770 267 1819 των,
311 1753 388 1804 ἔτι
417 1746 530 1820 μὴν
559 1752 674 1804 τῶν
706 1746 791 1803 ἐπ’
828 1746 984 1814 ἀξίας
1016 1745 1333 1821 ἀρχόντων,
1377 1747 1519 1821 πρὸς
1552 1748 1613 1804 δὲ
1644 1749 1738 1802 καὶ

127 1830 306 1888 αὐτοῦ
333 1837 439 1888 τοῦ
482 1835 747 1888 δικαστοῦ
779 1836 1270 1905 παρακαλοῦντος,
1319 1830 1393 1898 ὡς
1435 1827 1507 1888 ἂν
1549 1829 1739 1887 αὐτῶν
1761 1847 1801 1879 20

127 1914 316 1972 οἶκτον
347 1916 598 1988 λάβοιεν,
630 1917 805 1988 φειδώ
835 1939 895 1972 τε
924 1912 1145 1972 παίδων
1172 1917 1265 1972 καὶ
1296 1920 1582 1986 γυναικῶν
1612 1936 1738 1971 ποι-

125 2001 383 2072 ήσαιντο,
430 1999 694 2073 οὐδαμῶς
726 1999 866 2074 πρὸς
896 2005 1010 2055 τῶν
1039 2000 1324 2056 τοσούτων
1357 2002 1448 2056 ἐπὶ
1478 1999 1539 2056 τὸ
1573 2007 1738 2072 φιλο-

125 2089 329 2157 ζωῆσαι
379 2085 484 2156 μὲν
540 2087 796 2155 ἑλέσθαι,
861 2089 1281 2158 καταφρονῆσαι
1333 2084 1395 2140 δὲ
1446 2089 1559 2140 τῶν
1611 2085 1739 2156 περὶ

126 2167 426 2242 ὁμολογίας
455 2170 550 2225 καὶ
580 2167 870 2242 ἀρνήσεως
899 2173 1001 2224 τοῦ
1035 2173 1283 2242 σωτῆρος
1314 2167 1476 2242 ἡμῶν
1506 2173 1738 2240 θεσμῶν

124 2251 498 2325 ὑπήχθησαν,
562 2251 806 2330 ἀνδρείῳ
860 2253 922 2309 δὲ
976 2258 1223 2330 λογισμῷ
1275 2255 1368 2309 καὶ
1426 2252 1736 2329 φιλοσόφῳ,
1760 2267 1800 2298 25

125 2342 341 2409 μᾶλλον
382 2338 444 2393 δὲ
486 2335 711 2409 εὐσεβεῖ
746 2339 841 2393 καὶ
882 2339 1129 2415 φιλοθέῳ
1162 2343 1345 2412 ψυχῇ,
1387 2337 1528 2412 πρὸς
1559 2337 1738 2402 πάσας

127 2425 228 2477 τοῦ
261 2425 526 2477 δικαστοῦ
557 2422 654 2487 τάς
683 2444 743 2477 τε
773 2419 1007 2487 ἀπειλάς
1038 2424 1132 2478 καὶ
1155 2421 1252 2487 τοὶς
1282 2421 1474 2495 ὕβρεις
1508 2421 1738 2478 ἐνστάν-

125 2528 242 2578 τες,
276 2505 444 2578 ἄμφω
474 2505 572 2571 τὰς
602 2505 850 2578 κεφαλάς
882 2503 1300 2579 ἀπετμήθησαν.

266 2600 325 2649 Χ.
405 2599 534 2666 [Nic.
575 2601 635 2650 H.
675 2600 728 2649 E.
770 2601 879 2657 VII,
920 2599 978 2668 9]
1060 2588 1208 2648 Ἐπεὶ
1241 2591 1303 2647 δὲ
1332 2593 1426 2647 καὶ
1455 2596 1570 2646 τῶν
1602 2592 1739 2656 ἔξω-

125 2681 246 2730 θεν·
262 2674 609 2747 μαθημάτων
642 2677 806 2730 ἕνεκα
838 2679 1053 2731 πολλοῦ
1084 2675 1256 2746 λόγου
1291 2674 1445 2743 ἄξιον
1474 2676 1739 2745 γενέσθαι
1760 2686 1801 2718 30

125 2757 225 2814 τὸν
268 2760 475 2816 Φιλέαν
522 2764 763 2831 ἔφαμεν,
807 2757 980 2825 αὐτὸς
1015 2761 1217 2815 ἑαυτοῦ
1248 2766 1462 2833 παρίτω
1504 2757 1735 2829 μάρτυς,

64 2855 75 2862 ’
129 2841 244 2916 ἅμα
283 2843 388 2916 μὲν
433 2843 635 2900 ἑαυτὸν
674 2843 821 2910 ὅστις
852 2841 975 2899 ποτ’
1021 2838 1095 2915 ῆν
1140 2845 1461 2914 ἐπιδείξων,
1516 2840 1628 2912 ἅμα
1673 2839 1735 2895 δὲ
