<?xml version="1.0" encoding="UTF-8"?>
<!DOCTYPE html PUBLIC "-//W3C//DTD XHTML 1.0 Transitional//EN"
    "http://www.w3.org/TR/xhtml1/DTD/xhtml1-transitional.dtd">
<html xmlns="http://www.w3.org/1999/xhtml" xml:lang="en" lang="en">
 <head>
  <title>
</title>
<meta http-equiv="Content-Type" content="text/html;charset=utf-8" />
  <meta name='ocr-system' content='tesseract 3.04.00' />
  <meta name='ocr-capabilities' content='ocr_page ocr_carea ocr_par ocr_line ocrx_word'/>
</head>
<body>
  <div class='ocr_page' id='page_1' title='image "./operaeusebius04euseuoft_0326.png"; bbox 0 0 1986 3152; ppageno 0'>
   <div class='ocr_carea' id='block_1_1' title="bbox 262 126 1206 182">
    <p class='ocr_par' dir='ltr' id='par_1_1' title="bbox 262 126 1206 182">
     <span class='ocr_line' id='line_1_1' title="bbox 262 126 1206 182; baseline 0 -16"><span class='ocrx_word' id='word_1_1' title='bbox 262 131 363 182; x_wconf 71' lang='lat' dir='ltr'><em>25ss</em></span> <span class='ocrx_word' id='word_1_2' title='bbox 963 126 1206 167; x_wconf 81' lang='lat' dir='ltr'>EUSEBII</span> 
     </span>
    </p>
   </div>
   <div class='ocr_carea' id='block_1_2' title="bbox 198 233 1874 1409">
    <p class='ocr_par' dir='ltr' id='par_1_2' title="bbox 198 233 1874 1409">
     <span class='ocr_line' id='line_1_2' title="bbox 260 233 1868 315; baseline -0.002 -12"><span class='ocrx_word' id='word_1_3' title='bbox 260 252 481 309; x_wconf 89' lang='grc' dir='ltr'><em>πλείους</em></span> <span class='ocrx_word' id='word_1_4' title='bbox 535 241 706 314; x_wconf 77' lang='grc' dir='ltr'><em>λόγιοι</em></span> <span class='ocrx_word' id='word_1_5' title='bbox 749 243 840 297; x_wconf 89' lang='grc' dir='ltr'><em>καὶ</em></span> <span class='ocrx_word' id='word_1_6' title='bbox 882 242 1322 312; x_wconf 86' lang='grc' dir='ltr'><em>ἐκκλησιαστικοὶ</em></span> <span class='ocrx_word' id='word_1_7' title='bbox 1369 238 1597 315; x_wconf 72' lang='grc' dir='ltr'><em>ἄνδρες,</em></span> <span class='ocrx_word' id='word_1_8' title='bbox 1655 233 1734 299; x_wconf 75' lang='grc' dir='ltr'><em>ὦν</em></span> <span class='ocrx_word' id='word_1_9' title='bbox 1777 243 1868 300; x_wconf 80' lang='grc' dir='ltr'><em>καὶ</em></span> 
     </span>
     <span class='ocr_line' id='line_1_3' title="bbox 263 323 1870 399; baseline -0.001 -13"><span class='ocrx_word' id='word_1_10' title='bbox 263 325 548 392; x_wconf 79' lang='grc' dir='ltr'><em>ἐπιστολὰς</em></span> <span class='ocrx_word' id='word_1_11' title='bbox 600 324 665 392; x_wconf 72' lang='grc' dir='ltr'><em>ἃς</em></span> <span class='ocrx_word' id='word_1_12' title='bbox 718 323 853 398; x_wconf 80' lang='grc' dir='ltr'><em>πρὸς</em></span> <span class='ocrx_word' id='word_1_13' title='bbox 905 323 1180 396; x_wconf 79' lang='grc' dir='ltr'><em>ἀλλήλους</em></span> <span class='ocrx_word' id='word_1_14' title='bbox 1235 323 1590 399; x_wconf 73' lang='grc' dir='ltr'><em>διεχοὲραττον</em></span> <span class='ocrx_word' id='word_1_15' title='bbox 1640 332 1718 383; x_wconf 84' lang='grc' dir='ltr'><em>ἔτι</em></span> <span class='ocrx_word' id='word_1_16' title='bbox 1763 330 1870 384; x_wconf 85' lang='grc' dir='ltr'><em>νῦν</em></span> 
     </span>
     <span class='ocr_line' id='line_1_4' title="bbox 262 405 1870 485; baseline -0.002 -15"><span class='ocrx_word' id='word_1_17' title='bbox 262 413 568 485; x_wconf 79' lang='grc' dir='ltr'><em>σωζομένοις</em></span> <span class='ocrx_word' id='word_1_18' title='bbox 612 405 799 482; x_wconf 77' lang='grc' dir='ltr'><em>εὑρεῖν</em></span> <span class='ocrx_word' id='word_1_19' title='bbox 841 406 1108 482; x_wconf 74' lang='grc' dir='ltr'><em>εὔπορον,</em></span> <span class='ocrx_word' id='word_1_20' title='bbox 1153 416 1212 465; x_wconf 84' lang='grc' dir='ltr'><em>αἵ</em></span> <span class='ocrx_word' id='word_1_21' title='bbox 1251 410 1343 465; x_wconf 85' lang='grc' dir='ltr'><em>καὶ</em></span> <span class='ocrx_word' id='word_1_22' title='bbox 1383 415 1460 476; x_wconf 88' lang='grc' dir='ltr'><em>είς</em></span> <span class='ocrx_word' id='word_1_23' title='bbox 1491 406 1632 483; x_wconf 79' lang='grc' dir='ltr'><em>ἡμᾶς</em></span> <span class='ocrx_word' id='word_1_24' title='bbox 1664 409 1870 482; x_wconf 77' lang='grc' dir='ltr'><em>ἐφυλά·</em></span> 
     </span>
     <span class='ocr_line' id='line_1_5' title="bbox 260 491 1871 570; baseline -0.001 -17"><span class='ocrx_word' id='word_1_25' title='bbox 260 507 480 570; x_wconf 81' lang='grc' dir='ltr'><em>χθησαν</em></span> <span class='ocrx_word' id='word_1_26' title='bbox 532 498 591 550; x_wconf 89' lang='grc' dir='ltr'><em>ἐν</em></span> <span class='ocrx_word' id='word_1_27' title='bbox 645 496 712 566; x_wconf 82' lang='grc' dir='ltr'><em>τῇ</em></span> <span class='ocrx_word' id='word_1_28' title='bbox 754 493 889 550; x_wconf 80' lang='grc' dir='ltr'><em>κατὰ</em></span> <span class='ocrx_word' id='word_1_29' title='bbox 933 499 1137 551; x_wconf 81' lang='grc' dir='ltr'><em>Αἰλίαν</em></span> <span class='ocrx_word' id='word_1_30' title='bbox 1180 491 1545 568; x_wconf 77' lang='grc' dir='ltr'><em>βιβλιοθήκῃ,</em></span> <span class='ocrx_word' id='word_1_31' title='bbox 1596 494 1731 566; x_wconf 87' lang='grc' dir='ltr'><em>πρὸς</em></span> <span class='ocrx_word' id='word_1_32' title='bbox 1770 497 1871 552; x_wconf 80' lang='grc' dir='ltr'><em>τοῦ</em></span> 
     </span>
     <span class='ocr_line' id='line_1_6' title="bbox 215 574 1871 653; baseline -0.002 -14"><span class='ocrx_word' id='word_1_33' title='bbox 215 581 518 653; x_wconf 78' lang='grc' dir='ltr'><em>5τηνικάδε</em></span> <span class='ocrx_word' id='word_1_34' title='bbox 571 576 671 652; x_wconf 78' lang='grc' dir='ltr'><em>τὴν</em></span> <span class='ocrx_word' id='word_1_35' title='bbox 712 575 912 635; x_wconf 80' lang='grc' dir='ltr'><strong><em>αὐτόθι</em></strong></span> <span class='ocrx_word' id='word_1_36' title='bbox 956 580 1242 643; x_wconf 78' lang='grc' dir='ltr'><em>διέποντος</em></span> <span class='ocrx_word' id='word_1_37' title='bbox 1287 581 1583 649; x_wconf 83' lang='grc' dir='ltr'><em>ἐκκλησίαν</em></span> <span class='ocrx_word' id='word_1_38' title='bbox 1619 574 1871 646; x_wconf 79' lang='grc' dir='ltr'><em>Ἀλεξάν-</em></span> 
     </span>
     <span class='ocr_line' id='line_1_7' title="bbox 260 653 1869 738; baseline -0.001 -17"><span class='ocrx_word' id='word_1_39' title='bbox 260 671 397 738; x_wconf 91' lang='grc' dir='ltr'><em>δρου</em></span> <span class='ocrx_word' id='word_1_40' title='bbox 431 667 916 736; x_wconf 80' lang='grc' dir='ltr'><em>ἐπισκευασθείσῃ,</em></span> <span class='ocrx_word' id='word_1_41' title='bbox 950 658 1050 735; x_wconf 77' lang='grc' dir='ltr'><em>ἀφ’</em></span> <span class='ocrx_word' id='word_1_42' title='bbox 1078 653 1141 734; x_wconf 81' lang='grc' dir='ltr'><em>ἧς</em></span> <span class='ocrx_word' id='word_1_43' title='bbox 1173 664 1264 717; x_wconf 89' lang='grc' dir='ltr'><em>καὶ</em></span> <span class='ocrx_word' id='word_1_44' title='bbox 1295 660 1452 718; x_wconf 84' lang='grc' dir='ltr'><em>αὐτοὶ</em></span> <span class='ocrx_word' id='word_1_45' title='bbox 1482 659 1578 728; x_wconf 78' lang='grc' dir='ltr'><em>τας</em></span> <span class='ocrx_word' id='word_1_46' title='bbox 1607 659 1744 728; x_wconf 76' lang='grc' dir='ltr'><em>ὕλας</em></span> <span class='ocrx_word' id='word_1_47' title='bbox 1773 666 1869 734; x_wconf 84' lang='grc' dir='ltr'><em>τῆς</em></span> 
     </span>
     <span class='ocr_line' id='line_1_8' title="bbox 259 743 1872 821; baseline -0.001 -16"><span class='ocrx_word' id='word_1_48' title='bbox 259 746 392 821; x_wconf 75' lang='grc' dir='ltr'><em>μετὰ</em></span> <span class='ocrx_word' id='word_1_49' title='bbox 435 761 619 820; x_wconf 89' lang='grc' dir='ltr'><em>χεῖρας</em></span> <span class='ocrx_word' id='word_1_50' title='bbox 660 746 982 812; x_wconf 80' lang='grc' dir='ltr'><em>ὑποθέσεως</em></span> <span class='ocrx_word' id='word_1_51' title='bbox 1015 749 1102 803; x_wconf 84' lang='grc' dir='ltr'><em>ἐπὶ</em></span> <span class='ocrx_word' id='word_1_52' title='bbox 1134 743 1300 802; x_wconf 81' lang='grc' dir='ltr'><em>ταύτὸ</em></span> <span class='ocrx_word' id='word_1_53' title='bbox 1332 760 1670 818; x_wconf 79' lang='grc' dir='ltr'><em>συναγαγεῖν</em></span> <span class='ocrx_word' id='word_1_54' title='bbox 1703 751 1872 804; x_wconf 90' lang='grc' dir='ltr'><em>δεδυ-</em></span> 
     </span>
     <span class='ocr_line' id='line_1_9' title="bbox 261 828 1869 905; baseline -0.002 -14"><span class='ocrx_word' id='word_1_55' title='bbox 261 833 494 905; x_wconf 79' lang='grc' dir='ltr'><em>νήμεθα.</em></span> <span class='ocrx_word' id='word_1_56' title='bbox 576 836 623 887; x_wconf 78' lang='grc'><em>2.</em></span> <span class='ocrx_word' id='word_1_57' title='bbox 680 829 893 888; x_wconf 83' lang='grc' dir='ltr'><em>τούτων</em></span> <span class='ocrx_word' id='word_1_58' title='bbox 934 828 1218 904; x_wconf 78' lang='grc' dir='ltr'><em>Βήρυλλος</em></span> <span class='ocrx_word' id='word_1_59' title='bbox 1271 848 1377 886; x_wconf 88' lang='grc' dir='ltr'><em>συν</em></span> <span class='ocrx_word' id='word_1_60' title='bbox 1432 835 1741 896; x_wconf 80' lang='grc' dir='ltr'><em>ἐπιστολαῖς</em></span> <span class='ocrx_word' id='word_1_61' title='bbox 1781 833 1869 887; x_wconf 84' lang='grc' dir='ltr'><em>καὶ</em></span> 
     </span>
     <span class='ocr_line' id='line_1_10' title="bbox 261 914 1868 1015; baseline -0.002 -41"><span class='ocrx_word' id='word_1_62' title='bbox 261 932 651 989; x_wconf 84' lang='grc' dir='ltr'><em>συγγραμμασι</em></span> <span class='ocrx_word' id='word_1_63' title='bbox 720 914 1021 1015; x_wconf 81' lang='grc' dir='ltr'><em>διαφόρους</em></span> <span class='ocrx_word' id='word_1_64' title='bbox 1080 921 1404 987; x_wconf 84' lang='grc' dir='ltr'><em>φιλοκαλίας</em></span> <span class='ocrx_word' id='word_1_65' title='bbox 1463 917 1868 972; x_wconf 87' lang='grc' dir='ltr'><em>καταλέλοιπεν.</em></span> 
     </span>
     <span class='ocr_line' id='line_1_11' title="bbox 198 997 1868 1073; baseline -0.001 -15"><span class='ocrx_word' id='word_1_66' title='bbox 198 1028 238 1058; x_wconf 89' lang='lat'><em>10</em></span> <span class='ocrx_word' id='word_1_67' title='bbox 264 1005 556 1067; x_wconf 86' lang='grc' dir='ltr'><em>ἐπίσκοπος</em></span> <span class='ocrx_word' id='word_1_68' title='bbox 601 997 648 1055; x_wconf 85' lang='grc' dir='ltr'><em>δ’</em></span> <span class='ocrx_word' id='word_1_69' title='bbox 687 999 844 1064; x_wconf 78' lang='grc' dir='ltr'><em>οὗτος</em></span> <span class='ocrx_word' id='word_1_70' title='bbox 886 1000 956 1071; x_wconf 82' lang='grc' dir='ltr'><em>ἠν</em></span> <span class='ocrx_word' id='word_1_71' title='bbox 995 1002 1107 1056; x_wconf 69' lang='grc' dir='ltr'><em>τῶν</em></span> <span class='ocrx_word' id='word_1_72' title='bbox 1147 1023 1284 1055; x_wconf 85' lang='grc' dir='ltr'><em>κατα</em></span> <span class='ocrx_word' id='word_1_73' title='bbox 1323 999 1568 1073; x_wconf 86' lang='grc' dir='ltr'><em>Βόστραν</em></span> <span class='ocrx_word' id='word_1_74' title='bbox 1591 997 1868 1072; x_wconf 83' lang='grc' dir='ltr'><em>Ἀραβων</em></span> 
     </span>
     <span class='ocr_line' id='line_1_12' title="bbox 261 1079 1872 1155; baseline -0.001 -14"><span class='ocrx_word' id='word_1_75' title='bbox 261 1084 522 1149; x_wconf 76' lang='grc' dir='ltr'><em>ὡσαύτως</em></span> <span class='ocrx_word' id='word_1_76' title='bbox 567 1085 626 1139; x_wconf 88' lang='grc' dir='ltr'><em>δε</em></span> <span class='ocrx_word' id='word_1_77' title='bbox 667 1086 758 1139; x_wconf 86' lang='grc' dir='ltr'><em>καὶ</em></span> <span class='ocrx_word' id='word_1_78' title='bbox 793 1081 1143 1154; x_wconf 87' lang='grc' dir='ltr'><em>Ιππόλυτος,</em></span> <span class='ocrx_word' id='word_1_79' title='bbox 1201 1085 1386 1155; x_wconf 86' lang='grc' dir='ltr'><em>ετέρας</em></span> <span class='ocrx_word' id='word_1_80' title='bbox 1425 1106 1534 1140; x_wconf 91' lang='grc' dir='ltr'><em>που</em></span> <span class='ocrx_word' id='word_1_81' title='bbox 1576 1085 1668 1140; x_wconf 85' lang='grc' dir='ltr'><em>καὶ</em></span> <span class='ocrx_word' id='word_1_82' title='bbox 1708 1079 1872 1151; x_wconf 79' lang='grc' dir='ltr'><em>αὐτὸς</em></span> 
     </span>
     <span class='ocr_line' id='line_1_13' title="bbox 261 1162 1869 1242; baseline -0.001 -16"><span class='ocrx_word' id='word_1_83' title='bbox 261 1165 537 1242; x_wconf 74' lang='grc' dir='ltr'><em>προεστώς</em></span> <span class='ocrx_word' id='word_1_84' title='bbox 571 1171 878 1238; x_wconf 75' lang='grc' dir='ltr'><em>ἐκκλησίας.</em></span> <span class='ocrx_word' id='word_1_85' title='bbox 942 1171 989 1223; x_wconf 80' lang='lat'><em>3.</em></span> <span class='ocrx_word' id='word_1_86' title='bbox 1024 1162 1167 1239; x_wconf 76' lang='grc' dir='ltr'><em>ἦλθε</em></span> <span class='ocrx_word' id='word_1_87' title='bbox 1201 1167 1263 1223; x_wconf 77' lang='grc' dir='ltr'><em>δὲ</em></span> <span class='ocrx_word' id='word_1_88' title='bbox 1295 1173 1372 1231; x_wconf 83' lang='grc' dir='ltr'><em>εἰς</em></span> <span class='ocrx_word' id='word_1_89' title='bbox 1403 1165 1547 1239; x_wconf 78' lang='grc' dir='ltr'><em>ἡμᾶς</em></span> <span class='ocrx_word' id='word_1_90' title='bbox 1578 1168 1669 1223; x_wconf 85' lang='grc' dir='ltr'><em>καὶ</em></span> <span class='ocrx_word' id='word_1_91' title='bbox 1693 1173 1869 1224; x_wconf 86' lang='grc' dir='ltr'><em>Γαΐου</em></span> 
     </span>
     <span class='ocr_line' id='line_1_14' title="bbox 260 1246 1874 1324; baseline 0 -16"><span class='ocrx_word' id='word_1_92' title='bbox 260 1250 595 1323; x_wconf 84' lang='grc' dir='ltr'><em>λογιωτατου</em></span> <span class='ocrx_word' id='word_1_93' title='bbox 627 1249 833 1323; x_wconf 81' lang='grc' dir='ltr'><em>ἀνδρὸς</em></span> <span class='ocrx_word' id='word_1_94' title='bbox 867 1249 1138 1322; x_wconf 88' lang='grc' dir='ltr'><em>διαλογος,</em></span> <span class='ocrx_word' id='word_1_95' title='bbox 1173 1252 1260 1307; x_wconf 86' lang='grc' dir='ltr'><em>ἐπὶ</em></span> <span class='ocrx_word' id='word_1_96' title='bbox 1287 1246 1492 1323; x_wconf 77' lang='grc' dir='ltr'><em>Ρώμης</em></span> <span class='ocrx_word' id='word_1_97' title='bbox 1525 1274 1661 1308; x_wconf 91' lang='grc' dir='ltr'><em>κατα</em></span> <span class='ocrx_word' id='word_1_98' title='bbox 1691 1259 1874 1324; x_wconf 86' lang='grc' dir='ltr'><em>Ζεφυ-</em></span> 
     </span>
     <span class='ocr_line' id='line_1_15' title="bbox 261 1333 1872 1409; baseline 0 -17"><span class='ocrx_word' id='word_1_99' title='bbox 261 1350 418 1407; x_wconf 87' lang='grc' dir='ltr'><em>ρῖνον</em></span> <span class='ocrx_word' id='word_1_100' title='bbox 477 1335 614 1408; x_wconf 84' lang='grc' dir='ltr'><em>πρὸς</em></span> <span class='ocrx_word' id='word_1_101' title='bbox 667 1333 926 1409; x_wconf 77' lang='grc' dir='ltr'><em>Πρόκλον</em></span> <span class='ocrx_word' id='word_1_102' title='bbox 983 1337 1079 1406; x_wconf 83' lang='grc' dir='ltr'><em>τῆς</em></span> <span class='ocrx_word' id='word_1_103' title='bbox 1140 1358 1275 1391; x_wconf 89' lang='grc' dir='ltr'><em>κατα</em></span> <span class='ocrx_word' id='word_1_104' title='bbox 1329 1333 1557 1408; x_wconf 81' lang='grc' dir='ltr'><em>Φρύγας</em></span> <span class='ocrx_word' id='word_1_105' title='bbox 1610 1338 1872 1408; x_wconf 79' lang='grc' dir='ltr'><em>αἱρέσεως</em></span> 
     </span>
    </p>
   </div>
   <div class='ocr_carea' id='block_1_3' title="bbox 200 1418 1961 1494">
    <p class='ocr_par' dir='ltr' id='par_1_3' title="bbox 200 1418 1961 1494">
     <span class='ocr_line' id='line_1_16' title="bbox 200 1418 1961 1494; baseline -0.001 -18"><span class='ocrx_word' id='word_1_106' title='bbox 200 1446 239 1477; x_wconf 85' lang='lat'><em>15</em></span> <span class='ocrx_word' id='word_1_107' title='bbox 262 1419 689 1493; x_wconf 80' lang='grc' dir='ltr'><em>ὑπερμαχοῦντα</em></span> <span class='ocrx_word' id='word_1_108' title='bbox 733 1420 1114 1491; x_wconf 78' lang='grc' dir='ltr'><em>κεκινημένος,</em></span> <span class='ocrx_word' id='word_1_109' title='bbox 1159 1423 1219 1476; x_wconf 91' lang='grc' dir='ltr'><em>ἐν</em></span> <span class='ocrx_word' id='word_1_110' title='bbox 1260 1442 1302 1494; x_wconf 78' lang='grc' dir='ltr'><em>ςο</em></span> <span class='ocrx_word' id='word_1_111' title='bbox 1343 1425 1454 1476; x_wconf 78' lang='grc' dir='ltr'><em>τῶν</em></span> <span class='ocrx_word' id='word_1_112' title='bbox 1497 1418 1569 1476; x_wconf 85' lang='grc' dir='ltr'><em>δι’</em></span> <span class='ocrx_word' id='word_1_113' title='bbox 1620 1422 1872 1486; x_wconf 80' lang='grc' dir='ltr'><em>ἐναντίας</em></span> <span class='ocrx_word' id='word_1_114' title='bbox 1957 1451 1961 1455; x_wconf 84' lang='grc'>·</span> 
     </span>
    </p>
   </div>
   <div class='ocr_carea' id='block_1_4' title="bbox 195 1502 1875 2925">
    <p class='ocr_par' dir='ltr' id='par_1_4' title="bbox 252 1502 1874 1831">
     <span class='ocr_line' id='line_1_17' title="bbox 258 1502 1873 1577; baseline 0 -16"><span class='ocrx_word' id='word_1_115' title='bbox 258 1503 360 1576; x_wconf 85' lang='grc' dir='ltr'><em>τὴν</em></span> <span class='ocrx_word' id='word_1_116' title='bbox 402 1506 536 1577; x_wconf 86' lang='grc' dir='ltr'><em>περὶ</em></span> <span class='ocrx_word' id='word_1_117' title='bbox 575 1503 635 1560; x_wconf 89' lang='grc' dir='ltr'><em>τὸ</em></span> <span class='ocrx_word' id='word_1_118' title='bbox 676 1522 999 1560; x_wconf 89' lang='grc' dir='ltr'><em>συνταττειν</em></span> <span class='ocrx_word' id='word_1_119' title='bbox 1052 1527 1244 1569; x_wconf 91' lang='grc' dir='ltr'><em>καινας</em></span> <span class='ocrx_word' id='word_1_120' title='bbox 1284 1527 1500 1576; x_wconf 86' lang='grc' dir='ltr'><em>γραφας</em></span> <span class='ocrx_word' id='word_1_121' title='bbox 1542 1502 1873 1576; x_wconf 83' lang='grc' dir='ltr'><em>προπέτειαν</em></span> 
     </span>
     <span class='ocr_line' id='line_1_18' title="bbox 258 1585 1872 1661; baseline 0.001 -16"><span class='ocrx_word' id='word_1_122' title='bbox 258 1612 316 1645; x_wconf 91' lang='grc' dir='ltr'><em>τε</em></span> <span class='ocrx_word' id='word_1_123' title='bbox 356 1590 448 1644; x_wconf 88' lang='grc' dir='ltr'><em>καὶ</em></span> <span class='ocrx_word' id='word_1_124' title='bbox 478 1587 685 1661; x_wconf 88' lang='grc' dir='ltr'><em>τόλμαν</em></span> <span class='ocrx_word' id='word_1_125' title='bbox 718 1591 1079 1661; x_wconf 78' lang='grc' dir='ltr'><em>ἐπιστομίζων</em></span> <span class='ocrx_word' id='word_1_126' title='bbox 1109 1591 1221 1644; x_wconf 72' lang='grc' dir='ltr'><em>τῶν</em></span> <span class='ocrx_word' id='word_1_127' title='bbox 1251 1590 1357 1644; x_wconf 77' lang='grc' dir='ltr'><em>τοῦ</em></span> <span class='ocrx_word' id='word_1_128' title='bbox 1381 1592 1532 1660; x_wconf 82' lang='grc' dir='ltr'><em>ἱεροῦ</em></span> <span class='ocrx_word' id='word_1_129' title='bbox 1563 1585 1872 1646; x_wconf 72' lang='grc' dir='ltr'><em>ἀποστόλου</em></span> 
     </span>
     <span class='ocr_line' id='line_1_19' title="bbox 262 1671 1874 1745; baseline 0 -16"><span class='ocrx_word' id='word_1_130' title='bbox 262 1675 565 1745; x_wconf 74' lang='grc' dir='ltr'><em>δεκατριῶν</em></span> <span class='ocrx_word' id='word_1_131' title='bbox 603 1671 790 1745; x_wconf 86' lang='grc' dir='ltr'><em>μόνων</em></span> <span class='ocrx_word' id='word_1_132' title='bbox 833 1675 1137 1729; x_wconf 79' lang='grc' dir='ltr'><em>ἐπιστολῶν</em></span> <span class='ocrx_word' id='word_1_133' title='bbox 1179 1673 1541 1744; x_wconf 84' lang='grc' dir='ltr'><em>μνημονεύει,</em></span> <span class='ocrx_word' id='word_1_134' title='bbox 1594 1671 1697 1744; x_wconf 86' lang='grc' dir='ltr'><em>τὴν</em></span> <span class='ocrx_word' id='word_1_135' title='bbox 1738 1672 1874 1743; x_wconf 88' lang='grc' dir='ltr'><em>πρὸς</em></span> 
     </span>
     <span class='ocr_line' id='line_1_20' title="bbox 252 1752 1872 1831; baseline -0.001 -17"><span class='ocrx_word' id='word_1_136' title='bbox 252 1752 540 1830; x_wconf 78' lang='grc' dir='ltr'><em>Ἑβραίους</em></span> <span class='ocrx_word' id='word_1_137' title='bbox 579 1756 653 1831; x_wconf 80' lang='grc' dir='ltr'><em>μὴ</em></span> <span class='ocrx_word' id='word_1_138' title='bbox 696 1755 1119 1829; x_wconf 83' lang='grc' dir='ltr'><em>συναριθμήσας</em></span> <span class='ocrx_word' id='word_1_139' title='bbox 1159 1770 1278 1822; x_wconf 86' lang='grc' dir='ltr'><em>ταῖς</em></span> <span class='ocrx_word' id='word_1_140' title='bbox 1321 1765 1566 1827; x_wconf 81' lang='grc' dir='ltr'><em>λοιπαῖς,</em></span> <span class='ocrx_word' id='word_1_141' title='bbox 1622 1759 1739 1813; x_wconf 84' lang='grc' dir='ltr'><em>ἐπεὶ</em></span> <span class='ocrx_word' id='word_1_142' title='bbox 1780 1758 1872 1813; x_wconf 85' lang='grc' dir='ltr'><em>καὶ</em></span> 
     </span>
    </p>

    <p class='ocr_par' dir='ltr' id='par_1_5' title="bbox 195 1837 1872 1999">
     <span class='ocr_line' id='line_1_21' title="bbox 195 1837 1872 1914; baseline 0.002 -20"><span class='ocrx_word' id='word_1_143' title='bbox 195 1864 238 1897; x_wconf 85' lang='lat'><em>20</em></span> <span class='ocrx_word' id='word_1_144' title='bbox 263 1847 339 1906; x_wconf 86' lang='grc' dir='ltr'><em>εἰς</em></span> <span class='ocrx_word' id='word_1_145' title='bbox 395 1843 557 1913; x_wconf 81' lang='grc' dir='ltr'><em>δεῦρο</em></span> <span class='ocrx_word' id='word_1_146' title='bbox 611 1839 758 1914; x_wconf 78' lang='grc' dir='ltr'><em>παρα</em></span> <span class='ocrx_word' id='word_1_147' title='bbox 797 1841 1079 1914; x_wconf 88' lang='grc' dir='ltr'><em>Ῥωμαίων</em></span> <span class='ocrx_word' id='word_1_148' title='bbox 1132 1842 1280 1897; x_wconf 89' lang='grc' dir='ltr'><em>τισὶν</em></span> <span class='ocrx_word' id='word_1_149' title='bbox 1331 1837 1397 1898; x_wconf 79' lang='grc' dir='ltr'><em>οὗ</em></span> <span class='ocrx_word' id='word_1_150' title='bbox 1450 1847 1723 1914; x_wconf 82' lang='grc' dir='ltr'><em>νομίζεται</em></span> <span class='ocrx_word' id='word_1_151' title='bbox 1773 1844 1872 1898; x_wconf 84' lang='grc' dir='ltr'><em>τοῦ</em></span> 
     </span>
     <span class='ocr_line' id='line_1_22' title="bbox 260 1924 918 1999; baseline 0.002 -18"><span class='ocrx_word' id='word_1_152' title='bbox 260 1924 575 1982; x_wconf 81' lang='grc' dir='ltr'><em>ἀποστόλου</em></span> <span class='ocrx_word' id='word_1_153' title='bbox 605 1924 918 1999; x_wconf 79' lang='grc' dir='ltr'><em>τυγχάνειν.</em></span> 
     </span>
    </p>

    <p class='ocr_par' dir='ltr' id='par_1_6' title="bbox 261 2005 1874 2250">
     <span class='ocr_line' id='line_1_23' title="bbox 387 2005 1874 2086; baseline -0.001 -19"><span class='ocrx_word' id='word_1_154' title='bbox 387 2019 510 2068; x_wconf 84' lang='grc' dir='ltr'>ΧΧΙ.</span> <span class='ocrx_word' id='word_1_155' title='bbox 570 2019 783 2085; x_wconf 39' lang='lat' dir='ltr'>[Nic2H.</span> <span class='ocrx_word' id='word_1_156' title='bbox 813 2021 866 2069; x_wconf 89' lang='lat' dir='ltr'><em>E.</em></span> <span class='ocrx_word' id='word_1_157' title='bbox 895 2022 957 2077; x_wconf 91' lang='lat' dir='ltr'><em>V,</em></span> <span class='ocrx_word' id='word_1_158' title='bbox 991 2017 1101 2086; x_wconf 62' lang='lat'><em>26]</em></span> <span class='ocrx_word' id='word_1_159' title='bbox 1188 2005 1351 2066; x_wconf 73' lang='grc' dir='ltr'><em>Ἀλλὰ</em></span> <span class='ocrx_word' id='word_1_160' title='bbox 1396 2007 1500 2082; x_wconf 76' lang='grc' dir='ltr'><em>γὰρ</em></span> <span class='ocrx_word' id='word_1_161' title='bbox 1540 2007 1874 2067; x_wconf 88' lang='grc' dir='ltr'><em>Ἀντωνῖνον</em></span> 
     </span>
     <span class='ocr_line' id='line_1_24' title="bbox 261 2091 1873 2165; baseline 0.001 -17"><span class='ocrx_word' id='word_1_162' title='bbox 261 2099 353 2164; x_wconf 83' lang='grc' dir='ltr'><em>ἔτη</em></span> <span class='ocrx_word' id='word_1_163' title='bbox 396 2091 806 2164; x_wconf 84' lang='grc' dir='ltr'><em>βασιλεύσαντα</em></span> <span class='ocrx_word' id='word_1_164' title='bbox 849 2091 983 2149; x_wconf 77' lang='grc' dir='ltr'><em>ἑπτα</em></span> <span class='ocrx_word' id='word_1_165' title='bbox 1014 2095 1106 2149; x_wconf 84' lang='grc' dir='ltr'><em>καὶ</em></span> <span class='ocrx_word' id='word_1_166' title='bbox 1136 2096 1313 2165; x_wconf 83' lang='grc' dir='ltr'><em>μῆνας</em></span> <span class='ocrx_word' id='word_1_167' title='bbox 1346 2097 1401 2161; x_wconf 73' lang='grc' dir='ltr'><em>ἓξ</em></span> <span class='ocrx_word' id='word_1_168' title='bbox 1433 2101 1724 2164; x_wconf 89' lang='grc' dir='ltr'><em>Μακρῖνος</em></span> <span class='ocrx_word' id='word_1_169' title='bbox 1758 2098 1873 2149; x_wconf 86' lang='grc' dir='ltr'><em>δια-</em></span> 
     </span>
     <span class='ocr_line' id='line_1_25' title="bbox 262 2171 1874 2250; baseline 0.002 -19"><span class='ocrx_word' id='word_1_170' title='bbox 262 2178 491 2248; x_wconf 88' lang='grc' dir='ltr'><em>δέχεται.</em></span> <span class='ocrx_word' id='word_1_171' title='bbox 552 2176 751 2233; x_wconf 84' lang='grc' dir='ltr'><em>τούτου</em></span> <span class='ocrx_word' id='word_1_172' title='bbox 786 2176 839 2232; x_wconf 89' lang='grc' dir='ltr'><em>δ’</em></span> <span class='ocrx_word' id='word_1_173' title='bbox 869 2175 951 2233; x_wconf 86' lang='grc' dir='ltr'><em>ἐπ’</em></span> <span class='ocrx_word' id='word_1_174' title='bbox 991 2175 1246 2234; x_wconf 87' lang='grc' dir='ltr'><em>ἐνιαυτὸν</em></span> <span class='ocrx_word' id='word_1_175' title='bbox 1277 2178 1675 2250; x_wconf 79' lang='grc' dir='ltr'><em>διαγενομένου</em></span> <span class='ocrx_word' id='word_1_176' title='bbox 1707 2171 1874 2244; x_wconf 74' lang='grc' dir='ltr'><em>αὖθις</em></span> 
     </span>
    </p>

    <p class='ocr_par' dir='ltr' id='par_1_7' title="bbox 196 2258 1875 2673">
     <span class='ocr_line' id='line_1_26' title="bbox 196 2258 1874 2335; baseline 0.002 -20"><span class='ocrx_word' id='word_1_177' title='bbox 196 2283 239 2315; x_wconf 76' lang='lat'><em>25</em></span> <span class='ocrx_word' id='word_1_178' title='bbox 264 2263 448 2334; x_wconf 79' lang='grc' dir='ltr'><em>ἕτερος</em></span> <span class='ocrx_word' id='word_1_179' title='bbox 471 2258 798 2326; x_wconf 88' lang='grc' dir='ltr'><em>Ἀντωνῖνος</em></span> <span class='ocrx_word' id='word_1_180' title='bbox 827 2258 928 2333; x_wconf 82' lang='grc' dir='ltr'><em>τὴν</em></span> <span class='ocrx_word' id='word_1_181' title='bbox 950 2259 1229 2333; x_wconf 87' lang='grc' dir='ltr'><em>Ῥωμαίων</em></span> <span class='ocrx_word' id='word_1_182' title='bbox 1259 2260 1559 2335; x_wconf 80' lang='grc' dir='ltr'><em>ἡγεμονίαν</em></span> <span class='ocrx_word' id='word_1_183' title='bbox 1589 2269 1874 2335; x_wconf 82' lang='grc' dir='ltr'><em>παραλαμ·</em></span> 
     </span>
     <span class='ocr_line' id='line_1_27' title="bbox 263 2335 1875 2419; baseline 0.002 -19"><span class='ocrx_word' id='word_1_184' title='bbox 263 2343 450 2415; x_wconf 80' lang='grc' dir='ltr'><em>βάνει,</em></span> <span class='ocrx_word' id='word_1_185' title='bbox 497 2335 563 2400; x_wconf 78' lang='grc' dir='ltr'><em>οὗ</em></span> <span class='ocrx_word' id='word_1_186' title='bbox 602 2344 737 2402; x_wconf 79' lang='grc' dir='ltr'><em>κατὰ</em></span> <span class='ocrx_word' id='word_1_187' title='bbox 781 2344 840 2400; x_wconf 78' lang='grc' dir='ltr'><em>τὸ</em></span> <span class='ocrx_word' id='word_1_188' title='bbox 882 2347 1104 2419; x_wconf 70' lang='grc' dir='ltr'><em>πρῶτον</em></span> <span class='ocrx_word' id='word_1_189' title='bbox 1136 2350 1254 2410; x_wconf 82' lang='grc' dir='ltr'><em>ἔτος</em></span> <span class='ocrx_word' id='word_1_190' title='bbox 1284 2341 1312 2401; x_wconf 81' lang='grc' dir='ltr'><em>ὅ</em></span> <span class='ocrx_word' id='word_1_191' title='bbox 1338 2345 1620 2419; x_wconf 87' lang='grc' dir='ltr'><em>Ῥωμαίων</em></span> <span class='ocrx_word' id='word_1_192' title='bbox 1653 2350 1875 2404; x_wconf 86' lang='grc' dir='ltr'><em>ἐπίσκο-</em></span> 
     </span>
     <span class='ocr_line' id='line_1_28' title="bbox 261 2427 1874 2502; baseline 0.001 -17"><span class='ocrx_word' id='word_1_193' title='bbox 261 2451 361 2495; x_wconf 89' lang='grc' dir='ltr'><em>πος</em></span> <span class='ocrx_word' id='word_1_194' title='bbox 392 2437 704 2501; x_wconf 85' lang='grc' dir='ltr'><em>Ζεφυρῖνος</em></span> <span class='ocrx_word' id='word_1_195' title='bbox 735 2427 1088 2501; x_wconf 73' lang='grc' dir='ltr'><em>μεταλλάττει</em></span> <span class='ocrx_word' id='word_1_196' title='bbox 1120 2428 1216 2485; x_wconf 87' lang='grc' dir='ltr'><em>τὸν</em></span> <span class='ocrx_word' id='word_1_197' title='bbox 1247 2435 1401 2502; x_wconf 87' lang='grc' dir='ltr'><em>βίον,</em></span> <span class='ocrx_word' id='word_1_198' title='bbox 1433 2428 1579 2497; x_wconf 75' lang='grc' dir='ltr'><em>ὅλοις</em></span> <span class='ocrx_word' id='word_1_199' title='bbox 1609 2428 1874 2487; x_wconf 82' lang='grc' dir='ltr'><em>ὀκτωκαί-</em></span> 
     </span>
     <span class='ocr_line' id='line_1_29' title="bbox 263 2509 1869 2588; baseline 0.001 -20"><span class='ocrx_word' id='word_1_200' title='bbox 263 2517 396 2568; x_wconf 88' lang='grc' dir='ltr'><em>δεκα</em></span> <span class='ocrx_word' id='word_1_201' title='bbox 443 2511 824 2586; x_wconf 74' lang='grc' dir='ltr'><em>διακατασχών</em></span> <span class='ocrx_word' id='word_1_202' title='bbox 868 2519 1011 2570; x_wconf 82' lang='grc' dir='ltr'><em>ἔτεσι</em></span> <span class='ocrx_word' id='word_1_203' title='bbox 1051 2511 1154 2585; x_wconf 81' lang='grc' dir='ltr'><em>τὴν</em></span> <span class='ocrx_word' id='word_1_204' title='bbox 1193 2521 1559 2588; x_wconf 90' lang='grc' dir='ltr'><em>λειτουργίαν.</em></span> <span class='ocrx_word' id='word_1_205' title='bbox 1643 2518 1691 2571; x_wconf 80' lang='grc'><em>2.</em></span> <span class='ocrx_word' id='word_1_206' title='bbox 1737 2509 1869 2586; x_wconf 81' lang='grc' dir='ltr'><em>μεθ’</em></span> 
     </span>
     <span class='ocr_line' id='line_1_30' title="bbox 262 2590 1872 2673; baseline 0 -20"><span class='ocrx_word' id='word_1_207' title='bbox 262 2593 329 2654; x_wconf 79' lang='grc' dir='ltr'><em>ὃν</em></span> <span class='ocrx_word' id='word_1_208' title='bbox 360 2596 663 2663; x_wconf 79' lang='grc' dir='ltr'><em>Κάλλιστος</em></span> <span class='ocrx_word' id='word_1_209' title='bbox 694 2598 794 2670; x_wconf 89' lang='grc' dir='ltr'><em>τὴν</em></span> <span class='ocrx_word' id='word_1_210' title='bbox 827 2597 1131 2670; x_wconf 80' lang='grc' dir='ltr'><em>ἐπισκοπὴν</em></span> <span class='ocrx_word' id='word_1_211' title='bbox 1163 2599 1528 2673; x_wconf 85' lang='grc' dir='ltr'><em>ἐγχειρίζεται,</em></span> <span class='ocrx_word' id='word_1_212' title='bbox 1560 2590 1618 2665; x_wconf 72' lang='grc' dir='ltr'><em>ὃς</em></span> <span class='ocrx_word' id='word_1_213' title='bbox 1651 2596 1872 2670; x_wconf 77' lang='grc' dir='ltr'><em>ἐπιβιώ-</em></span> 
     </span>
    </p>

    <p class='ocr_par' dir='ltr' id='par_1_8' title="bbox 200 2680 1873 2925">
     <span class='ocr_line' id='line_1_31' title="bbox 200 2680 1872 2758; baseline 0.002 -23"><span class='ocrx_word' id='word_1_214' title='bbox 200 2705 244 2736; x_wconf 86' lang='lat'><em>30</em></span> <span class='ocrx_word' id='word_1_215' title='bbox 268 2699 367 2749; x_wconf 89' lang='grc' dir='ltr'><em>σας</em></span> <span class='ocrx_word' id='word_1_216' title='bbox 400 2687 578 2738; x_wconf 84' lang='grc' dir='ltr'><em>ἔτεσιν</em></span> <span class='ocrx_word' id='word_1_217' title='bbox 608 2684 772 2738; x_wconf 82' lang='grc' dir='ltr'><em>πέντε</em></span> <span class='ocrx_word' id='word_1_218' title='bbox 807 2680 1084 2757; x_wconf 72' lang='grc' dir='ltr'><em>Οὗρβανςό</em></span> <span class='ocrx_word' id='word_1_219' title='bbox 1115 2681 1216 2754; x_wconf 86' lang='grc' dir='ltr'><em>τὴν</em></span> <span class='ocrx_word' id='word_1_220' title='bbox 1247 2688 1596 2758; x_wconf 89' lang='grc' dir='ltr'><em>λειτουργίαν</em></span> <span class='ocrx_word' id='word_1_221' title='bbox 1625 2687 1872 2739; x_wconf 83' lang='grc' dir='ltr'><em>καταλεί-</em></span> 
     </span>
     <span class='ocr_line' id='line_1_32' title="bbox 263 2763 1873 2840; baseline 0.001 -19"><span class='ocrx_word' id='word_1_222' title='bbox 263 2787 367 2822; x_wconf 88' lang='grc' dir='ltr'><em>πει.</em></span> <span class='ocrx_word' id='word_1_223' title='bbox 430 2765 783 2839; x_wconf 74' lang='grc' dir='ltr'><em>αὐτοκράτωρ</em></span> <span class='ocrx_word' id='word_1_224' title='bbox 811 2763 1166 2839; x_wconf 76' lang='grc' dir='ltr'><em>Ἀλέξανδρος</em></span> <span class='ocrx_word' id='word_1_225' title='bbox 1199 2768 1285 2824; x_wconf 83' lang='grc' dir='ltr'><em>ἐπὶ</em></span> <span class='ocrx_word' id='word_1_226' title='bbox 1318 2766 1530 2834; x_wconf 84' lang='grc' dir='ltr'><em>τούτοις</em></span> <span class='ocrx_word' id='word_1_227' title='bbox 1564 2768 1873 2840; x_wconf 87' lang='grc' dir='ltr'><em>διαδέχεται</em></span> 
     </span>
     <span class='ocr_line' id='line_1_33' title="bbox 261 2847 1872 2925; baseline 0.001 -21"><span class='ocrx_word' id='word_1_228' title='bbox 261 2849 362 2921; x_wconf 87' lang='grc' dir='ltr'><em>τὴν</em></span> <span class='ocrx_word' id='word_1_229' title='bbox 405 2847 687 2923; x_wconf 85' lang='grc' dir='ltr'><em>Ῥωμαίων</em></span> <span class='ocrx_word' id='word_1_230' title='bbox 746 2848 950 2924; x_wconf 79' lang='grc' dir='ltr'><em>ἀρχὴν,</em></span> <span class='ocrx_word' id='word_1_231' title='bbox 1013 2852 1102 2907; x_wconf 85' lang='grc' dir='ltr'><em>ἐπὶ</em></span> <span class='ocrx_word' id='word_1_232' title='bbox 1153 2852 1402 2925; x_wconf 83' lang='grc' dir='ltr'><em>τέτταρσι</em></span> <span class='ocrx_word' id='word_1_233' title='bbox 1455 2851 1642 2925; x_wconf 90' lang='grc' dir='ltr'><em>μόνοις</em></span> <span class='ocrx_word' id='word_1_234' title='bbox 1695 2856 1872 2908; x_wconf 79' lang='grc' dir='ltr'><em>ἔτεσιν</em></span> 
     </span>
    </p>
   </div>
  </div>
 </body>
</html>
